{"index": {"_index":"leo","_id":"1223918"}}
	{"id":1223918,"type":"sell","buyer":"enginemaker","seller":"brofi-market","symbol":"LEO","quantity":"0.316","price":"0.68451001","timestamp":1626405462,"volume":"0.21630516","buyTxId":"MM-P-8693070-55673334-3-1-0","sellTxId":"90b9ce904f82375adbe96e365f4376ce2c0c17ba"}
{"index": {"_index":"leo","_id":"1223942"}}
	{"id":1223942,"type":"buy","buyer":"trumpman","seller":"mmrx","symbol":"LEO","quantity":"2.806","price":"0.69969968","timestamp":1626405846,"volume":"1.96335730","buyTxId":"6882b325a5d6c4a4fe27406e8f6d4497e58917dc","sellTxId":"MM-P-8701292-55681599-3-38-0"}
{"index": {"_index":"leo","_id":"1223943"}}
	{"id":1223943,"type":"sell","buyer":"trumpman","seller":"toni.curation","symbol":"LEO","quantity":"1.441","price":"0.69969968","timestamp":1626405852,"volume":"1.00826724","buyTxId":"6882b325a5d6c4a4fe27406e8f6d4497e58917dc","sellTxId":"f164960219fd687cee59bf6d21613512fe904ba7-1"}
{"index": {"_index":"leo","_id":"1223972"}}
	{"id":1223972,"type":"sell","buyer":"trumpman","seller":"amigareaction","symbol":"LEO","quantity":"0.001","price":"0.69969968","timestamp":1626407052,"volume":"0.00069970","buyTxId":"6882b325a5d6c4a4fe27406e8f6d4497e58917dc","sellTxId":"86236042380e09858377780e51f6d82e375dee9d"}
{"index": {"_index":"leo","_id":"1223986"}}
	{"id":1223986,"type":"buy","buyer":"forexbrokr","seller":"amigareaction","symbol":"LEO","quantity":"0.123","price":"0.69969000","timestamp":1626407844,"volume":"0.08606187","buyTxId":"1795bdb0607786789e968193d4a04527f7643bfc","sellTxId":"86236042380e09858377780e51f6d82e375dee9d"}
{"index": {"_index":"leo","_id":"1223987"}}
	{"id":1223987,"type":"sell","buyer":"forexbrokr","seller":"toni.curation","symbol":"LEO","quantity":"3.026","price":"0.69969000","timestamp":1626407850,"volume":"2.11726194","buyTxId":"1795bdb0607786789e968193d4a04527f7643bfc","sellTxId":"16770402da8c6826082d67a0ee68b668dc30b728-1"}
{"index": {"_index":"leo","_id":"1224012"}}
	{"id":1224012,"type":"sell","buyer":"forexbrokr","seller":"pouchon","symbol":"LEO","quantity":"0.002","price":"0.69969000","timestamp":1626408522,"volume":"0.00139938","buyTxId":"1795bdb0607786789e968193d4a04527f7643bfc","sellTxId":"fd4d9ef84224db115a047fe5b4acb5e9292e689d"}
{"index": {"_index":"leo","_id":"1224013"}}
	{"id":1224013,"type":"sell","buyer":"mmrx","seller":"pouchon","symbol":"LEO","quantity":"1.670","price":"0.68451002","timestamp":1626408522,"volume":"1.14313173","buyTxId":"MM-P-8701491-55681799-3-38-0","sellTxId":"fd4d9ef84224db115a047fe5b4acb5e9292e689d"}
{"index": {"_index":"leo","_id":"1224014"}}
	{"id":1224014,"type":"sell","buyer":"enginemaker","seller":"pouchon","symbol":"LEO","quantity":"40.491","price":"0.68451001","timestamp":1626408522,"volume":"27.71649481","buyTxId":"MM-P-8693070-55673334-3-1-0","sellTxId":"fd4d9ef84224db115a047fe5b4acb5e9292e689d"}
{"index": {"_index":"leo","_id":"1224015"}}
	{"id":1224015,"type":"sell","buyer":"ripazha","seller":"pouchon","symbol":"LEO","quantity":"19.584","price":"0.67574073","timestamp":1626408522,"volume":"13.23370646","buyTxId":"ab6d8835bc6082a6eab9d0c61fe8ae466c68fccf-3","sellTxId":"fd4d9ef84224db115a047fe5b4acb5e9292e689d"}
{"index": {"_index":"leo","_id":"1224027"}}
	{"id":1224027,"type":"sell","buyer":"enginemaker","seller":"thatcryptodave","symbol":"LEO","quantity":"1.892","price":"0.67396365","timestamp":1626408882,"volume":"1.27513923","buyTxId":"MM-P-8702287-55682597-3-1-0","sellTxId":"8c3ba28b9cb5209bc2b70eafb71d9a8f6f0a6c19"}
{"index": {"_index":"leo","_id":"1224057"}}
	{"id":1224057,"type":"sell","buyer":"enginemaker","seller":"ambarvegas","symbol":"LEO","quantity":"1.027","price":"0.67554611","timestamp":1626409512,"volume":"0.69378585","buyTxId":"MM-P-8702485-55682797-3-1-0","sellTxId":"a4eb8ca07be5f35cb1091f7075dfafa910f08899"}
{"index": {"_index":"leo","_id":"1224103"}}
	{"id":1224103,"type":"buy","buyer":"master-lamps","seller":"mmrx","symbol":"LEO","quantity":"0.107","price":"0.69969968","timestamp":1626410421,"volume":"0.07486787","buyTxId":"393497795cdc293a8604c55fee5f6bda3b94f001","sellTxId":"MM-P-8702386-55682697-3-38-0"}
{"index": {"_index":"leo","_id":"1224209"}}
	{"id":1224209,"type":"buy","buyer":"steemstreems","seller":"mmrx","symbol":"LEO","quantity":"1.563","price":"0.69969968","timestamp":1626413178,"volume":"1.09363060","buyTxId":"e1a575dc129540930112124edd82f7c74a66127d","sellTxId":"MM-P-8702386-55682697-3-38-0"}
{"index": {"_index":"leo","_id":"1224210"}}
	{"id":1224210,"type":"sell","buyer":"steemstreems","seller":"toni.curation","symbol":"LEO","quantity":"0.311","price":"0.69969968","timestamp":1626413184,"volume":"0.21760660","buyTxId":"e1a575dc129540930112124edd82f7c74a66127d","sellTxId":"247a4bfaa191794ea1ab8bc776b023efbe713ad0-1"}
{"index": {"_index":"leo","_id":"1224211"}}
	{"id":1224211,"type":"buy","buyer":"steemstreems","seller":"brofi-market","symbol":"LEO","quantity":"0.002","price":"0.69969969","timestamp":1626413325,"volume":"0.00139940","buyTxId":"10e95a5c46d040e48f98a80068a5d7c09dc3c0c0","sellTxId":"c262f5020718c65f2ab3b2ec2f4db986c5b09ee7"}
{"index": {"_index":"leo","_id":"1224228"}}
	{"id":1224228,"type":"buy","buyer":"justinparke","seller":"brofi-market","symbol":"LEO","quantity":"0.314","price":"0.69969969","timestamp":1626413817,"volume":"0.21970570","buyTxId":"e7aef703737f2811884cd974047ed852716b5234","sellTxId":"c262f5020718c65f2ab3b2ec2f4db986c5b09ee7"}
{"index": {"_index":"leo","_id":"1224229"}}
	{"id":1224229,"type":"buy","buyer":"justinparke","seller":"enginemaker","symbol":"LEO","quantity":"81.386","price":"0.69969970","timestamp":1626413817,"volume":"56.94575978","buyTxId":"e7aef703737f2811884cd974047ed852716b5234","sellTxId":"MM-P-8697428-55677717-3-1-0"}
{"index": {"_index":"leo","_id":"1224230"}}
	{"id":1224230,"type":"buy","buyer":"justinparke","seller":"tin.aung.soe","symbol":"LEO","quantity":"25.109","price":"0.70000000","timestamp":1626413817,"volume":"17.57657036","buyTxId":"e7aef703737f2811884cd974047ed852716b5234","sellTxId":"14047ecc822388e62076f2c6a1f3c2cd987579e2"}
{"index": {"_index":"leo","_id":"1224260"}}
	{"id":1224260,"type":"sell","buyer":"mmrx","seller":"archon-drips","symbol":"LEO","quantity":"1.595","price":"0.67554612","timestamp":1626414195,"volume":"1.07749606","buyTxId":"MM-P-8703981-55684294-3-38-0","sellTxId":"6ea7666fea77aca052aa3342d889d4cdff616c29"}
{"index": {"_index":"leo","_id":"1224293"}}
	{"id":1224293,"type":"sell","buyer":"mmrx","seller":"archon-drips","symbol":"LEO","quantity":"3.456","price":"0.67554612","timestamp":1626415251,"volume":"2.33468739","buyTxId":"MM-P-8703981-55684294-3-38-0","sellTxId":"e10994b14853b2bd909181882d6e9e0aa046cac8"}
{"index": {"_index":"leo","_id":"1224308"}}
	{"id":1224308,"type":"buy","buyer":"finguru","seller":"mmrx","symbol":"LEO","quantity":"5.051","price":"0.69999998","timestamp":1626415848,"volume":"3.53569990","buyTxId":"15aef4747fcafa85abd404ecb3e4a46fb318d68e","sellTxId":"MM-P-8704479-55684794-3-38-0"}
{"index": {"_index":"leo","_id":"1224309"}}
	{"id":1224309,"type":"sell","buyer":"finguru","seller":"konvik","symbol":"LEO","quantity":"13.570","price":"0.69999998","timestamp":1626415851,"volume":"9.49899973","buyTxId":"15aef4747fcafa85abd404ecb3e4a46fb318d68e","sellTxId":"979ae89a9101e6b10bdb2a9ef3e4e78178235b30-1"}
{"index": {"_index":"leo","_id":"1224310"}}
	{"id":1224310,"type":"sell","buyer":"finguru","seller":"toni.curation","symbol":"LEO","quantity":"0.014","price":"0.69999998","timestamp":1626415854,"volume":"0.00980000","buyTxId":"15aef4747fcafa85abd404ecb3e4a46fb318d68e","sellTxId":"552b9062f39ee76fcbbcf429b96869f68d771821-1"}
{"index": {"_index":"leo","_id":"1224312"}}
	{"id":1224312,"type":"sell","buyer":"mmrx","seller":"kolbjorn","symbol":"LEO","quantity":"0.553","price":"0.67554612","timestamp":1626415902,"volume":"0.37357700","buyTxId":"MM-P-8703981-55684294-3-38-0","sellTxId":"551025747484332b46bb2b2856bcbe65f15c0ddf"}
{"index": {"_index":"leo","_id":"1224313"}}
	{"id":1224313,"type":"sell","buyer":"enginemaker","seller":"kolbjorn","symbol":"LEO","quantity":"7.648","price":"0.67554611","timestamp":1626415902,"volume":"5.16657665","buyTxId":"MM-P-8702485-55682797-3-1-0","sellTxId":"551025747484332b46bb2b2856bcbe65f15c0ddf"}
{"index": {"_index":"leo","_id":"1224335"}}
	{"id":1224335,"type":"sell","buyer":"mmrx","seller":"archon-drips","symbol":"LEO","quantity":"0.001","price":"0.67554612","timestamp":1626416739,"volume":"0.00067555","buyTxId":"MM-P-8704779-55685094-3-38-0","sellTxId":"edbf0791786228252f461f8c3b9f8484390a0b94"}
{"index": {"_index":"leo","_id":"1224342"}}
	{"id":1224342,"type":"sell","buyer":"mmrx","seller":"cryptopoints","symbol":"LEO","quantity":"6.037","price":"0.67554612","timestamp":1626417201,"volume":"4.07827192","buyTxId":"MM-P-8704779-55685094-3-38-0","sellTxId":"96396bd8d82c96cfd37644d2cd3b39cb9b867675"}
{"index": {"_index":"leo","_id":"1224343"}}
	{"id":1224343,"type":"sell","buyer":"enginemaker","seller":"cryptopoints","symbol":"LEO","quantity":"38.863","price":"0.67554611","timestamp":1626417201,"volume":"26.25374847","buyTxId":"MM-P-8702485-55682797-3-1-0","sellTxId":"96396bd8d82c96cfd37644d2cd3b39cb9b867675"}
{"index": {"_index":"leo","_id":"1224347"}}
	{"id":1224347,"type":"buy","buyer":"captainquack22","seller":"joshh71390","symbol":"LEO","quantity":"35.000","price":"0.69700000","timestamp":1626417363,"volume":"24.39500000","buyTxId":"25cd70aee6680af46dc65d76d42af61ec52c0b30","sellTxId":"9d23ca677d080c03b20cd8a045d4953a6aa3d527"}
{"index": {"_index":"leo","_id":"1224348"}}
	{"id":1224348,"type":"buy","buyer":"captainquack22","seller":"archon-drips","symbol":"LEO","quantity":"3.456","price":"0.69999999","timestamp":1626417363,"volume":"2.41919997","buyTxId":"25cd70aee6680af46dc65d76d42af61ec52c0b30","sellTxId":"741b0e182e75ccc7a7fc53f7c54743dec4f60777"}
{"index": {"_index":"leo","_id":"1224349"}}
	{"id":1224349,"type":"buy","buyer":"captainquack22","seller":"archon-drips","symbol":"LEO","quantity":"0.001","price":"0.69999999","timestamp":1626417363,"volume":"0.00070000","buyTxId":"25cd70aee6680af46dc65d76d42af61ec52c0b30","sellTxId":"8cf1271c53604035e852edf36fc5583145acc777"}
{"index": {"_index":"leo","_id":"1224350"}}
	{"id":1224350,"type":"buy","buyer":"captainquack22","seller":"tin.aung.soe","symbol":"LEO","quantity":"74.891","price":"0.70000000","timestamp":1626417363,"volume":"52.42370000","buyTxId":"25cd70aee6680af46dc65d76d42af61ec52c0b30","sellTxId":"14047ecc822388e62076f2c6a1f3c2cd987579e2"}
{"index": {"_index":"leo","_id":"1224351"}}
	{"id":1224351,"type":"buy","buyer":"captainquack22","seller":"archon-drips","symbol":"LEO","quantity":"1.595","price":"0.70000000","timestamp":1626417363,"volume":"1.11650000","buyTxId":"25cd70aee6680af46dc65d76d42af61ec52c0b30","sellTxId":"cede4692e3558fc3edc5238226d04242b4ed64c0"}
{"index": {"_index":"leo","_id":"1224352"}}
	{"id":1224352,"type":"buy","buyer":"captainquack22","seller":"dt4","symbol":"LEO","quantity":"10.270","price":"0.70813000","timestamp":1626417363,"volume":"7.27249510","buyTxId":"25cd70aee6680af46dc65d76d42af61ec52c0b30","sellTxId":"592067f2719dc451ea7fed7eea2e15dd62e8076d"}
{"index": {"_index":"leo","_id":"1224353"}}
	{"id":1224353,"type":"buy","buyer":"captainquack22","seller":"nickyhavey","symbol":"LEO","quantity":"100.000","price":"0.71000000","timestamp":1626417363,"volume":"71.00000000","buyTxId":"25cd70aee6680af46dc65d76d42af61ec52c0b30","sellTxId":"ea44f5b865954c2284a49f9953bcf9a4a2d54d59"}
{"index": {"_index":"leo","_id":"1224354"}}
	{"id":1224354,"type":"sell","buyer":"captainquack22","seller":"konvik","symbol":"LEO","quantity":"464.326","price":"0.71000000","timestamp":1626417366,"volume":"329.67146000","buyTxId":"25cd70aee6680af46dc65d76d42af61ec52c0b30","sellTxId":"6e1f401b6777e0a6538f97bf285b4a364e0b13d1-1"}
{"index": {"_index":"leo","_id":"1224355"}}
	{"id":1224355,"type":"sell","buyer":"captainquack22","seller":"toni.curation","symbol":"LEO","quantity":"0.461","price":"0.71000000","timestamp":1626417369,"volume":"0.32731000","buyTxId":"25cd70aee6680af46dc65d76d42af61ec52c0b30","sellTxId":"7d033765de6b7f2165075d37c459b44668dc599e-1"}
{"index": {"_index":"leo","_id":"1224358"}}
	{"id":1224358,"type":"buy","buyer":"trumpman","seller":"mmrx","symbol":"LEO","quantity":"6.591","price":"0.70998999","timestamp":1626417546,"volume":"4.67954402","buyTxId":"da28220c32f20b7541682b2f4c66bca9956479bf","sellTxId":"MM-P-8705178-55685493-3-38-0"}
{"index": {"_index":"leo","_id":"1224359"}}
	{"id":1224359,"type":"sell","buyer":"trumpman","seller":"konvik","symbol":"LEO","quantity":"15.393","price":"0.70998999","timestamp":1626417549,"volume":"10.92887592","buyTxId":"da28220c32f20b7541682b2f4c66bca9956479bf","sellTxId":"776d48cda540727b38d4f17a0be7b78c7ebe0509-1"}
{"index": {"_index":"leo","_id":"1224380"}}
	{"id":1224380,"type":"sell","buyer":"trumpman","seller":"joshh71390","symbol":"LEO","quantity":"0.016","price":"0.70998999","timestamp":1626418131,"volume":"0.01135984","buyTxId":"da28220c32f20b7541682b2f4c66bca9956479bf","sellTxId":"f652ee721339b32f4ac47892d62bdd79afbbf899"}
{"index": {"_index":"leo","_id":"1224396"}}
	{"id":1224396,"type":"sell","buyer":"pi-trader","seller":"eturnerx","symbol":"LEO","quantity":"3.875","price":"0.67600001","timestamp":1626418728,"volume":"2.61950004","buyTxId":"eaf29f1a2a7d16832b5f1b477e1404c2e40dc9ab-1","sellTxId":"921baf0d93f37d59580150ecc6d24a9804aa1752"}
{"index": {"_index":"leo","_id":"1224413"}}
	{"id":1224413,"type":"sell","buyer":"pi-trader","seller":"toofasteddie","symbol":"LEO","quantity":"2.549","price":"0.67600001","timestamp":1626419571,"volume":"1.72312403","buyTxId":"8c65275300484ceb2b24232dbe150b7e092d669e-1","sellTxId":"e7ee4a4e5ec810ac83ce6ea59ec86f850eea0a40"}
{"index": {"_index":"leo","_id":"1224422"}}
	{"id":1224422,"type":"sell","buyer":"pi-trader","seller":"freevoluntarist","symbol":"LEO","quantity":"0.010","price":"0.67600001","timestamp":1626420084,"volume":"0.00676000","buyTxId":"aad835dc5c886f379cf8dbc6aa59742b24e6b400-1","sellTxId":"2adc42c1bd708a027ba2811fa9e4c948e1d32c66"}
{"index": {"_index":"leo","_id":"1224460"}}
	{"id":1224460,"type":"buy","buyer":"lionsuit","seller":"joshh71390","symbol":"LEO","quantity":"0.299","price":"0.70500000","timestamp":1626421350,"volume":"0.21079500","buyTxId":"c42f8697d2216cbf7177779e9a4708f8f476e78f","sellTxId":"f652ee721339b32f4ac47892d62bdd79afbbf899"}
{"index": {"_index":"leo","_id":"1224466"}}
	{"id":1224466,"type":"sell","buyer":"pi-trader","seller":"steevc","symbol":"LEO","quantity":"3.000","price":"0.67600001","timestamp":1626421671,"volume":"2.02800003","buyTxId":"ab175da926fa25680fe5fa79db0f1a6a73902441-1","sellTxId":"a27163709d3046fe3c1a1911b1bc7e82202ab26c"}
{"index": {"_index":"leo","_id":"1224487"}}
	{"id":1224487,"type":"sell","buyer":"pi-trader","seller":"oks2crypto","symbol":"LEO","quantity":"0.061","price":"0.67600001","timestamp":1626422469,"volume":"0.04123600","buyTxId":"69833914e3e267bdc4e236b9da68a49289e4acdf-1","sellTxId":"30450ae334ec35ed3d424e9d3c4ef9a49d75d6bf"}
{"index": {"_index":"leo","_id":"1224530"}}
	{"id":1224530,"type":"sell","buyer":"pi-trader","seller":"liotes.fund","symbol":"LEO","quantity":"10.000","price":"0.67600001","timestamp":1626424647,"volume":"6.76000010","buyTxId":"823c9a2052433f315b2017c33e71b33368eede9c-1","sellTxId":"9d06b31fa00f091177353580b8bf6a1688beafcf"}
{"index": {"_index":"leo","_id":"1224531"}}
	{"id":1224531,"type":"sell","buyer":"joshh71390","seller":"liotes.fund","symbol":"LEO","quantity":"14.983","price":"0.67600000","timestamp":1626424647,"volume":"10.12850800","buyTxId":"fba7a3b9e666526519e656eeb9c059266b7f6c17","sellTxId":"9d06b31fa00f091177353580b8bf6a1688beafcf"}
{"index": {"_index":"leo","_id":"1224532"}}
	{"id":1224532,"type":"sell","buyer":"pi-trader","seller":"savvyplayer","symbol":"LEO","quantity":"3.657","price":"0.67600001","timestamp":1626424791,"volume":"2.47213204","buyTxId":"1d0ec20e8a467962b4d3ddb3224d77c8bc3af851","sellTxId":"ae3a5f99eb0cf92fb0a55d36d9f86a371ee2270c"}
{"index": {"_index":"leo","_id":"1224667"}}
	{"id":1224667,"type":"sell","buyer":"pi-trader","seller":"buildahouse","symbol":"LEO","quantity":"0.034","price":"0.67607079","timestamp":1626429204,"volume":"0.02298641","buyTxId":"084e2369f25ff3e77ac486209fd2305aa80fa26d-1","sellTxId":"913286e56f7861aa31518a118b51b0bc2044d69e"}
{"index": {"_index":"leo","_id":"1224677"}}
	{"id":1224677,"type":"sell","buyer":"pi-trader","seller":"toofasteddie","symbol":"LEO","quantity":"4.450","price":"0.67607079","timestamp":1626429645,"volume":"3.00851502","buyTxId":"16035a33c6766da5bd41028ed60b98b890f469e2-1","sellTxId":"862b3117a10415ef0e8fa6ca0e9206d003f62ee3"}
{"index": {"_index":"leo","_id":"1224702"}}
	{"id":1224702,"type":"buy","buyer":"melbourneswest","seller":"enginemaker","symbol":"LEO","quantity":"4.258","price":"0.70449000","timestamp":1626430878,"volume":"3","buyTxId":"eaa02c706901a2afba401a458cc1ba5019eeb8a6","sellTxId":"MM-P-8708446-55688786-3-1-1"}
{"index": {"_index":"leo","_id":"1224727"}}
	{"id":1224727,"type":"sell","buyer":"pi-trader","seller":"tcpaikano","symbol":"LEO","quantity":"0.382","price":"0.67664186","timestamp":1626431781,"volume":"0.25847719","buyTxId":"980d025e35803e47f4a4926809a79b8d0997bc2d-1","sellTxId":"3c86fca712726d5bfdc21c65213f7c1d6a7c40ed"}
{"index": {"_index":"leo","_id":"1224752"}}
	{"id":1224752,"type":"sell","buyer":"ripazha","seller":"dd4l088","symbol":"LEO","quantity":"2","price":"0.69176497","timestamp":1626432306,"volume":"1.38352994","buyTxId":"551d64b25da1d14c02813b1a57f1c16ccd051871-3","sellTxId":"93a0f2da1eee79457dc9a7f68ec9cca816aeb6fd"}
{"index": {"_index":"leo","_id":"1224771"}}
	{"id":1224771,"type":"sell","buyer":"enginemaker","seller":"empoderat","symbol":"LEO","quantity":"144.556","price":"0.69177497","timestamp":1626433056,"volume":"100.00022256","buyTxId":"MM-P-8710134-55690483-3-1-0","sellTxId":"ea1f25e5071a68206e377e4b6f99d780250e001d"}
{"index": {"_index":"leo","_id":"1224772"}}
	{"id":1224772,"type":"sell","buyer":"ripazha","seller":"empoderat","symbol":"LEO","quantity":"5.444","price":"0.68929660","timestamp":1626433056,"volume":"3.75253069","buyTxId":"b73477a4adaf25a93ed5502d2e7041ce1d021ee5-3","sellTxId":"ea1f25e5071a68206e377e4b6f99d780250e001d"}
{"index": {"_index":"leo","_id":"1224784"}}
	{"id":1224784,"type":"buy","buyer":"finguru","seller":"enginemaker","symbol":"LEO","quantity":"2.403","price":"0.70449000","timestamp":1626433362,"volume":"1.6934398","buyTxId":"3dea2814407b610a01ae8234849e54c30362283d","sellTxId":"MM-P-8708446-55688786-3-1-1"}
{"index": {"_index":"leo","_id":"1224791"}}
	{"id":1224791,"type":"buy","buyer":"notaboutme","seller":"enginemaker","symbol":"LEO","quantity":"93.339","price":"0.70449000","timestamp":1626433644,"volume":"65.75639211","buyTxId":"63b7fa210f0fc0437057f3bdbd885cac3f84fd15","sellTxId":"MM-P-8708446-55688786-3-1-1"}
{"index": {"_index":"leo","_id":"1224792"}}
	{"id":1224792,"type":"buy","buyer":"notaboutme","seller":"manojtivari","symbol":"LEO","quantity":"86.661","price":"0.70450000","timestamp":1626433644,"volume":"61.05267450","buyTxId":"63b7fa210f0fc0437057f3bdbd885cac3f84fd15","sellTxId":"3d4eaa9df5e1ad7f0a5a5f772d4ddd05eb6d50f3"}
{"index": {"_index":"leo","_id":"1224804"}}
	{"id":1224804,"type":"sell","buyer":"pi-trader","seller":"silvergoldhunter","symbol":"LEO","quantity":"0.336","price":"0.68930661","timestamp":1626434037,"volume":"0.23160702","buyTxId":"afba222579aaa3993e6b5bfe774cef352587679b-1","sellTxId":"c258bd5ce179f5b62f36dc158300381213402b22"}
{"index": {"_index":"leo","_id":"1224812"}}
	{"id":1224812,"type":"buy","buyer":"revisesociology","seller":"enginemaker","symbol":"LEO","quantity":"34.000","price":"0.70449000","timestamp":1626434925,"volume":"23.95266000","buyTxId":"be034c06b9e75cbbdc324ef13c094ffa20ecb8e7","sellTxId":"MM-P-8710632-55690982-3-1-0"}
{"index": {"_index":"leo","_id":"1224830"}}
	{"id":1224830,"type":"sell","buyer":"ripazha","seller":"tawadak24","symbol":"LEO","quantity":"5.812","price":"0.69738215","timestamp":1626436197,"volume":"4.05318506","buyTxId":"6be589200baedf95f79c60ac63fcfe2cedddb744-3","sellTxId":"2e850a7ced1b6046b12574ffab78dfaed8f3f73a"}
{"index": {"_index":"leo","_id":"1224843"}}
	{"id":1224843,"type":"buy","buyer":"globalcurrencies","seller":"enginemaker","symbol":"LEO","quantity":"66.000","price":"0.70449000","timestamp":1626436587,"volume":"46.49634000","buyTxId":"ef48f97fc80818e2fcc83bc51569351d9b765f20","sellTxId":"MM-P-8710632-55690982-3-1-0"}
{"index": {"_index":"leo","_id":"1224844"}}
	{"id":1224844,"type":"buy","buyer":"globalcurrencies","seller":"manojtivari","symbol":"LEO","quantity":"684.000","price":"0.70450000","timestamp":1626436587,"volume":"481.87800000","buyTxId":"ef48f97fc80818e2fcc83bc51569351d9b765f20","sellTxId":"3d4eaa9df5e1ad7f0a5a5f772d4ddd05eb6d50f3"}
{"index": {"_index":"leo","_id":"1224864"}}
	{"id":1224864,"type":"buy","buyer":"juanmiguelsalas","seller":"manojtivari","symbol":"LEO","quantity":"8.000","price":"0.70450000","timestamp":1626437514,"volume":"5.63600000","buyTxId":"efc37afd9a3bc7b2a7db5b2c860c3108810b94aa","sellTxId":"3d4eaa9df5e1ad7f0a5a5f772d4ddd05eb6d50f3"}
{"index": {"_index":"leo","_id":"1224865"}}
	{"id":1224865,"type":"buy","buyer":"juanmiguelsalas","seller":"manojtivari","symbol":"LEO","quantity":"0.314","price":"0.70450000","timestamp":1626437544,"volume":"0.22121300","buyTxId":"d1dc4cd64617feb326a52ecf8bf3fbe179162f29","sellTxId":"3d4eaa9df5e1ad7f0a5a5f772d4ddd05eb6d50f3"}
{"index": {"_index":"leo","_id":"1224866"}}
	{"id":1224866,"type":"buy","buyer":"juanmiguelsalas","seller":"chekohler","symbol":"LEO","quantity":"0.500","price":"0.70450000","timestamp":1626437544,"volume":"0.35225000","buyTxId":"d1dc4cd64617feb326a52ecf8bf3fbe179162f29","sellTxId":"625b556111f39e5a68e2db1d473fa4d9763061cc"}
{"index": {"_index":"leo","_id":"1224867"}}
	{"id":1224867,"type":"buy","buyer":"juanmiguelsalas","seller":"joshh71390","symbol":"LEO","quantity":"9.186","price":"0.70500000","timestamp":1626437544,"volume":"6.47613000","buyTxId":"d1dc4cd64617feb326a52ecf8bf3fbe179162f29","sellTxId":"f652ee721339b32f4ac47892d62bdd79afbbf899"}
{"index": {"_index":"leo","_id":"1224868"}}
	{"id":1224868,"type":"buy","buyer":"juanmiguelsalas","seller":"joshh71390","symbol":"LEO","quantity":"0.499","price":"0.70500000","timestamp":1626437574,"volume":"0.35179500","buyTxId":"fa1535ade6824afb075e49ef0c5bb08a8870ca14","sellTxId":"f652ee721339b32f4ac47892d62bdd79afbbf899"}
{"index": {"_index":"leo","_id":"1224869"}}
	{"id":1224869,"type":"buy","buyer":"juanmiguelsalas","seller":"nickyhavey","symbol":"LEO","quantity":"25.501","price":"0.72000000","timestamp":1626437574,"volume":"18.36072000","buyTxId":"fa1535ade6824afb075e49ef0c5bb08a8870ca14","sellTxId":"c904e0401e9535f4f4ed8f8e4141774947a6a395"}
{"index": {"_index":"leo","_id":"1224872"}}
	{"id":1224872,"type":"buy","buyer":"juanmiguelsalas","seller":"nickyhavey","symbol":"LEO","quantity":"91.000","price":"0.72000000","timestamp":1626437658,"volume":"65.52000000","buyTxId":"a688ed50a89213ce1f4638a94ef44a19bc4cb44c","sellTxId":"c904e0401e9535f4f4ed8f8e4141774947a6a395"}
{"index": {"_index":"leo","_id":"1224873"}}
	{"id":1224873,"type":"sell","buyer":"enginemaker","seller":"phortun","symbol":"LEO","quantity":"0.417","price":"0.69488741","timestamp":1626437709,"volume":"0.28976805","buyTxId":"MM-P-8711827-55692177-3-1-0","sellTxId":"489bec23a87098137e255928a75e7e78c8a4480e"}
{"index": {"_index":"leo","_id":"1224959"}}
	{"id":1224959,"type":"sell","buyer":"enginemaker","seller":"playbyhive","symbol":"LEO","quantity":"1.083","price":"0.69488741","timestamp":1626439878,"volume":"0.75256307","buyTxId":"MM-P-8711827-55692177-3-1-0","sellTxId":"b3a0d6ba8b2f3d2307a8e356a8a492a07f858543"}
{"index": {"_index":"leo","_id":"1224975"}}
	{"id":1224975,"type":"sell","buyer":"enginemaker","seller":"romiferns","symbol":"LEO","quantity":"7.959","price":"0.69488741","timestamp":1626440556,"volume":"5.53060890","buyTxId":"MM-P-8711827-55692177-3-1-0","sellTxId":"3ce36bc167a75dae030632d55ec131749b27b4ad"}
{"index": {"_index":"leo","_id":"1224976"}}
	{"id":1224976,"type":"sell","buyer":"enginemaker","seller":"ash","symbol":"LEO","quantity":"4","price":"0.69488741","timestamp":1626440577,"volume":"2.77954964","buyTxId":"MM-P-8711827-55692177-3-1-0","sellTxId":"cacd1f98d30400c321ae9b4142ae16ff2bbd48ee"}
{"index": {"_index":"leo","_id":"1225069"}}
	{"id":1225069,"type":"sell","buyer":"enginemaker","seller":"chireerocks","symbol":"LEO","quantity":"3.808","price":"0.69488741","timestamp":1626443808,"volume":"2.64613126","buyTxId":"MM-P-8711827-55692177-3-1-0","sellTxId":"f575ffe5ba1070a5f1c3a4d080543d1125921f87"}
{"index": {"_index":"leo","_id":"1225116"}}
	{"id":1225116,"type":"buy","buyer":"darmst5339","seller":"onealfa.leo","symbol":"LEO","quantity":"3.025","price":"0.71999998","timestamp":1626444804,"volume":"2.17799999","buyTxId":"7cd1d4f0ba682346f6f93e963deed29cf2403624","sellTxId":"dae8ca2189588caf7d22b87976c823d9b6985d7a"}
{"index": {"_index":"leo","_id":"1225145"}}
	{"id":1225145,"type":"sell","buyer":"enginemaker","seller":"rishi556","symbol":"LEO","quantity":"7.947","price":"0.69488741","timestamp":1626445653,"volume":"5.52227025","buyTxId":"MM-P-8711827-55692177-3-1-0","sellTxId":"5870b6a0c9c130f623cfb7c080c5f07bb4f6c2a0-1"}
{"index": {"_index":"leo","_id":"1225189"}}
	{"id":1225189,"type":"buy","buyer":"juanmiguelsalas","seller":"onealfa.leo","symbol":"LEO","quantity":"62.000","price":"0.71999998","timestamp":1626446031,"volume":"44.63999876","buyTxId":"29ada2588a5f69e6f492c68163f4af7c33e905b6","sellTxId":"dae8ca2189588caf7d22b87976c823d9b6985d7a"}
{"index": {"_index":"leo","_id":"1225190"}}
	{"id":1225190,"type":"buy","buyer":"juanmiguelsalas","seller":"onealfa.leo","symbol":"LEO","quantity":"26.000","price":"0.71999996","timestamp":1626446061,"volume":"18.71999896","buyTxId":"0f59a7ee3275604d0219b2d22138dea97a1e84bd","sellTxId":"3860ba8e173322153ff0b24b9f16f2dabc165ea5"}
{"index": {"_index":"leo","_id":"1225202"}}
	{"id":1225202,"type":"sell","buyer":"enginemaker","seller":"moon333","symbol":"LEO","quantity":"23.000","price":"0.69488741","timestamp":1626446760,"volume":"15.98241043","buyTxId":"MM-P-8711827-55692177-3-1-0","sellTxId":"37f059951c8482309e33ebe8f88148d5ad4562bf"}
{"index": {"_index":"leo","_id":"1225205"}}
	{"id":1225205,"type":"sell","buyer":"enginemaker","seller":"moon333","symbol":"LEO","quantity":"4.000","price":"0.69488741","timestamp":1626446862,"volume":"2.77954964","buyTxId":"MM-P-8711827-55692177-3-1-0","sellTxId":"d2dbe734e3ecfe4f6716c476ca3e2f5aa3ec25ac"}
{"index": {"_index":"leo","_id":"1225206"}}
	{"id":1225206,"type":"sell","buyer":"enginemaker","seller":"zaibkang","symbol":"LEO","quantity":"14.495","price":"0.69488741","timestamp":1626446892,"volume":"10.07239301","buyTxId":"MM-P-8711827-55692177-3-1-0","sellTxId":"d47a4ff128dbb25c579ce7f29d5acb8aa6344d4b"}
{"index": {"_index":"leo","_id":"1225210"}}
	{"id":1225210,"type":"buy","buyer":"melbourneswest","seller":"onealfa.leo","symbol":"LEO","quantity":"5.555","price":"0.71998998","timestamp":1626447258,"volume":"4","buyTxId":"4856185beb0107e607273a816347ed493da30978","sellTxId":"cdbd17a42002027556d082992630d3416450400b"}
{"index": {"_index":"leo","_id":"1225231"}}
	{"id":1225231,"type":"buy","buyer":"konvik","seller":"joshh71390","symbol":"LEO","quantity":"11.162","price":"0.69489000","timestamp":1626447801,"volume":"7.75636218","buyTxId":"b7aec128ca876d77a2d8d95aad0aed805cb0ed6f-0","sellTxId":"27b5b2992442e360a45e55175f16282ca89ec530"}
{"index": {"_index":"leo","_id":"1225233"}}
	{"id":1225233,"type":"sell","buyer":"enginemaker","seller":"agr8buzz","symbol":"LEO","quantity":"77.199","price":"0.69488741","timestamp":1626447822,"volume":"53.64461316","buyTxId":"MM-P-8711827-55692177-3-1-0","sellTxId":"1ee98fbda5ed8042076990d3d99f2ec316285d2d"}
{"index": {"_index":"leo","_id":"1225234"}}
	{"id":1225234,"type":"sell","buyer":"mmmmkkkk311","seller":"agr8buzz","symbol":"LEO","quantity":"108.370","price":"0.69207385","timestamp":1626447822,"volume":"75.00004312","buyTxId":"MM-P-8711827-55692177-3-17-0","sellTxId":"1ee98fbda5ed8042076990d3d99f2ec316285d2d"}
{"index": {"_index":"leo","_id":"1225235"}}
	{"id":1225235,"type":"sell","buyer":"anadolu","seller":"agr8buzz","symbol":"LEO","quantity":"78.986","price":"0.67600001","timestamp":1626447822,"volume":"53.39453679","buyTxId":"5bc6f5f170ce6557ce5f44f33d81bd10628d188f","sellTxId":"1ee98fbda5ed8042076990d3d99f2ec316285d2d"}
{"index": {"_index":"leo","_id":"1225258"}}
	{"id":1225258,"type":"buy","buyer":"wxmark","seller":"onealfa.leo","symbol":"LEO","quantity":"66.000","price":"0.70999998","timestamp":1626448584,"volume":"46.85999868","buyTxId":"01a6b7e664c26f25f38cd7cac62a938d95789cc0","sellTxId":"81a3dc4a87ccd6cb465ae7ec6e89d27677204fe7"}
{"index": {"_index":"leo","_id":"1225262"}}
	{"id":1225262,"type":"buy","buyer":"wxmark","seller":"onealfa.leo","symbol":"LEO","quantity":"10.000","price":"0.70999998","timestamp":1626448635,"volume":"7.09999980","buyTxId":"541b93d954a01435b6c0ae6066dd72685e03a56b","sellTxId":"89974848fd5fd2ea94361b6238de4ba057990c79"}
{"index": {"_index":"leo","_id":"1225263"}}
	{"id":1225263,"type":"sell","buyer":"pi-trader","seller":"teenagecrypto","symbol":"LEO","quantity":"10.000","price":"0.67600002","timestamp":1626448671,"volume":"6.76000020","buyTxId":"48ea149a5fbb3c6d238a7f98fc9aaa89eb920197","sellTxId":"f7736cef22a0c70d5367c8b86601c3a8bf20e6fc"}
{"index": {"_index":"leo","_id":"1225264"}}
	{"id":1225264,"type":"buy","buyer":"konvik","seller":"teenagecrypto","symbol":"LEO","quantity":"25.891","price":"0.67600002","timestamp":1626448674,"volume":"17.50231652","buyTxId":"9cab99d33d24e3168d828a67fda274b2093f2e0c-0","sellTxId":"f7736cef22a0c70d5367c8b86601c3a8bf20e6fc"}
{"index": {"_index":"leo","_id":"1225268"}}
	{"id":1225268,"type":"buy","buyer":"wxmark","seller":"onealfa.leo","symbol":"LEO","quantity":"56.000","price":"0.70999998","timestamp":1626448737,"volume":"39.75999888","buyTxId":"226efeb64c4574e229254ec320ee240f89701b0b","sellTxId":"89974848fd5fd2ea94361b6238de4ba057990c79"}
{"index": {"_index":"leo","_id":"1225269"}}
	{"id":1225269,"type":"buy","buyer":"wxmark","seller":"joshh71390","symbol":"LEO","quantity":"10.000","price":"0.71000000","timestamp":1626448737,"volume":"7.10000000","buyTxId":"226efeb64c4574e229254ec320ee240f89701b0b","sellTxId":"b411b80f93a027cffefdded383c0dcadc8a6a87e"}
{"index": {"_index":"leo","_id":"1225270"}}
	{"id":1225270,"type":"buy","buyer":"wxmark","seller":"ripazha","symbol":"LEO","quantity":"126.440","price":"0.71993998","timestamp":1626448737,"volume":"91.02921107","buyTxId":"226efeb64c4574e229254ec320ee240f89701b0b","sellTxId":"1d7c3a83446aaca139a49ff0ed4833f33394b464-2"}
{"index": {"_index":"leo","_id":"1225272"}}
	{"id":1225272,"type":"buy","buyer":"bearbear613","seller":"onealfa.leo","symbol":"LEO","quantity":"14.500","price":"0.71993996","timestamp":1626448809,"volume":"10.43912942","buyTxId":"a21093c180b0db4ed59800dcc87dd58e690c684e","sellTxId":"d012a9eb7d49d0b196454c08266bb5a0a7d9cb2f"}
{"index": {"_index":"leo","_id":"1225335"}}
	{"id":1225335,"type":"sell","buyer":"pi-trader","seller":"jphamer1","symbol":"LEO","quantity":"10.000","price":"0.67600003","timestamp":1626449841,"volume":"6.76000030","buyTxId":"fe490528339def2df359e83f0669a9b492b6313d-1","sellTxId":"40cf65dc80d6949698ddc6184679f1f2d72e47f6"}
{"index": {"_index":"leo","_id":"1225336"}}
	{"id":1225336,"type":"sell","buyer":"toni.curation","seller":"jphamer1","symbol":"LEO","quantity":"25.889","price":"0.67600002","timestamp":1626449841,"volume":"17.50096452","buyTxId":"1e97f716a58c34e707cc1cea8bb3c103a76776f6-0","sellTxId":"40cf65dc80d6949698ddc6184679f1f2d72e47f6"}
{"index": {"_index":"leo","_id":"1225337"}}
	{"id":1225337,"type":"sell","buyer":"anadolu","seller":"jphamer1","symbol":"LEO","quantity":"21.014","price":"0.67600001","timestamp":1626449841,"volume":"14.20546421","buyTxId":"5bc6f5f170ce6557ce5f44f33d81bd10628d188f","sellTxId":"40cf65dc80d6949698ddc6184679f1f2d72e47f6"}
{"index": {"_index":"leo","_id":"1225338"}}
	{"id":1225338,"type":"sell","buyer":"ripazha","seller":"jphamer1","symbol":"LEO","quantity":"23.807","price":"0.66995428","timestamp":1626449841,"volume":"15.94960154","buyTxId":"166d6ce46acce09229bb35e01db70c75283e1fbd-3","sellTxId":"40cf65dc80d6949698ddc6184679f1f2d72e47f6"}
{"index": {"_index":"leo","_id":"1225376"}}
	{"id":1225376,"type":"buy","buyer":"bearbear613","seller":"onealfa.leo","symbol":"LEO","quantity":"0.350","price":"0.71989993","timestamp":1626450912,"volume":"0.25196498","buyTxId":"6dc708feda45fc5b77f07f5ee4fed1da0515124c","sellTxId":"106ebd6082813e550c1bb5c5262904bad26235b4"}
{"index": {"_index":"leo","_id":"1225386"}}
	{"id":1225386,"type":"buy","buyer":"bearbear613","seller":"onealfa.leo","symbol":"LEO","quantity":"22.100","price":"0.71989993","timestamp":1626451002,"volume":"15.90978845","buyTxId":"34cfab643e9829c6336218085dc450a05ed4252a","sellTxId":"106ebd6082813e550c1bb5c5262904bad26235b4"}
{"index": {"_index":"leo","_id":"1225390"}}
	{"id":1225390,"type":"buy","buyer":"bearbear613","seller":"onealfa.leo","symbol":"LEO","quantity":"1.450","price":"0.71989993","timestamp":1626451056,"volume":"1.04385490","buyTxId":"85c0bb841920046e23f62f74d7ee93eaf5a4f144","sellTxId":"106ebd6082813e550c1bb5c5262904bad26235b4"}
{"index": {"_index":"leo","_id":"1225410"}}
	{"id":1225410,"type":"sell","buyer":"pi-trader","seller":"aliveprojects","symbol":"LEO","quantity":"0.014","price":"0.67217939","timestamp":1626451563,"volume":"0.00941051","buyTxId":"b21e6459f5cc5755714196d62003b2d9eb5a90ee-1","sellTxId":"1b1716981589597bf2c725e374c9c14c1fe146d2"}
{"index": {"_index":"leo","_id":"1225428"}}
	{"id":1225428,"type":"sell","buyer":"pi-trader","seller":"kolbjorn","symbol":"LEO","quantity":"4.928","price":"0.67217939","timestamp":1626451773,"volume":"3.31250003","buyTxId":"b079dbc6d813e8a22f26e168e6670085299aedc1-1","sellTxId":"e6c592d521807f66e02c5dc43b67ceab5f8f386e"}
{"index": {"_index":"leo","_id":"1225589"}}
	{"id":1225589,"type":"sell","buyer":"pi-trader","seller":"saun","symbol":"LEO","quantity":"0.266","price":"0.67358009","timestamp":1626455232,"volume":"0.17917230","buyTxId":"a674441b5a587e538ed2ff2c73b846ab1f342ae6-1","sellTxId":"2a94c50c9e7dc38601e307ff0fac5c70b3b12c2c"}
{"index": {"_index":"leo","_id":"1225745"}}
	{"id":1225745,"type":"buy","buyer":"nrg","seller":"supriya.gupta","symbol":"LEO","quantity":"5.000","price":"0.70000000","timestamp":1626458415,"volume":"3.50000000","buyTxId":"0b91082f4e7998dffe4bc452c26173a9c3f3c352","sellTxId":"3ea10e858e6689524e1b9e56ae593a97e421381d"}
{"index": {"_index":"leo","_id":"1225746"}}
	{"id":1225746,"type":"buy","buyer":"nrg","seller":"ripazha","symbol":"LEO","quantity":"827.000","price":"0.71968837","timestamp":1626458415,"volume":"595.18228199","buyTxId":"0b91082f4e7998dffe4bc452c26173a9c3f3c352","sellTxId":"3a9bc2293818a350de8b3ef5347c47549ed79080-2"}
{"index": {"_index":"leo","_id":"1225747"}}
	{"id":1225747,"type":"sell","buyer":"pi-trader","seller":"lammbock","symbol":"LEO","quantity":"0.229","price":"0.67368019","timestamp":1626458445,"volume":"0.15427276","buyTxId":"ad451e1dd382e65a1e01a10f9ff93617768f13ed-1","sellTxId":"8b1b113a3afdeaee1ee4410fdbd91881e0683870"}
{"index": {"_index":"leo","_id":"1225781"}}
	{"id":1225781,"type":"sell","buyer":"pi-trader","seller":"koskl","symbol":"LEO","quantity":"0.164","price":"0.67372027","timestamp":1626459861,"volume":"0.11049012","buyTxId":"3af84e9d2cf0717fe73b128eef30167b92cad3ab-1","sellTxId":"32af9923559d79a1f0697c1077cfaad5f56ae0a9"}
{"index": {"_index":"leo","_id":"1225832"}}
	{"id":1225832,"type":"sell","buyer":"pi-trader","seller":"silvertop","symbol":"LEO","quantity":"4.681","price":"0.67381036","timestamp":1626461241,"volume":"3.15410630","buyTxId":"3b65fdc4ddbc5bd5fdb1b48d7628d4b586729b40-1","sellTxId":"315a64ecf050df0cdfc4b852a021427d0fd7920f"}
{"index": {"_index":"leo","_id":"1225851"}}
	{"id":1225851,"type":"buy","buyer":"jrcornel","seller":"half-fast","symbol":"LEO","quantity":"84.293","price":"0.71958000","timestamp":1626461358,"volume":"60.65555694","buyTxId":"87ce3a65716c59c9f2f7d675fe395742360032be","sellTxId":"3fc320abaab5ec4e6e42e9d04fb86dbe2900bb9f"}
{"index": {"_index":"leo","_id":"1225852"}}
	{"id":1225852,"type":"sell","buyer":"jrcornel","seller":"solovey6o2","symbol":"LEO","quantity":"14.203","price":"0.71958000","timestamp":1626461358,"volume":"10.22019474","buyTxId":"87ce3a65716c59c9f2f7d675fe395742360032be","sellTxId":"aa2f4cd4bc6c57d43a63d92da99fa2f048a77ce8"}
{"index": {"_index":"leo","_id":"1225866"}}
	{"id":1225866,"type":"sell","buyer":"enginemaker","seller":"automaton","symbol":"LEO","quantity":"1.048","price":"0.67388043","timestamp":1626462414,"volume":"0.70622669","buyTxId":"MM-P-8720081-55700455-3-1-0","sellTxId":"21782fb29731542de70b55ebc2e9d4d6e3548b08"}
{"index": {"_index":"leo","_id":"1225900"}}
	{"id":1225900,"type":"buy","buyer":"revisesociology","seller":"ripazha","symbol":"LEO","quantity":"31.000","price":"0.71946946","timestamp":1626464748,"volume":"22.30355326","buyTxId":"758e0c4ae72f6ef1e7cc053e4db312c8f7c0f309","sellTxId":"af57847c9799189f00fae4e8fb583deebe265706-2"}
{"index": {"_index":"leo","_id":"1225924"}}
	{"id":1225924,"type":"sell","buyer":"pi-trader","seller":"mykos","symbol":"LEO","quantity":"2.894","price":"0.67510011","timestamp":1626465393,"volume":"1.95373972","buyTxId":"a4b904f0d72cc616428276489abd698b1049ed84-1","sellTxId":"6c5dfcb050b2c592b6082d33451a455d46503766"}
{"index": {"_index":"leo","_id":"1225936"}}
	{"id":1225936,"type":"sell","buyer":"enginemaker","seller":"jjb777","symbol":"LEO","quantity":"77.839","price":"0.67513013","timestamp":1626466017,"volume":"52.55145419","buyTxId":"MM-P-8721267-55701648-3-1-0","sellTxId":"8d773b76c66707bbb15275840b6ffd0c427ffaf7"}
{"index": {"_index":"leo","_id":"1225950"}}
	{"id":1225950,"type":"sell","buyer":"pi-trader","seller":"vempromundo","symbol":"LEO","quantity":"10.000","price":"0.67517019","timestamp":1626466665,"volume":"6.75170190","buyTxId":"c05e8c49413395c23bec2a8792b7fa78aba5d913-1","sellTxId":"00a171ae5827ce0163509cb71c6e410ab0599534"}
{"index": {"_index":"leo","_id":"1225951"}}
	{"id":1225951,"type":"sell","buyer":"enginemaker","seller":"vempromundo","symbol":"LEO","quantity":"148.111","price":"0.67517018","timestamp":1626466665,"volume":"100.00013053","buyTxId":"MM-P-8721467-55701848-3-1-0","sellTxId":"00a171ae5827ce0163509cb71c6e410ab0599534"}
{"index": {"_index":"leo","_id":"1225952"}}
	{"id":1225952,"type":"sell","buyer":"mmmmkkkk311","seller":"vempromundo","symbol":"LEO","quantity":"100.889","price":"0.67517018","timestamp":1626466665,"volume":"68.11724429","buyTxId":"MM-P-8721467-55701848-3-17-0","sellTxId":"00a171ae5827ce0163509cb71c6e410ab0599534"}
{"index": {"_index":"leo","_id":"1225966"}}
	{"id":1225966,"type":"buy","buyer":"trumpman","seller":"accelerator","symbol":"LEO","quantity":"1.000","price":"0.71700000","timestamp":1626466962,"volume":"0.71700000","buyTxId":"d04ac604c6c3b34756d9b0d5c4287333037e41e5","sellTxId":"430ad977741294256c8c801a675280b2f7d76242"}
{"index": {"_index":"leo","_id":"1225967"}}
	{"id":1225967,"type":"sell","buyer":"trumpman","seller":"konvik","symbol":"LEO","quantity":"25.144","price":"0.71700000","timestamp":1626466965,"volume":"18.02824800","buyTxId":"d04ac604c6c3b34756d9b0d5c4287333037e41e5","sellTxId":"e511978ca4e66ee39c2f276b505f6835d4865854-1"}
{"index": {"_index":"leo","_id":"1225968"}}
	{"id":1225968,"type":"sell","buyer":"trumpman","seller":"toni.curation","symbol":"LEO","quantity":"0.025","price":"0.71700000","timestamp":1626466974,"volume":"0.01792500","buyTxId":"d04ac604c6c3b34756d9b0d5c4287333037e41e5","sellTxId":"a78ad6cdd53d7bfda17d7882c0a00314e3c53028-1"}
{"index": {"_index":"leo","_id":"1225976"}}
	{"id":1225976,"type":"sell","buyer":"pi-trader","seller":"hitmeasap","symbol":"LEO","quantity":"10.000","price":"0.67520025","timestamp":1626467412,"volume":"6.75200250","buyTxId":"54967b1c5ea8aa71243bb9e3df17c0929a3acf1a-1","sellTxId":"e5de339458a00b0713cd3e0724fa818b000cdcad"}
{"index": {"_index":"leo","_id":"1225977"}}
	{"id":1225977,"type":"buy","buyer":"konvik","seller":"hitmeasap","symbol":"LEO","quantity":"52.903","price":"0.67520025","timestamp":1626467415,"volume":"35.72011883","buyTxId":"965ab570cbc6c13a0816a72bdadef34b868243e1-0","sellTxId":"e5de339458a00b0713cd3e0724fa818b000cdcad"}
{"index": {"_index":"leo","_id":"1226040"}}
	{"id":1226040,"type":"buy","buyer":"diverse","seller":"preparedwombat","symbol":"LEO","quantity":"1.000","price":"0.71800000","timestamp":1626468561,"volume":"0.71800000","buyTxId":"95c655e1e3e56403a27b64dea4b71eef8e5378c3","sellTxId":"7490142526a576ae23f1d1042d02aa5f578a7194"}
{"index": {"_index":"leo","_id":"1226047"}}
	{"id":1226047,"type":"sell","buyer":"pi-trader","seller":"aotearoa","symbol":"LEO","quantity":"2.693","price":"0.67524032","timestamp":1626468657,"volume":"1.81842218","buyTxId":"2bf54d88a27b6a5faa94dec0f2630ba51f3acf5a-1","sellTxId":"d96552f244b2fe7d743ac309faa4b1dc3c177a1e"}
{"index": {"_index":"leo","_id":"1226101"}}
	{"id":1226101,"type":"sell","buyer":"pi-trader","seller":"gwilberiol","symbol":"LEO","quantity":"10.000","price":"0.67701002","timestamp":1626469380,"volume":"6.77010020","buyTxId":"2d7cba4349a9c60f56982b12f3802b930b05eab5-1","sellTxId":"9b9186b171291a5fb12f6ffbe289946825b09298"}
{"index": {"_index":"leo","_id":"1226102"}}
	{"id":1226102,"type":"sell","buyer":"solovey6o2","seller":"gwilberiol","symbol":"LEO","quantity":"36.468","price":"0.67701002","timestamp":1626469380,"volume":"24.68920141","buyTxId":"9a708de529c650512524aedce5d6b160bf9b1cd7","sellTxId":"9b9186b171291a5fb12f6ffbe289946825b09298"}
{"index": {"_index":"leo","_id":"1226112"}}
	{"id":1226112,"type":"sell","buyer":"pi-trader","seller":"ericburgoyne","symbol":"LEO","quantity":"7.625","price":"0.67702004","timestamp":1626469563,"volume":"5.16227781","buyTxId":"69ce5719095a53e80b2a4187f2c0d715da59cb52-1","sellTxId":"cf17bb2274eac0737783b8c0a8b4bd4447d84af0"}
{"index": {"_index":"leo","_id":"1226148"}}
	{"id":1226148,"type":"buy","buyer":"konvik","seller":"felander","symbol":"LEO","quantity":"44.000","price":"0.67703006","timestamp":1626470142,"volume":"29.78932264","buyTxId":"2bfc85bee535922c1193cae6e01c46225722b366-0","sellTxId":"fb7619c4b7f4176328ac7f8e7b4338fd0a3ddcd0"}
{"index": {"_index":"leo","_id":"1226149"}}
	{"id":1226149,"type":"buy","buyer":"toni.curation","seller":"felander","symbol":"LEO","quantity":"10.000","price":"0.67703006","timestamp":1626470145,"volume":"6.77030060","buyTxId":"d84872552d39c6d76799aff9df305380528665ed-0","sellTxId":"fb7619c4b7f4176328ac7f8e7b4338fd0a3ddcd0"}
{"index": {"_index":"leo","_id":"1226153"}}
	{"id":1226153,"type":"sell","buyer":"pi-trader","seller":"silvergoldhunter","symbol":"LEO","quantity":"0.021","price":"0.67703007","timestamp":1626470268,"volume":"0.01421763","buyTxId":"f6b53b6b3e1bd1546fbf5ba8b7866343e64bfba4-1","sellTxId":"20405e2407a6421db88bee8ca6599d948208a111"}
{"index": {"_index":"leo","_id":"1226156"}}
	{"id":1226156,"type":"sell","buyer":"pi-trader","seller":"silvergoldhunter","symbol":"LEO","quantity":"0.021","price":"0.67703008","timestamp":1626470439,"volume":"0.01421763","buyTxId":"93a30474dbf5becd12031411cfa957b7ccc9ca79-1","sellTxId":"1604a07a2a4b73a0bda4ab227ee6a59bbc14933d"}
{"index": {"_index":"leo","_id":"1226192"}}
	{"id":1226192,"type":"sell","buyer":"pi-trader","seller":"cccf","symbol":"LEO","quantity":"0.143","price":"0.67707009","timestamp":1626471453,"volume":"0.09682102","buyTxId":"02ea904eddefd5d81a9cc6535d39714174e8f9a1-1","sellTxId":"118a3b08364f5683c25e2c212cc7ca9aa6e3bfd8"}
{"index": {"_index":"leo","_id":"1226207"}}
	{"id":1226207,"type":"sell","buyer":"freebornsociety","seller":"morzex","symbol":"LEO","quantity":"0.652","price":"0.67709010","timestamp":1626471831,"volume":"0.44146275","buyTxId":"MM-P-8723201-55703588-3-2-0","sellTxId":"07557f36f82f8786e1c4845ad49088e18e768433"}
{"index": {"_index":"leo","_id":"1226212"}}
	{"id":1226212,"type":"buy","buyer":"lionsuit","seller":"magooz","symbol":"LEO","quantity":"0.111","price":"0.71700000","timestamp":1626472044,"volume":"0.07958700","buyTxId":"6f0e3910da542523980a17a868c93eb9fe0acabe","sellTxId":"083180c692f2600a6430fa0a56bb1e6e6941d27b"}
{"index": {"_index":"leo","_id":"1226214"}}
	{"id":1226214,"type":"sell","buyer":"pi-trader","seller":"cliffagreen","symbol":"LEO","quantity":"0.045","price":"0.67710012","timestamp":1626472188,"volume":"0.03046951","buyTxId":"6c4408f9ccaf700dce1d3c55781f06c803783f97-1","sellTxId":"2835adeabf8e2081426d9f3971f9bbb2f1e40aa0"}
{"index": {"_index":"leo","_id":"1226216"}}
	{"id":1226216,"type":"sell","buyer":"pi-trader","seller":"droida","symbol":"LEO","quantity":"2.236","price":"0.67710012","timestamp":1626472209,"volume":"1.51399587","buyTxId":"6c4408f9ccaf700dce1d3c55781f06c803783f97-1","sellTxId":"43c1c4a9a2aefa693b7459204bbd7dfa4a256187"}
{"index": {"_index":"leo","_id":"1226249"}}
	{"id":1226249,"type":"sell","buyer":"pi-trader","seller":"kevinnag58","symbol":"LEO","quantity":"10.000","price":"0.67713017","timestamp":1626472980,"volume":"6.77130170","buyTxId":"48027b2a9f8d3686a68452ac25c905a0a5083918-1","sellTxId":"dd855a335a342f396a955c9c6b77168900e3e60a"}
{"index": {"_index":"leo","_id":"1226250"}}
	{"id":1226250,"type":"sell","buyer":"solovey6o2","seller":"kevinnag58","symbol":"LEO","quantity":"6.216","price":"0.67713017","timestamp":1626472980,"volume":"4.20904114","buyTxId":"6da1c7ad349680224a8518739a430782e6e3a086","sellTxId":"dd855a335a342f396a955c9c6b77168900e3e60a"}
{"index": {"_index":"leo","_id":"1226286"}}
	{"id":1226286,"type":"sell","buyer":"pi-trader","seller":"haitch","symbol":"LEO","quantity":"2.659","price":"0.67716021","timestamp":1626473886,"volume":"1.80056900","buyTxId":"17f0ef16a9f9560dede6aa63a1d668bb051cc252-1","sellTxId":"2cac427d05541297d582ada0a96f49fbecbc2442"}
{"index": {"_index":"leo","_id":"1226301"}}
	{"id":1226301,"type":"buy","buyer":"funnel","seller":"magooz","symbol":"LEO","quantity":"0.989","price":"0.71700000","timestamp":1626474597,"volume":"0.70911300","buyTxId":"45825ce37ecd9838ece88381325dc4a3114d2106","sellTxId":"083180c692f2600a6430fa0a56bb1e6e6941d27b"}
{"index": {"_index":"leo","_id":"1226302"}}
	{"id":1226302,"type":"sell","buyer":"funnel","seller":"toni.curation","symbol":"LEO","quantity":"4.010","price":"0.71700000","timestamp":1626474603,"volume":"2.87517000","buyTxId":"45825ce37ecd9838ece88381325dc4a3114d2106","sellTxId":"b50137526df64fa0e959adbcad18af91bfbdc909-1"}
{"index": {"_index":"leo","_id":"1226331"}}
	{"id":1226331,"type":"sell","buyer":"pi-trader","seller":"paulmoon410","symbol":"LEO","quantity":"0.929","price":"0.67721029","timestamp":1626475188,"volume":"0.62912836","buyTxId":"fa3003806f78f79726b0362217a048db9dadf341-1","sellTxId":"2bf6e4c1a76108fec7dc95435c380ea34a532d5c"}
{"index": {"_index":"leo","_id":"1226377"}}
	{"id":1226377,"type":"sell","buyer":"ripazha","seller":"linkxdx","symbol":"LEO","quantity":"4.157","price":"0.67932543","timestamp":1626476304,"volume":"2.82395581","buyTxId":"dbb972e455142d8b49a4693bf15e0f6ea4dbf4f8-3","sellTxId":"65d0a22e8f3f90a852b99400e526f17351c709b8"}
{"index": {"_index":"leo","_id":"1226386"}}
	{"id":1226386,"type":"sell","buyer":"solovey6o2","seller":"makerpra","symbol":"LEO","quantity":"14.360","price":"0.68121663","timestamp":1626476775,"volume":"9.78227081","buyTxId":"8863e831b6533cde8386e7d1728fa7b14312e213","sellTxId":"8d76f9ca636b4f09c9f5f1d4e488c70c9aee3c51"}
{"index": {"_index":"leo","_id":"1226476"}}
	{"id":1226476,"type":"sell","buyer":"ripazha","seller":"thranax","symbol":"LEO","quantity":"1.183","price":"0.68820591","timestamp":1626479448,"volume":"0.81414759","buyTxId":"f094421b84df1be51ed88062882d9e0d098d6c4b-3","sellTxId":"e04fac4633b7a37577fa21078a66020abede51fc"}
{"index": {"_index":"leo","_id":"1226480"}}
	{"id":1226480,"type":"sell","buyer":"enginemaker","seller":"willsaldeno","symbol":"LEO","quantity":"1.477","price":"0.68821591","timestamp":1626479529,"volume":"1.01649490","buyTxId":"MM-P-8725742-55706140-3-1-0","sellTxId":"d613222ac4ae6cad92753d521876a6c3355a9557"}
{"index": {"_index":"leo","_id":"1226574"}}
	{"id":1226574,"type":"buy","buyer":"forexbrokr","seller":"preparedwombat","symbol":"LEO","quantity":"3.000","price":"0.71800000","timestamp":1626482358,"volume":"2.15400000","buyTxId":"24a06f00e499296febba8694cb0fed526233592c","sellTxId":"7490142526a576ae23f1d1042d02aa5f578a7194"}
{"index": {"_index":"leo","_id":"1226588"}}
	{"id":1226588,"type":"buy","buyer":"successchar","seller":"preparedwombat","symbol":"LEO","quantity":"9.510","price":"0.71800000","timestamp":1626482562,"volume":"6.82818000","buyTxId":"1bca7caae9dde18dd28c2a3954efffcc5bb2a261","sellTxId":"7490142526a576ae23f1d1042d02aa5f578a7194"}
{"index": {"_index":"leo","_id":"1226589"}}
	{"id":1226589,"type":"buy","buyer":"successchar","seller":"freebornsociety","symbol":"LEO","quantity":"0.652","price":"0.71885735","timestamp":1626482697,"volume":"0.46869499","buyTxId":"53c91c00a71961132364e02d3df86a66f479d65f","sellTxId":"MM-P-8726782-55707183-3-2-1"}
{"index": {"_index":"leo","_id":"1226593"}}
	{"id":1226593,"type":"buy","buyer":"successchar","seller":"solovey6o2","symbol":"LEO","quantity":"50.000","price":"0.71886735","timestamp":1626482748,"volume":"35.94336750","buyTxId":"0aa6a8586bbe67969920acfff66da1eb63f48179","sellTxId":"1dcaa08ace3a32dc03d79f89c5713e8651f39461"}
{"index": {"_index":"leo","_id":"1226714"}}
	{"id":1226714,"type":"sell","buyer":"freebornsociety","seller":"enforcer48","symbol":"LEO","quantity":"1.580","price":"0.68896195","timestamp":1626485952,"volume":"1.08855988","buyTxId":"MM-P-8727875-55708280-3-2-0","sellTxId":"4c93389f8b0647bd0459fbf6fc10ce0c2a41e61c"}
{"index": {"_index":"leo","_id":"1226826"}}
	{"id":1226826,"type":"buy","buyer":"lionsuit","seller":"solovey6o2","symbol":"LEO","quantity":"0.444","price":"0.71867716","timestamp":1626488268,"volume":"0.31909266","buyTxId":"4ab8586285a1229af2f0d3f2e9338e5535b6030a","sellTxId":"517acb2906260811780a04bfbaefbb405862f276"}
{"index": {"_index":"leo","_id":"1226962"}}
	{"id":1226962,"type":"buy","buyer":"solovey6o2","seller":"karmadorje","symbol":"LEO","quantity":"2.616","price":"0.69173004","timestamp":1626490254,"volume":"1.80956578","buyTxId":"953c03e16b4539244807f9524da7986f7bb39e5f","sellTxId":"6b353274af648cdce704a67dbbf8f9c873d73759"}
