{"index": {"_index":"leo","_id":"3079009"}}
	{"id":3079009,"type":"sell","buyer":"leomaker","seller":"dkid14","symbol":"LEO","quantity":"4.141","price":"0.18500200","timestamp":1648518435,"volume":"0.76609328","buyTxId":"2f2630167baaa7697f69feda339050ceb9b9133e","sellTxId":"6fbc84363426db6a40af9012315c0855b2a6fda3"}
{"index": {"_index":"leo","_id":"3079032"}}
	{"id":3079032,"type":"sell","buyer":"niallon11","seller":"steem82868","symbol":"LEO","quantity":"2.288","price":"0.18500000","timestamp":1648518984,"volume":"0.42328000","buyTxId":"0f4dd78b697469991f6755919ed3c449d9291524","sellTxId":"1b18bf1c875afb6e0e9dbd2f8a2a7f311f381844"}
{"index": {"_index":"leo","_id":"3079038"}}
	{"id":3079038,"type":"buy","buyer":"leomaker","seller":"dkid14","symbol":"LEO","quantity":"8.288","price":"0.18500200","timestamp":1648519059,"volume":"1.53329658","buyTxId":"75abc1edc828edbfae70ce1f34bdcb1cf2770a35","sellTxId":"6fbc84363426db6a40af9012315c0855b2a6fda3"}
{"index": {"_index":"leo","_id":"3079077"}}
	{"id":3079077,"type":"sell","buyer":"leomaker","seller":"phoenixonhive","symbol":"LEO","quantity":"41.370","price":"0.18500200","timestamp":1648519239,"volume":"7.65353274","buyTxId":"75abc1edc828edbfae70ce1f34bdcb1cf2770a35","sellTxId":"2c22b0ae907b239d23bfd64d5e73f2bb09d0b350"}
{"index": {"_index":"leo","_id":"3079078"}}
	{"id":3079078,"type":"sell","buyer":"niallon11","seller":"phoenixonhive","symbol":"LEO","quantity":"166.762","price":"0.18500000","timestamp":1648519239,"volume":"30.85097000","buyTxId":"0f4dd78b697469991f6755919ed3c449d9291524","sellTxId":"2c22b0ae907b239d23bfd64d5e73f2bb09d0b350"}
{"index": {"_index":"leo","_id":"3079236"}}
	{"id":3079236,"type":"sell","buyer":"leomaker","seller":"firstborn.pob","symbol":"LEO","quantity":"0.402","price":"0.18500200","timestamp":1648520922,"volume":"0.07437080","buyTxId":"94005d0b1ffdf478bdc8e7e73f9082ac986c3c6b","sellTxId":"11824ba9bc83fea3d80d5d79d5cc8b9e0b77e0ba"}
{"index": {"_index":"leo","_id":"3079388"}}
	{"id":3079388,"type":"buy","buyer":"whatsup","seller":"pi-trader","symbol":"LEO","quantity":"30.000","price":"0.18999899","timestamp":1648523271,"volume":"5.69996970","buyTxId":"25fa31c61a3d7eb293ce15d411e68dff2e7efb11","sellTxId":"dafac2a68ec2e05ea9cbe3788cb043d0734f64d2-3"}
{"index": {"_index":"leo","_id":"3079402"}}
	{"id":3079402,"type":"sell","buyer":"leomaker","seller":"melbourneswest","symbol":"LEO","quantity":"2.5","price":"0.18500200","timestamp":1648523322,"volume":"0.46250500","buyTxId":"94005d0b1ffdf478bdc8e7e73f9082ac986c3c6b","sellTxId":"c84479ae48f4ff3f2f8ab7ba8b2a6ab88443067d"}
{"index": {"_index":"leo","_id":"3079406"}}
	{"id":3079406,"type":"sell","buyer":"leomaker","seller":"kachinhenry","symbol":"LEO","quantity":"44.366","price":"0.18500200","timestamp":1648523412,"volume":"8.20779873","buyTxId":"94005d0b1ffdf478bdc8e7e73f9082ac986c3c6b","sellTxId":"49f73e2e19e837b434cea1848ea66484f0948b58"}
{"index": {"_index":"leo","_id":"3079407"}}
	{"id":3079407,"type":"sell","buyer":"niallon11","seller":"kachinhenry","symbol":"LEO","quantity":"18.634","price":"0.18500000","timestamp":1648523412,"volume":"3.44729000","buyTxId":"0f4dd78b697469991f6755919ed3c449d9291524","sellTxId":"49f73e2e19e837b434cea1848ea66484f0948b58"}
{"index": {"_index":"leo","_id":"3079528"}}
	{"id":3079528,"type":"sell","buyer":"leomaker","seller":"votebetting","symbol":"LEO","quantity":"25.139","price":"0.18500200","timestamp":1648524393,"volume":"4.65076528","buyTxId":"4e884521ee1344d12ad206dbd8b0532f98ee5dec","sellTxId":"03e817deacf4ea9393b97d7562e23b06b0b00fb4"}
{"index": {"_index":"leo","_id":"3079549"}}
	{"id":3079549,"type":"sell","buyer":"leomaker","seller":"melbourneswest","symbol":"LEO","quantity":"5","price":"0.18500200","timestamp":1648524708,"volume":"0.92501000","buyTxId":"4e884521ee1344d12ad206dbd8b0532f98ee5dec","sellTxId":"ecadda24bdc36af60d17839e69384bf5c23fb2f0"}
{"index": {"_index":"leo","_id":"3079603"}}
	{"id":3079603,"type":"sell","buyer":"leomaker","seller":"gregory-f","symbol":"LEO","quantity":"14.800","price":"0.18500200","timestamp":1648525890,"volume":"2.73802960","buyTxId":"4e884521ee1344d12ad206dbd8b0532f98ee5dec","sellTxId":"9860e0aeb78fe7ac33b6fcc95c9b7903e65a0287"}
{"index": {"_index":"leo","_id":"3079604"}}
	{"id":3079604,"type":"sell","buyer":"niallon11","seller":"gregory-f","symbol":"LEO","quantity":"48.458","price":"0.18500000","timestamp":1648525890,"volume":"8.96473000","buyTxId":"0f4dd78b697469991f6755919ed3c449d9291524","sellTxId":"9860e0aeb78fe7ac33b6fcc95c9b7903e65a0287"}
{"index": {"_index":"leo","_id":"3079718"}}
	{"id":3079718,"type":"sell","buyer":"leomaker","seller":"brofi-market","symbol":"LEO","quantity":"0.001","price":"0.18500200","timestamp":1648527093,"volume":"0.00018500","buyTxId":"d790a56531066e5a73e0ec49c85e426e0c6db778","sellTxId":"0de608497790e45b2926e40cf75bbf5d1a4103a4"}
{"index": {"_index":"leo","_id":"3080111"}}
	{"id":3080111,"type":"sell","buyer":"leomaker","seller":"razam","symbol":"LEO","quantity":"0.407","price":"0.18500200","timestamp":1648531464,"volume":"0.07529581","buyTxId":"d790a56531066e5a73e0ec49c85e426e0c6db778","sellTxId":"7ebe804e8c0eb234310c3a9fc553f23013cc2116"}
{"index": {"_index":"leo","_id":"3080161"}}
	{"id":3080161,"type":"sell","buyer":"leomaker","seller":"lichtblick","symbol":"LEO","quantity":"42.354","price":"0.18500200","timestamp":1648531965,"volume":"7.83557471","buyTxId":"d790a56531066e5a73e0ec49c85e426e0c6db778","sellTxId":"05e8ab8fa7edee25a1586b5843f18216680e37a5"}
{"index": {"_index":"leo","_id":"3080183"}}
	{"id":3080183,"type":"sell","buyer":"niallon11","seller":"russia-btc","symbol":"LEO","quantity":"34.080","price":"0.18500000","timestamp":1648532274,"volume":"6.30480000","buyTxId":"0f4dd78b697469991f6755919ed3c449d9291524","sellTxId":"264daa7fb0c108b06f50d96d3abffd824e3b71f8"}
{"index": {"_index":"leo","_id":"3080185"}}
	{"id":3080185,"type":"sell","buyer":"niallon11","seller":"trumpman","symbol":"LEO","quantity":"43.004","price":"0.18500000","timestamp":1648532304,"volume":"7.95574000","buyTxId":"0f4dd78b697469991f6755919ed3c449d9291524","sellTxId":"337a476a9ccd245ebbe4158427a8bff769a034ea"}
{"index": {"_index":"leo","_id":"3080186"}}
	{"id":3080186,"type":"sell","buyer":"leomaker","seller":"trumpman","symbol":"LEO","quantity":"27.085","price":"0.18400600","timestamp":1648532304,"volume":"4.98380251","buyTxId":"19bcb06eeb9796ad7752d142495c760ef91f9ced","sellTxId":"337a476a9ccd245ebbe4158427a8bff769a034ea"}
{"index": {"_index":"leo","_id":"3080187"}}
	{"id":3080187,"type":"sell","buyer":"leomaker","seller":"trumpman","symbol":"LEO","quantity":"1.815","price":"0.18400400","timestamp":1648532304,"volume":"0.33396726","buyTxId":"0ebddcd046c06e7f58e18848f18b5273cb2f87f1","sellTxId":"337a476a9ccd245ebbe4158427a8bff769a034ea"}
{"index": {"_index":"leo","_id":"3080276"}}
	{"id":3080276,"type":"buy","buyer":"rtonline","seller":"lichtblick","symbol":"LEO","quantity":"1.000","price":"0.18500076","timestamp":1648533273,"volume":"0.18500076","buyTxId":"44247b317efa281b7bd347ad222d177b1b12f8d2","sellTxId":"05e8ab8fa7edee25a1586b5843f18216680e37a5"}
{"index": {"_index":"leo","_id":"3080284"}}
	{"id":3080284,"type":"sell","buyer":"leomaker","seller":"dswap","symbol":"LEO","quantity":"1.304","price":"0.18400400","timestamp":1648533402,"volume":"0.23994122","buyTxId":"0ebddcd046c06e7f58e18848f18b5273cb2f87f1","sellTxId":"715804145f88c50a99f77a76a842e94c6e81fe7a"}
{"index": {"_index":"leo","_id":"3080342"}}
	{"id":3080342,"type":"sell","buyer":"astuk","seller":"kolbjorn","symbol":"LEO","quantity":"56.515","price":"0.18400410","timestamp":1648534407,"volume":"10.39899171","buyTxId":"5ce304fd3ed224d6edefe2bc1cee23c907ee8de2","sellTxId":"c4f3205798abecf7eb05134ed524773ec9ff8e0f"}
{"index": {"_index":"leo","_id":"3080361"}}
	{"id":3080361,"type":"sell","buyer":"astuk","seller":"mango-juice","symbol":"LEO","quantity":"5.508","price":"0.18400410","timestamp":1648534548,"volume":"1.01349458","buyTxId":"5ce304fd3ed224d6edefe2bc1cee23c907ee8de2","sellTxId":"ace12e2955c31346e0a7f9aba639ea686bb27a4b"}
{"index": {"_index":"leo","_id":"3080409"}}
	{"id":3080409,"type":"sell","buyer":"astuk","seller":"uwelang","symbol":"LEO","quantity":"31.843","price":"0.18400410","timestamp":1648535127,"volume":"5.85924256","buyTxId":"5ce304fd3ed224d6edefe2bc1cee23c907ee8de2","sellTxId":"5ff441d4a8a44ddc63f0deafe040fcc8c8c560d4"}
{"index": {"_index":"leo","_id":"3080530"}}
	{"id":3080530,"type":"buy","buyer":"konvik","seller":"thecuriousfool","symbol":"LEO","quantity":"43.990","price":"0.18500000","timestamp":1648536495,"volume":"8.13815000","buyTxId":"e81767d354668e8e69798f395ce45ede3e18b717-0","sellTxId":"b07a0d29ce30bcafcf46ea362625ec5889bd3976"}
{"index": {"_index":"leo","_id":"3080531"}}
	{"id":3080531,"type":"buy","buyer":"konvik","seller":"lichtblick","symbol":"LEO","quantity":"66.862","price":"0.18500076","timestamp":1648536495,"volume":"12.36952082","buyTxId":"e81767d354668e8e69798f395ce45ede3e18b717-0","sellTxId":"05e8ab8fa7edee25a1586b5843f18216680e37a5"}
{"index": {"_index":"leo","_id":"3080826"}}
	{"id":3080826,"type":"sell","buyer":"pi-trader","seller":"toofasteddie","symbol":"LEO","quantity":"8.200","price":"0.18401001","timestamp":1648539819,"volume":"1.50888208","buyTxId":"167e5b58f259f92af7b72e2c9bb52b15cd2989c3-1","sellTxId":"188ad7d59475ae9d807d4acf770be406548c4849"}
{"index": {"_index":"leo","_id":"3080931"}}
	{"id":3080931,"type":"sell","buyer":"pi-trader","seller":"konvik","symbol":"LEO","quantity":"300.000","price":"0.18401201","timestamp":1648541025,"volume":"55.20360300","buyTxId":"b1c23c432683b5e185603551c606a25af8fdc463-1","sellTxId":"2a3eddf817ec39299cdfc4ef9d63153c275c5bd8-1"}
{"index": {"_index":"leo","_id":"3080932"}}
	{"id":3080932,"type":"sell","buyer":"leomaker","seller":"konvik","symbol":"LEO","quantity":"36.015","price":"0.18401200","timestamp":1648541025,"volume":"6.62719218","buyTxId":"fd24f6afaacc1fbbdcc581a9206090ab6450ad4a","sellTxId":"2a3eddf817ec39299cdfc4ef9d63153c275c5bd8-1"}
{"index": {"_index":"leo","_id":"3080933"}}
	{"id":3080933,"type":"sell","buyer":"leomaker","seller":"konvik","symbol":"LEO","quantity":"37.875","price":"0.18401000","timestamp":1648541025,"volume":"6.96937875","buyTxId":"e3cd3d9c67ef6da302704278c3e5ff9d33036a00","sellTxId":"2a3eddf817ec39299cdfc4ef9d63153c275c5bd8-1"}
{"index": {"_index":"leo","_id":"3080934"}}
	{"id":3080934,"type":"sell","buyer":"astuk","seller":"konvik","symbol":"LEO","quantity":"19.815","price":"0.18400802","timestamp":1648541025,"volume":"3.64611892","buyTxId":"5a0cd86c4d3bd2620d15ec9840517e3b0007e1a6","sellTxId":"2a3eddf817ec39299cdfc4ef9d63153c275c5bd8-1"}
{"index": {"_index":"leo","_id":"3080935"}}
	{"id":3080935,"type":"sell","buyer":"astuk","seller":"konvik","symbol":"LEO","quantity":"80.185","price":"0.18400802","timestamp":1648541040,"volume":"14.75468308","buyTxId":"5a0cd86c4d3bd2620d15ec9840517e3b0007e1a6","sellTxId":"a248f0f8331c2289d03f093c5d1e2364d6ff4f6f-1"}
{"index": {"_index":"leo","_id":"3080936"}}
	{"id":3080936,"type":"sell","buyer":"leomaker","seller":"konvik","symbol":"LEO","quantity":"39.831","price":"0.18400800","timestamp":1648541040,"volume":"7.32922265","buyTxId":"436afa57e324ae84e3a4ee965251871dfb36fe1b","sellTxId":"a248f0f8331c2289d03f093c5d1e2364d6ff4f6f-1"}
{"index": {"_index":"leo","_id":"3080937"}}
	{"id":3080937,"type":"sell","buyer":"leomaker","seller":"konvik","symbol":"LEO","quantity":"41.890","price":"0.18400600","timestamp":1648541040,"volume":"7.70801134","buyTxId":"3c437989765d61273a1150c55953528339bdf340","sellTxId":"a248f0f8331c2289d03f093c5d1e2364d6ff4f6f-1"}
{"index": {"_index":"leo","_id":"3080938"}}
	{"id":3080938,"type":"sell","buyer":"astuk","seller":"konvik","symbol":"LEO","quantity":"6.134","price":"0.18400410","timestamp":1648541040,"volume":"1.12868115","buyTxId":"5ce304fd3ed224d6edefe2bc1cee23c907ee8de2","sellTxId":"a248f0f8331c2289d03f093c5d1e2364d6ff4f6f-1"}
{"index": {"_index":"leo","_id":"3080939"}}
	{"id":3080939,"type":"sell","buyer":"leomaker","seller":"konvik","symbol":"LEO","quantity":"25.455","price":"0.18400400","timestamp":1648541040,"volume":"4.68382182","buyTxId":"0ebddcd046c06e7f58e18848f18b5273cb2f87f1","sellTxId":"a248f0f8331c2289d03f093c5d1e2364d6ff4f6f-1"}
{"index": {"_index":"leo","_id":"3080940"}}
	{"id":3080940,"type":"sell","buyer":"leomaker","seller":"konvik","symbol":"LEO","quantity":"30.146","price":"0.18400200","timestamp":1648541040,"volume":"5.54692429","buyTxId":"8095d7eb735fcd76e36ff5678a05c01c1797828f","sellTxId":"a248f0f8331c2289d03f093c5d1e2364d6ff4f6f-1"}
{"index": {"_index":"leo","_id":"3080941"}}
	{"id":3080941,"type":"sell","buyer":"astuk","seller":"konvik","symbol":"LEO","quantity":"99.685","price":"0.18400000","timestamp":1648541040,"volume":"18.34204000","buyTxId":"39dbffdd3c0e22f193a969b77d567bf360d0b982","sellTxId":"a248f0f8331c2289d03f093c5d1e2364d6ff4f6f-1"}
{"index": {"_index":"leo","_id":"3080956"}}
	{"id":3080956,"type":"sell","buyer":"astuk","seller":"dswap","symbol":"LEO","quantity":"0.201","price":"0.18400000","timestamp":1648541199,"volume":"0.03698400","buyTxId":"39dbffdd3c0e22f193a969b77d567bf360d0b982","sellTxId":"2ad50c388f6ad603cfb26ca6d42ea9b96fb4bfbc"}
{"index": {"_index":"leo","_id":"3081032"}}
	{"id":3081032,"type":"sell","buyer":"astuk","seller":"franciscopr","symbol":"LEO","quantity":"0.114","price":"0.18400000","timestamp":1648542048,"volume":"0.02097600","buyTxId":"39dbffdd3c0e22f193a969b77d567bf360d0b982","sellTxId":"46bf798a676b1e0061f3216d4e7e627d7fbb0e62"}
{"index": {"_index":"leo","_id":"3081060"}}
	{"id":3081060,"type":"sell","buyer":"leomaker","seller":"chireerocks","symbol":"LEO","quantity":"22.327","price":"0.18351600","timestamp":1648542453,"volume":"4.09736173","buyTxId":"e12dca40adee7abcd1859eb8610aaad64b280e7a","sellTxId":"0ad28131f9c6257f0f3da311688ac34d9f4b2905"}
{"index": {"_index":"leo","_id":"3081163"}}
	{"id":3081163,"type":"sell","buyer":"leomaker","seller":"gestion.alive","symbol":"LEO","quantity":"0.600","price":"0.18351600","timestamp":1648543512,"volume":"0.11010960","buyTxId":"e12dca40adee7abcd1859eb8610aaad64b280e7a","sellTxId":"bc311e9502fc4a64750457c31ee0ba6a69467e39"}
{"index": {"_index":"leo","_id":"3081278"}}
	{"id":3081278,"type":"buy","buyer":"astuk","seller":"franciscopr","symbol":"LEO","quantity":"0.675","price":"0.18400000","timestamp":1648545165,"volume":"0.12420000","buyTxId":"9b41fdc62441874e8f0ce370e822842bccb51a14","sellTxId":"46bf798a676b1e0061f3216d4e7e627d7fbb0e62"}
{"index": {"_index":"leo","_id":"3081368"}}
	{"id":3081368,"type":"buy","buyer":"contrabourdon","seller":"pi-trader","symbol":"LEO","quantity":"7.750","price":"0.18889099","timestamp":1648546497,"volume":"1.46399999","buyTxId":"4679dab40c26a74c9b671ff7c91d5a3d540b1d56","sellTxId":"5bf0e9e558fadcf2e8f78f47b3a4612af5562b4d-3"}
{"index": {"_index":"leo","_id":"3081372"}}
	{"id":3081372,"type":"sell","buyer":"leomaker","seller":"audiohive-me","symbol":"LEO","quantity":"9.780","price":"0.18400200","timestamp":1648546542,"volume":"1.79953956","buyTxId":"6b205399169af80b39d4f029413caca9eeba8717","sellTxId":"dbbe9d5218eeb7424ea43b3c4a6d523bca359852"}
{"index": {"_index":"leo","_id":"3081382"}}
	{"id":3081382,"type":"sell","buyer":"leomaker","seller":"headsink","symbol":"LEO","quantity":"19.275","price":"0.18400200","timestamp":1648546821,"volume":"3.54663855","buyTxId":"6b205399169af80b39d4f029413caca9eeba8717","sellTxId":"692f6626233ed22c7eb7de6c7de17005b1b2b7f8"}
{"index": {"_index":"leo","_id":"3081395"}}
	{"id":3081395,"type":"sell","buyer":"leomaker","seller":"konvik","symbol":"LEO","quantity":"5.161","price":"0.18400200","timestamp":1648546974,"volume":"0.94963432","buyTxId":"6b205399169af80b39d4f029413caca9eeba8717","sellTxId":"cb4626434c36e7d0cda6791d28c280b86d2537d1-1"}
{"index": {"_index":"leo","_id":"3081396"}}
	{"id":3081396,"type":"sell","buyer":"astuk","seller":"konvik","symbol":"LEO","quantity":"99.221","price":"0.18400000","timestamp":1648546974,"volume":"18.25666400","buyTxId":"9b41fdc62441874e8f0ce370e822842bccb51a14","sellTxId":"cb4626434c36e7d0cda6791d28c280b86d2537d1-1"}
{"index": {"_index":"leo","_id":"3081529"}}
	{"id":3081529,"type":"sell","buyer":"astuk","seller":"konvik","symbol":"LEO","quantity":"0.104","price":"0.18400000","timestamp":1648549266,"volume":"0.01913600","buyTxId":"9b41fdc62441874e8f0ce370e822842bccb51a14","sellTxId":"0d20d127a178d436f62363006d62c7f651891662-1"}
{"index": {"_index":"leo","_id":"3081530"}}
	{"id":3081530,"type":"sell","buyer":"olebulls","seller":"konvik","symbol":"LEO","quantity":"389.300","price":"0.18400000","timestamp":1648549266,"volume":"71.63120000","buyTxId":"16174d90ead057a096f12c89282bfdadf06cdb30","sellTxId":"0d20d127a178d436f62363006d62c7f651891662-1"}
{"index": {"_index":"leo","_id":"3081616"}}
	{"id":3081616,"type":"sell","buyer":"olebulls","seller":"captainquack22","symbol":"LEO","quantity":"1.227","price":"0.18416000","timestamp":1648550157,"volume":"0.22596432","buyTxId":"d03d4b21976b636279f34b8260fbabb661ec40c0","sellTxId":"1c5a7f58a0cfdc92e284b708f93a155afdb9bd3d"}
{"index": {"_index":"leo","_id":"3081766"}}
	{"id":3081766,"type":"sell","buyer":"leomaker","seller":"toofasteddie","symbol":"LEO","quantity":"7.468","price":"0.18416200","timestamp":1648552611,"volume":"1.37532182","buyTxId":"1ba9a3292952d33a0d316909f10871d6ee34c6e2","sellTxId":"b2632c0d6b5b66961d0ef25d7d86e35695598c59"}
{"index": {"_index":"leo","_id":"3081809"}}
	{"id":3081809,"type":"sell","buyer":"leomaker","seller":"felixgarciap","symbol":"LEO","quantity":"1.000","price":"0.18416200","timestamp":1648553211,"volume":"0.18416200","buyTxId":"1ba9a3292952d33a0d316909f10871d6ee34c6e2","sellTxId":"58ff5d1a99fa181c94713c143a032b58826ddade"}
{"index": {"_index":"leo","_id":"3081968"}}
	{"id":3081968,"type":"buy","buyer":"finguru","seller":"pi-trader","symbol":"LEO","quantity":"48.529","price":"0.18888499","timestamp":1648554597,"volume":"9.16639968","buyTxId":"76969a057c6ff803448ecc4cf0cad8068b36c37c","sellTxId":"bdb4b0c62fd1658830a98beba3de3cc2e595b7c8-9"}
{"index": {"_index":"leo","_id":"3082093"}}
	{"id":3082093,"type":"sell","buyer":"pi-trader","seller":"rzc24-nftbbg","symbol":"LEO","quantity":"0.248","price":"0.18416401","timestamp":1648556175,"volume":"0.04567267","buyTxId":"0e4cf3aad740dd0f08ca3cc8e046d4a06686ae9f-1","sellTxId":"cc8a99dd73641bc847f8981e681d99dfa17736e9"}
{"index": {"_index":"leo","_id":"3082297"}}
	{"id":3082297,"type":"sell","buyer":"olebulls","seller":"svirus","symbol":"LEO","quantity":"1031.000","price":"0.18600000","timestamp":1648558368,"volume":"191.76600000","buyTxId":"c683b3ba5c5c65e526e88dddbb9d02b00107bce2","sellTxId":"b37db71282bd158fc153ce95535a8eed5d723a24-1"}
{"index": {"_index":"leo","_id":"3082409"}}
	{"id":3082409,"type":"buy","buyer":"olebulls","seller":"pi-trader","symbol":"LEO","quantity":"22.000","price":"0.18888399","timestamp":1648559178,"volume":"4.15544778","buyTxId":"f016d48ad6b517c8c5e9dff723696ee4cc6e7b82","sellTxId":"e9f33a398b4ba759d61e10d50d4ab05088bb7b34-1"}
{"index": {"_index":"leo","_id":"3082541"}}
	{"id":3082541,"type":"sell","buyer":"thecuriousfool","seller":"xplosive","symbol":"LEO","quantity":"0.615","price":"0.18450300","timestamp":1648560831,"volume":"0.11346935","buyTxId":"265ed2fc13a032a12956ab4ccf86b5e2bde309fc","sellTxId":"f1fb050d38a1937b61a6ba0899ebfa2d8f3ad1b1"}
{"index": {"_index":"leo","_id":"3082555"}}
	{"id":3082555,"type":"sell","buyer":"leomaker","seller":"emergingabove","symbol":"LEO","quantity":"0.047","price":"0.18450200","timestamp":1648560948,"volume":"0.00867159","buyTxId":"7ac150ddbb61b4b76efb68e5cba37ab8a591468e","sellTxId":"199b9a03cf6db040ad6659f9315a243d36257689"}
{"index": {"_index":"leo","_id":"3082699"}}
	{"id":3082699,"type":"sell","buyer":"leomaker","seller":"investinthefutur","symbol":"LEO","quantity":"1.815","price":"0.18450200","timestamp":1648562160,"volume":"0.33487113","buyTxId":"7ac150ddbb61b4b76efb68e5cba37ab8a591468e","sellTxId":"adc6c5bc97451196e9468c6ecea8ccdc45148445"}
{"index": {"_index":"leo","_id":"3082711"}}
	{"id":3082711,"type":"sell","buyer":"leomaker","seller":"svirus","symbol":"LEO","quantity":"23.060","price":"0.18450200","timestamp":1648562283,"volume":"4.25461612","buyTxId":"7ac150ddbb61b4b76efb68e5cba37ab8a591468e","sellTxId":"d40c3c556de6dfa44c33029aeae75e86d9748558-1"}
{"index": {"_index":"leo","_id":"3082712"}}
	{"id":3082712,"type":"sell","buyer":"leomaker","seller":"konvik","symbol":"LEO","quantity":"26.467","price":"0.18416800","timestamp":1648562283,"volume":"4.87437446","buyTxId":"c727ec6c19bffc31f43f75abc77cfa82daf5392c","sellTxId":"06a30787db93b75a639ea1fc2df55b20ddd19d12-1"}
{"index": {"_index":"leo","_id":"3082713"}}
	{"id":3082713,"type":"sell","buyer":"leomaker","seller":"konvik","symbol":"LEO","quantity":"27.821","price":"0.18416600","timestamp":1648562283,"volume":"5.12368229","buyTxId":"98db5bf0cbebe94f771a934f4357fb53f3081db4","sellTxId":"06a30787db93b75a639ea1fc2df55b20ddd19d12-1"}
{"index": {"_index":"leo","_id":"3082714"}}
	{"id":3082714,"type":"sell","buyer":"leomaker","seller":"konvik","symbol":"LEO","quantity":"29.242","price":"0.18416400","timestamp":1648562283,"volume":"5.38532369","buyTxId":"607400ec0593a46de1a3d220359cf843c2c8afe0","sellTxId":"06a30787db93b75a639ea1fc2df55b20ddd19d12-1"}
{"index": {"_index":"leo","_id":"3082715"}}
	{"id":3082715,"type":"sell","buyer":"leomaker","seller":"konvik","symbol":"LEO","quantity":"22.297","price":"0.18416200","timestamp":1648562283,"volume":"4.10626011","buyTxId":"1ba9a3292952d33a0d316909f10871d6ee34c6e2","sellTxId":"06a30787db93b75a639ea1fc2df55b20ddd19d12-1"}
{"index": {"_index":"leo","_id":"3082716"}}
	{"id":3082716,"type":"sell","buyer":"leomaker","seller":"konvik","symbol":"LEO","quantity":"32.402","price":"0.18410200","timestamp":1648562283,"volume":"5.96527300","buyTxId":"3eef3b5de5429df10dab744be5f176a364a09639","sellTxId":"06a30787db93b75a639ea1fc2df55b20ddd19d12-1"}
{"index": {"_index":"leo","_id":"3082717"}}
	{"id":3082717,"type":"sell","buyer":"astuk","seller":"konvik","symbol":"LEO","quantity":"100.000","price":"0.18410000","timestamp":1648562283,"volume":"18.41000000","buyTxId":"46956a56a074748acba22445ee5fd03e5ed6a791","sellTxId":"06a30787db93b75a639ea1fc2df55b20ddd19d12-1"}
{"index": {"_index":"leo","_id":"3082718"}}
	{"id":3082718,"type":"sell","buyer":"leomaker","seller":"konvik","symbol":"LEO","quantity":"9.408","price":"0.18351600","timestamp":1648562283,"volume":"1.72651853","buyTxId":"e12dca40adee7abcd1859eb8610aaad64b280e7a","sellTxId":"06a30787db93b75a639ea1fc2df55b20ddd19d12-1"}
{"index": {"_index":"leo","_id":"3082719"}}
	{"id":3082719,"type":"sell","buyer":"leomaker","seller":"konvik","symbol":"LEO","quantity":"34.140","price":"0.18351400","timestamp":1648562283,"volume":"6.26516796","buyTxId":"db9948c0809ecd3f286e8f86121907f9e8bb286b","sellTxId":"06a30787db93b75a639ea1fc2df55b20ddd19d12-1"}
{"index": {"_index":"leo","_id":"3082720"}}
	{"id":3082720,"type":"sell","buyer":"leomaker","seller":"konvik","symbol":"LEO","quantity":"36.048","price":"0.18351200","timestamp":1648562283,"volume":"6.61524058","buyTxId":"c737f39732eab009ae42593d5031eb51da0c1e1a","sellTxId":"06a30787db93b75a639ea1fc2df55b20ddd19d12-1"}
{"index": {"_index":"leo","_id":"3082721"}}
	{"id":3082721,"type":"sell","buyer":"leomaker","seller":"konvik","symbol":"LEO","quantity":"1.856","price":"0.18351000","timestamp":1648562283,"volume":"0.34059456","buyTxId":"e5b6322965eca1d378f00f5056a1ec828b661b77","sellTxId":"06a30787db93b75a639ea1fc2df55b20ddd19d12-1"}
{"index": {"_index":"leo","_id":"3082722"}}
	{"id":3082722,"type":"sell","buyer":"leomaker","seller":"konvik","symbol":"LEO","quantity":"1.961","price":"0.18350800","timestamp":1648562283,"volume":"0.35985919","buyTxId":"8e6dd1fca80aba18f4fe866573a149b636f0a6e5","sellTxId":"06a30787db93b75a639ea1fc2df55b20ddd19d12-1"}
{"index": {"_index":"leo","_id":"3082723"}}
	{"id":3082723,"type":"sell","buyer":"leomaker","seller":"konvik","symbol":"LEO","quantity":"2.071","price":"0.18350600","timestamp":1648562283,"volume":"0.38004093","buyTxId":"a087b8b816b0751fa6caf7b08f08e3b51cbb049c","sellTxId":"06a30787db93b75a639ea1fc2df55b20ddd19d12-1"}
{"index": {"_index":"leo","_id":"3082724"}}
	{"id":3082724,"type":"sell","buyer":"leomaker","seller":"konvik","symbol":"LEO","quantity":"2.185","price":"0.18350400","timestamp":1648562283,"volume":"0.40095624","buyTxId":"ea159fe93a273ec27f50dbd73f3033429179f7ea","sellTxId":"06a30787db93b75a639ea1fc2df55b20ddd19d12-1"}
{"index": {"_index":"leo","_id":"3082725"}}
	{"id":3082725,"type":"sell","buyer":"leomaker","seller":"konvik","symbol":"LEO","quantity":"2.309","price":"0.18350200","timestamp":1648562283,"volume":"0.42370612","buyTxId":"41031524175d581e8d5881176ce9d4255a3d383d","sellTxId":"06a30787db93b75a639ea1fc2df55b20ddd19d12-1"}
{"index": {"_index":"leo","_id":"3082726"}}
	{"id":3082726,"type":"sell","buyer":"astuk","seller":"konvik","symbol":"LEO","quantity":"100.000","price":"0.18350000","timestamp":1648562283,"volume":"18.35000000","buyTxId":"b0dc8ac674a18bb758010fbdbe394819d26ef53a","sellTxId":"06a30787db93b75a639ea1fc2df55b20ddd19d12-1"}
{"index": {"_index":"leo","_id":"3082727"}}
	{"id":3082727,"type":"sell","buyer":"leomaker","seller":"konvik","symbol":"LEO","quantity":"2.475","price":"0.18301400","timestamp":1648562283,"volume":"0.45295965","buyTxId":"c202db14568ee94ff3c2c4c8cde07e4d1ea8dea7","sellTxId":"06a30787db93b75a639ea1fc2df55b20ddd19d12-1"}
{"index": {"_index":"leo","_id":"3082728"}}
	{"id":3082728,"type":"sell","buyer":"leomaker","seller":"konvik","symbol":"LEO","quantity":"2.616","price":"0.18301200","timestamp":1648562283,"volume":"0.47875939","buyTxId":"d3ca2aa991015dc443e54b66c348394ec0240b00","sellTxId":"06a30787db93b75a639ea1fc2df55b20ddd19d12-1"}
{"index": {"_index":"leo","_id":"3082729"}}
	{"id":3082729,"type":"sell","buyer":"leomaker","seller":"konvik","symbol":"LEO","quantity":"2.763","price":"0.18301000","timestamp":1648562283,"volume":"0.50565663","buyTxId":"0d6af4cb252525e99a268df2a5f0b90f603becd5","sellTxId":"06a30787db93b75a639ea1fc2df55b20ddd19d12-1"}
{"index": {"_index":"leo","_id":"3082730"}}
	{"id":3082730,"type":"sell","buyer":"leomaker","seller":"konvik","symbol":"LEO","quantity":"2.920","price":"0.18300800","timestamp":1648562283,"volume":"0.53438336","buyTxId":"9a5abfa7bbdc052568d2c48f0130c7a9de66dca2","sellTxId":"06a30787db93b75a639ea1fc2df55b20ddd19d12-1"}
{"index": {"_index":"leo","_id":"3082731"}}
	{"id":3082731,"type":"sell","buyer":"leomaker","seller":"konvik","symbol":"LEO","quantity":"3.262","price":"0.18300600","timestamp":1648562283,"volume":"0.59696557","buyTxId":"643531f2406e0099e1011b87239910a05a9f1fe0","sellTxId":"06a30787db93b75a639ea1fc2df55b20ddd19d12-1"}
{"index": {"_index":"leo","_id":"3082732"}}
	{"id":3082732,"type":"sell","buyer":"leomaker","seller":"konvik","symbol":"LEO","quantity":"3.447","price":"0.18300400","timestamp":1648562283,"volume":"0.63081479","buyTxId":"d84bf7d3dd4fb7eec0d4022eab61f2567dab27a1","sellTxId":"06a30787db93b75a639ea1fc2df55b20ddd19d12-1"}
{"index": {"_index":"leo","_id":"3082733"}}
	{"id":3082733,"type":"sell","buyer":"leomaker","seller":"konvik","symbol":"LEO","quantity":"3.851","price":"0.18300200","timestamp":1648562283,"volume":"0.70474070","buyTxId":"485b956987bbb51e83ea49e0421d87b146cc695d","sellTxId":"06a30787db93b75a639ea1fc2df55b20ddd19d12-1"}
{"index": {"_index":"leo","_id":"3082734"}}
	{"id":3082734,"type":"sell","buyer":"astuk","seller":"konvik","symbol":"LEO","quantity":"100.000","price":"0.18300000","timestamp":1648562283,"volume":"18.30000000","buyTxId":"fbf0893611819cbf88ceb0529a23548a1fb5be5d","sellTxId":"06a30787db93b75a639ea1fc2df55b20ddd19d12-1"}
{"index": {"_index":"leo","_id":"3082796"}}
	{"id":3082796,"type":"sell","buyer":"enginemaker","seller":"bionicpainter","symbol":"LEO","quantity":"0.119","price":"0.18261000","timestamp":1648562838,"volume":"0.02173059","buyTxId":"MM-P-16005788-62994299-3-1-0","sellTxId":"ef43ec7fce4702efe042dd4f7dd8ac0d75e623cc"}
{"index": {"_index":"leo","_id":"3082888"}}
	{"id":3082888,"type":"sell","buyer":"leomaker","seller":"lifeskills-tv","symbol":"LEO","quantity":"4.208","price":"0.18261200","timestamp":1648563690,"volume":"0.76843130","buyTxId":"ef2d8e9d006119d64d4670877f9a7207c5d5fbac","sellTxId":"f43364d9d95e8dc0c83c5fa98e84f2617d9f0e23"}
{"index": {"_index":"leo","_id":"3082975"}}
	{"id":3082975,"type":"sell","buyer":"thecuriousfool","seller":"emma001","symbol":"LEO","quantity":"1.660","price":"0.18261300","timestamp":1648564701,"volume":"0.30313758","buyTxId":"e3a83dca80ddbbea6d2a507eac175973b8f6a17e","sellTxId":"a2eb34ba51da61cd104ee890b6868f5161bb3543"}
{"index": {"_index":"leo","_id":"3082997"}}
	{"id":3082997,"type":"sell","buyer":"thecuriousfool","seller":"miketr","symbol":"LEO","quantity":"0.164","price":"0.18261300","timestamp":1648564950,"volume":"0.02994853","buyTxId":"e3a83dca80ddbbea6d2a507eac175973b8f6a17e","sellTxId":"06c8d1594fd4667e1bc53beb230ec8e9d3dc2d43"}
{"index": {"_index":"leo","_id":"3082998"}}
	{"id":3082998,"type":"sell","buyer":"leomaker","seller":"miketr","symbol":"LEO","quantity":"1.352","price":"0.18261200","timestamp":1648564950,"volume":"0.24689142","buyTxId":"ef2d8e9d006119d64d4670877f9a7207c5d5fbac","sellTxId":"06c8d1594fd4667e1bc53beb230ec8e9d3dc2d43"}
{"index": {"_index":"leo","_id":"3083205"}}
	{"id":3083205,"type":"buy","buyer":"krunkypuram","seller":"xplosive","symbol":"LEO","quantity":"0.150","price":"0.18450300","timestamp":1648566966,"volume":"0.02767545","buyTxId":"d2114ae182ff907ebe836c4b50b4f66036ce049b","sellTxId":"f1fb050d38a1937b61a6ba0899ebfa2d8f3ad1b1"}
{"index": {"_index":"leo","_id":"3083206"}}
	{"id":3083206,"type":"sell","buyer":"krunkypuram","seller":"konvik","symbol":"LEO","quantity":"539.311","price":"0.18472000","timestamp":1648566969,"volume":"99.62152792","buyTxId":"d2114ae182ff907ebe836c4b50b4f66036ce049b","sellTxId":"a4d2ab45090ba8e0e19f2af920d3ef1fc8d92281-1"}
{"index": {"_index":"leo","_id":"3083220"}}
	{"id":3083220,"type":"sell","buyer":"krunkypuram","seller":"investyourvote","symbol":"LEO","quantity":"0.539","price":"0.18472000","timestamp":1648567110,"volume":"0.09956408","buyTxId":"d2114ae182ff907ebe836c4b50b4f66036ce049b","sellTxId":"1b60afbf58c006d41e2d63238637c8b49f59674a"}
{"index": {"_index":"leo","_id":"3083221"}}
	{"id":3083221,"type":"sell","buyer":"leomaker","seller":"investyourvote","symbol":"LEO","quantity":"0.760","price":"0.18261200","timestamp":1648567110,"volume":"0.13878512","buyTxId":"ef2d8e9d006119d64d4670877f9a7207c5d5fbac","sellTxId":"1b60afbf58c006d41e2d63238637c8b49f59674a"}
{"index": {"_index":"leo","_id":"3083320"}}
	{"id":3083320,"type":"sell","buyer":"leomaker","seller":"lipe100dedos","symbol":"LEO","quantity":"1.745","price":"0.18261200","timestamp":1648568373,"volume":"0.31865794","buyTxId":"ef2d8e9d006119d64d4670877f9a7207c5d5fbac","sellTxId":"b3bf2f051375453e3dfb73647a46bcd634371fb3"}
{"index": {"_index":"leo","_id":"3083373"}}
	{"id":3083373,"type":"sell","buyer":"leomaker","seller":"loganhate","symbol":"LEO","quantity":"0.295","price":"0.18261400","timestamp":1648568982,"volume":"0.05387113","buyTxId":"02cecc6167f51465d8b8a889837e0cb7732513db","sellTxId":"7ad3f91a4d282cc6afecaf9c1f6bb64216a4545f"}
{"index": {"_index":"leo","_id":"3083419"}}
	{"id":3083419,"type":"sell","buyer":"leomaker","seller":"xplosive","symbol":"LEO","quantity":"0.537","price":"0.18261400","timestamp":1648569789,"volume":"0.09806372","buyTxId":"02cecc6167f51465d8b8a889837e0cb7732513db","sellTxId":"43cade5fa5a832938fada4a300456a2d55ae0f15"}
{"index": {"_index":"leo","_id":"3083575"}}
	{"id":3083575,"type":"sell","buyer":"leomaker","seller":"kendewitt","symbol":"LEO","quantity":"17.730","price":"0.18261400","timestamp":1648571100,"volume":"3.23774622","buyTxId":"02cecc6167f51465d8b8a889837e0cb7732513db","sellTxId":"b37e2ac3a8a5b51550e9b2de37d9d3a2098e95d3"}
{"index": {"_index":"leo","_id":"3083675"}}
	{"id":3083675,"type":"sell","buyer":"leomaker","seller":"willsaldeno","symbol":"LEO","quantity":"0.791","price":"0.18261400","timestamp":1648571997,"volume":"0.14444767","buyTxId":"02cecc6167f51465d8b8a889837e0cb7732513db","sellTxId":"e0e6002565b89f81307c38d419bcbae65ef2cf1d"}
{"index": {"_index":"leo","_id":"3083793"}}
	{"id":3083793,"type":"sell","buyer":"astuk","seller":"teenagecrypto","symbol":"LEO","quantity":"52.599","price":"0.18300000","timestamp":1648572870,"volume":"9.62561700","buyTxId":"a15ad31655e401f816f3b6829ba6626ae6e0cfe2","sellTxId":"72e9d556c0aa5a4d82af6d3cf5309f29e3f54fde"}
{"index": {"_index":"leo","_id":"3083833"}}
	{"id":3083833,"type":"sell","buyer":"leomaker","seller":"denmarkguy","symbol":"LEO","quantity":"0.042","price":"0.18300200","timestamp":1648573479,"volume":"0.00768608","buyTxId":"aebbfa206b489a1093f775fb9c16c354273d4a76","sellTxId":"00288e2c1ee878a0fe7f6f6d7e59411b840d0c74"}
{"index": {"_index":"leo","_id":"3084099"}}
	{"id":3084099,"type":"sell","buyer":"astuk","seller":"lolzbot","symbol":"LEO","quantity":"2.344","price":"0.18350000","timestamp":1648575627,"volume":"0.43012400","buyTxId":"35e28c00aae1bd49d988f6a9fde1a275927419b0","sellTxId":"7e75f0075bc00ffd78d30d0b0511d3d51dda2de1"}
{"index": {"_index":"leo","_id":"3084233"}}
	{"id":3084233,"type":"sell","buyer":"astuk","seller":"jphamer1","symbol":"LEO","quantity":"74.900","price":"0.18350000","timestamp":1648577739,"volume":"13.74415000","buyTxId":"35e28c00aae1bd49d988f6a9fde1a275927419b0","sellTxId":"05b22321f73f9a8eb6810d5c0c62cf8b1ba1d2d3"}
{"index": {"_index":"leo","_id":"3084250"}}
	{"id":3084250,"type":"sell","buyer":"astuk","seller":"dswap","symbol":"LEO","quantity":"22.756","price":"0.18350000","timestamp":1648577898,"volume":"4.17572600","buyTxId":"35e28c00aae1bd49d988f6a9fde1a275927419b0","sellTxId":"8720964230ab75fa79edfc4091f97af56db237cb"}
{"index": {"_index":"leo","_id":"3084251"}}
	{"id":3084251,"type":"sell","buyer":"leomaker","seller":"dswap","symbol":"LEO","quantity":"22.288","price":"0.18300200","timestamp":1648577898,"volume":"4.07874858","buyTxId":"aebbfa206b489a1093f775fb9c16c354273d4a76","sellTxId":"8720964230ab75fa79edfc4091f97af56db237cb"}
{"index": {"_index":"leo","_id":"3084252"}}
	{"id":3084252,"type":"sell","buyer":"astuk","seller":"dswap","symbol":"LEO","quantity":"47.401","price":"0.18300000","timestamp":1648577898,"volume":"8.67438300","buyTxId":"a15ad31655e401f816f3b6829ba6626ae6e0cfe2","sellTxId":"8720964230ab75fa79edfc4091f97af56db237cb"}
{"index": {"_index":"leo","_id":"3084253"}}
	{"id":3084253,"type":"sell","buyer":"leomaker","seller":"dswap","symbol":"LEO","quantity":"4.462","price":"0.18261400","timestamp":1648577898,"volume":"0.81482367","buyTxId":"02cecc6167f51465d8b8a889837e0cb7732513db","sellTxId":"8720964230ab75fa79edfc4091f97af56db237cb"}
{"index": {"_index":"leo","_id":"3084254"}}
	{"id":3084254,"type":"sell","buyer":"astuk","seller":"dswap","symbol":"LEO","quantity":"15.333","price":"0.18261210","timestamp":1648577898,"volume":"2.79999133","buyTxId":"277419859c70ad9b1d3da1e7f5347f0179bafa46","sellTxId":"8720964230ab75fa79edfc4091f97af56db237cb"}
{"index": {"_index":"leo","_id":"3084370"}}
	{"id":3084370,"type":"sell","buyer":"astuk","seller":"acesontop","symbol":"LEO","quantity":"21","price":"0.18261210","timestamp":1648579254,"volume":"3.83485410","buyTxId":"277419859c70ad9b1d3da1e7f5347f0179bafa46","sellTxId":"0b486f3743d6d2298cc199032900b8a1b01cf551"}
{"index": {"_index":"leo","_id":"3084596"}}
	{"id":3084596,"type":"sell","buyer":"astuk","seller":"mephistophenes","symbol":"LEO","quantity":"39.645","price":"0.18270000","timestamp":1648582041,"volume":"7.24314150","buyTxId":"c9e6dfb6e6bfdab6eb5eb11052b141c799ffd876","sellTxId":"6a56a385e01a97e4845b576b5b5cbd4b763946e5"}
{"index": {"_index":"leo","_id":"3084849"}}
	{"id":3084849,"type":"sell","buyer":"leomaker","seller":"brofi-market","symbol":"LEO","quantity":"17.278","price":"0.18270200","timestamp":1648584972,"volume":"3.15672516","buyTxId":"a8c4eff50c087a504ebe1491f029071d455124b2","sellTxId":"6344c4e79feb79ad28af9fea2bf5ef05f8d25cdd"}
{"index": {"_index":"leo","_id":"3085037"}}
	{"id":3085037,"type":"buy","buyer":"kevinnag58","seller":"pi-trader","symbol":"LEO","quantity":"58.313","price":"0.18499499","timestamp":1648587141,"volume":"10.78762","buyTxId":"ef6fa11d1a1d7327d40a5bc44a5823b3b6de3e82","sellTxId":"15645119a1b5b951df5a5540397a31efc3517b90-3"}
{"index": {"_index":"leo","_id":"3085156"}}
	{"id":3085156,"type":"buy","buyer":"jk6276","seller":"leomaker","symbol":"LEO","quantity":"17.014","price":"0.18499500","timestamp":1648587948,"volume":"3.14764477","buyTxId":"da77eb7bbf565a55a75275184b65216e972e0ceb","sellTxId":"a95b2555e61866a08b7a6eaabf8aa0b0e5202109"}
{"index": {"_index":"leo","_id":"3085167"}}
	{"id":3085167,"type":"buy","buyer":"jk6276","seller":"leomaker","symbol":"LEO","quantity":"2.754","price":"0.18499500","timestamp":1648588086,"volume":"0.50947623","buyTxId":"bfc7eac7514d5eef4e77b340e145432e8f20a498","sellTxId":"a95b2555e61866a08b7a6eaabf8aa0b0e5202109"}
{"index": {"_index":"leo","_id":"3085168"}}
	{"id":3085168,"type":"buy","buyer":"jk6276","seller":"brofi-market","symbol":"LEO","quantity":"17.278","price":"0.18499599","timestamp":1648588086,"volume":"3.19636072","buyTxId":"bfc7eac7514d5eef4e77b340e145432e8f20a498","sellTxId":"ce64a2ffb0d964f3b1eb45a0c002278c665fb7b0"}
{"index": {"_index":"leo","_id":"3085169"}}
	{"id":3085169,"type":"buy","buyer":"jk6276","seller":"leomaker","symbol":"LEO","quantity":"19.797","price":"0.18499600","timestamp":1648588086,"volume":"3.66236581","buyTxId":"bfc7eac7514d5eef4e77b340e145432e8f20a498","sellTxId":"315de0bd6dfcbb954cab11acf2fad23cafd627de"}
{"index": {"_index":"leo","_id":"3085170"}}
	{"id":3085170,"type":"buy","buyer":"jk6276","seller":"leomaker","symbol":"LEO","quantity":"20.039","price":"0.18499700","timestamp":1648588086,"volume":"3.70715488","buyTxId":"bfc7eac7514d5eef4e77b340e145432e8f20a498","sellTxId":"b78178a3aa0c1bcbc4d3bf3c66377a5921710240"}
{"index": {"_index":"leo","_id":"3085171"}}
	{"id":3085171,"type":"buy","buyer":"jk6276","seller":"leomaker","symbol":"LEO","quantity":"19.957","price":"0.18499800","timestamp":1648588086,"volume":"3.69200509","buyTxId":"bfc7eac7514d5eef4e77b340e145432e8f20a498","sellTxId":"b83c0c4983ea34da14a4587c0f8e7166e832850e"}
{"index": {"_index":"leo","_id":"3085172"}}
	{"id":3085172,"type":"buy","buyer":"jk6276","seller":"leomaker","symbol":"LEO","quantity":"18.551","price":"0.18499900","timestamp":1648588086,"volume":"3.43191645","buyTxId":"bfc7eac7514d5eef4e77b340e145432e8f20a498","sellTxId":"09259cc3da1abb1156de55e415093b38f5b72ba5"}
{"index": {"_index":"leo","_id":"3085173"}}
	{"id":3085173,"type":"buy","buyer":"jk6276","seller":"darth-azrael","symbol":"LEO","quantity":"1.000","price":"0.18500000","timestamp":1648588086,"volume":"0.18500000","buyTxId":"bfc7eac7514d5eef4e77b340e145432e8f20a498","sellTxId":"90152c4a83166eceb669c2fe1f58ddf9ae3888f6"}
{"index": {"_index":"leo","_id":"3085174"}}
	{"id":3085174,"type":"buy","buyer":"jk6276","seller":"leomaker","symbol":"LEO","quantity":"18.771","price":"0.18887400","timestamp":1648588086,"volume":"3.54535385","buyTxId":"bfc7eac7514d5eef4e77b340e145432e8f20a498","sellTxId":"df0b47d4c1d042e49f3f3918e8424da7d7b52720"}
{"index": {"_index":"leo","_id":"3085175"}}
	{"id":3085175,"type":"buy","buyer":"jk6276","seller":"leomaker","symbol":"LEO","quantity":"8.579","price":"0.18887500","timestamp":1648588086,"volume":"1.62036697","buyTxId":"bfc7eac7514d5eef4e77b340e145432e8f20a498","sellTxId":"68ff91ed22d09312f5ffa4cd1c0fe1ecca1b4c71"}
{"index": {"_index":"leo","_id":"3085258"}}
	{"id":3085258,"type":"sell","buyer":"leomaker","seller":"hjchilb","symbol":"LEO","quantity":"0.036","price":"0.18270200","timestamp":1648589235,"volume":"0.00657727","buyTxId":"a8c4eff50c087a504ebe1491f029071d455124b2","sellTxId":"a331a9de3b6f903a5cf4182e116403f018f7e220"}
{"index": {"_index":"leo","_id":"3085270"}}
	{"id":3085270,"type":"sell","buyer":"leomaker","seller":"firstborn.pob","symbol":"LEO","quantity":"1.965","price":"0.18270200","timestamp":1648589676,"volume":"0.35900943","buyTxId":"a8c4eff50c087a504ebe1491f029071d455124b2","sellTxId":"ada2a6f22d2e369e0715a2afcecff5642346cfee"}
{"index": {"_index":"leo","_id":"3085404"}}
	{"id":3085404,"type":"buy","buyer":"reppilc","seller":"pi-trader","symbol":"LEO","quantity":"42.881","price":"0.18887099","timestamp":1648591338,"volume":"8.09900042","buyTxId":"49b7289e69454fa88db1138744642787bf3cb4e2","sellTxId":"42914265e4282c29ab6a691b6100eeffaa3626e0-3"}
{"index": {"_index":"leo","_id":"3085602"}}
	{"id":3085602,"type":"buy","buyer":"whatsup","seller":"pi-trader","symbol":"LEO","quantity":"10.000","price":"0.18886899","timestamp":1648593153,"volume":"1.88868990","buyTxId":"87bb321eb29f51de6e33b5c24f74be62621eb26f","sellTxId":"eb272caecc1a18c330ca661cd78b1c28fb9d4dd7-1"}
{"index": {"_index":"leo","_id":"3085613"}}
	{"id":3085613,"type":"buy","buyer":"whatsup","seller":"pi-trader","symbol":"LEO","quantity":"10.000","price":"0.18886899","timestamp":1648593228,"volume":"1.88868990","buyTxId":"fa7150febd32d4da3b2cf79c327566db7cbda91d","sellTxId":"9935be975cb1eb0009b1a63c3b23ded16865adf0-3"}
{"index": {"_index":"leo","_id":"3085669"}}
	{"id":3085669,"type":"sell","buyer":"leomaker","seller":"pixelfan","symbol":"LEO","quantity":"1.048","price":"0.18270200","timestamp":1648594050,"volume":"0.19147169","buyTxId":"a8c4eff50c087a504ebe1491f029071d455124b2","sellTxId":"4638338b1f651cfd2174b873d6762552bdf80835"}
{"index": {"_index":"leo","_id":"3085715"}}
	{"id":3085715,"type":"sell","buyer":"astuk","seller":"dswap","symbol":"LEO","quantity":"0.613","price":"0.18270000","timestamp":1648594641,"volume":"0.11199510","buyTxId":"c9e6dfb6e6bfdab6eb5eb11052b141c799ffd876","sellTxId":"2063a480bf8d2ce5a6deec1574dcfcb77f93b93a"}
{"index": {"_index":"leo","_id":"3085724"}}
	{"id":3085724,"type":"buy","buyer":"quinnertronics","seller":"pixelfan","symbol":"LEO","quantity":"0.802","price":"0.18270200","timestamp":1648594707,"volume":"0.14652700","buyTxId":"94f22b9ff33799ae50e2a3c5d1472961b0b5360f","sellTxId":"4638338b1f651cfd2174b873d6762552bdf80835"}
{"index": {"_index":"leo","_id":"3085742"}}
	{"id":3085742,"type":"buy","buyer":"quinnertronics","seller":"pi-trader","symbol":"LEO","quantity":"2.757","price":"0.18886799","timestamp":1648594959,"volume":"0.52070905","buyTxId":"cdadbc58e45c6fc7f9dead86c08c834c80ac487a","sellTxId":"18e0b926314eca71d80e2eba7d1b26fa4bc04693-6"}
{"index": {"_index":"leo","_id":"3085904"}}
	{"id":3085904,"type":"sell","buyer":"leomaker","seller":"themarkymark","symbol":"LEO","quantity":"17.330","price":"0.18270200","timestamp":1648596243,"volume":"3.16622566","buyTxId":"0367c50d9e4ca0892a13c5a6fcac0150d1ea69b9","sellTxId":"86cc60f4e776d9a45c2079abd44788cde7505800"}
{"index": {"_index":"leo","_id":"3085911"}}
	{"id":3085911,"type":"sell","buyer":"leomaker","seller":"bearbear613","symbol":"LEO","quantity":"8.228","price":"0.18270200","timestamp":1648596306,"volume":"1.50327206","buyTxId":"0367c50d9e4ca0892a13c5a6fcac0150d1ea69b9","sellTxId":"811e631aaee4d52498070fef4c7e06a9331e5071"}
{"index": {"_index":"leo","_id":"3085916"}}
	{"id":3085916,"type":"sell","buyer":"leomaker","seller":"bearbear613","symbol":"LEO","quantity":"0.001","price":"0.18270200","timestamp":1648596333,"volume":"0.00018270","buyTxId":"0367c50d9e4ca0892a13c5a6fcac0150d1ea69b9","sellTxId":"43bf72a29e99c43def3482034734b809e5f98b37"}
{"index": {"_index":"leo","_id":"3085917"}}
	{"id":3085917,"type":"sell","buyer":"astuk","seller":"bearbear613","symbol":"LEO","quantity":"24.772","price":"0.18270000","timestamp":1648596333,"volume":"4.52584440","buyTxId":"c9e6dfb6e6bfdab6eb5eb11052b141c799ffd876","sellTxId":"43bf72a29e99c43def3482034734b809e5f98b37"}
{"index": {"_index":"leo","_id":"3086048"}}
	{"id":3086048,"type":"buy","buyer":"taskmaster4450","seller":"pi-trader","symbol":"LEO","quantity":"35.529","price":"0.18886499","timestamp":1648597587,"volume":"6.71018423","buyTxId":"4deffdcb02d512bec40370a8ef7ef94e52ef6f7d","sellTxId":"d3328793218b323b675a6fa669c0f702640b3bd1-7"}
{"index": {"_index":"leo","_id":"3086064"}}
	{"id":3086064,"type":"sell","buyer":"leomaker","seller":"melbourneswest","symbol":"LEO","quantity":"10.318","price":"0.18270200","timestamp":1648597878,"volume":"1.88511924","buyTxId":"625a9e4dbaa663ccdfe1f84be1d88b4405f9e85f","sellTxId":"a17249a62c16d6b7a8a872c2d2be563bc2ec10b4"}
{"index": {"_index":"leo","_id":"3086157"}}
	{"id":3086157,"type":"sell","buyer":"leomaker","seller":"underground","symbol":"LEO","quantity":"13.957","price":"0.18270200","timestamp":1648599120,"volume":"2.54997181","buyTxId":"625a9e4dbaa663ccdfe1f84be1d88b4405f9e85f","sellTxId":"b82c3fcb7fd04ba00128d20e4015a38a86e6d132"}
{"index": {"_index":"leo","_id":"3086158"}}
	{"id":3086158,"type":"sell","buyer":"astuk","seller":"underground","symbol":"LEO","quantity":"20.826","price":"0.18270000","timestamp":1648599120,"volume":"3.80491020","buyTxId":"c9e6dfb6e6bfdab6eb5eb11052b141c799ffd876","sellTxId":"b82c3fcb7fd04ba00128d20e4015a38a86e6d132"}
{"index": {"_index":"leo","_id":"3086165"}}
	{"id":3086165,"type":"sell","buyer":"astuk","seller":"brofi-market","symbol":"LEO","quantity":"0.406","price":"0.18270000","timestamp":1648599213,"volume":"0.07417620","buyTxId":"c9e6dfb6e6bfdab6eb5eb11052b141c799ffd876","sellTxId":"b9878592fdd4f87a73519062d05b62a67bf0148e"}
{"index": {"_index":"leo","_id":"3086300"}}
	{"id":3086300,"type":"sell","buyer":"astuk","seller":"mushanov","symbol":"LEO","quantity":"10.099","price":"0.18270000","timestamp":1648601175,"volume":"1.84508730","buyTxId":"c9e6dfb6e6bfdab6eb5eb11052b141c799ffd876","sellTxId":"0d070cb81a52ddfeef886738abdfa83e601c9088"}
{"index": {"_index":"leo","_id":"3086304"}}
	{"id":3086304,"type":"sell","buyer":"astuk","seller":"dhedge-drips","symbol":"LEO","quantity":"1.894","price":"0.18270000","timestamp":1648601184,"volume":"0.34603380","buyTxId":"c9e6dfb6e6bfdab6eb5eb11052b141c799ffd876","sellTxId":"7c45c6858944a288e81b4f7d4393840705e26a76"}
{"index": {"_index":"leo","_id":"3086469"}}
	{"id":3086469,"type":"sell","buyer":"astuk","seller":"steem82868","symbol":"LEO","quantity":"1.745","price":"0.18270000","timestamp":1648603785,"volume":"0.31881150","buyTxId":"c9e6dfb6e6bfdab6eb5eb11052b141c799ffd876","sellTxId":"f9ad08f682f2ca497f714fabed54830bb1c5d75c"}
