{"index": {"_index":"leo","_id":"1977782"}}
	{"id":1977782,"type":"sell","buyer":"leomaker","seller":"brofi-market","symbol":"LEO","quantity":"0.001","price":"0.33007200","timestamp":1636863138,"volume":"0.00033007","buyTxId":"26a448eebaaa13aa87dc67984a7628603ef62c9c","sellTxId":"5d395dc4bdd6d215d41243510a7107cce1d8bbae"}
{"index": {"_index":"leo","_id":"1977910"}}
	{"id":1977910,"type":"sell","buyer":"leomaker","seller":"coffeelovers","symbol":"LEO","quantity":"0.189","price":"0.33007200","timestamp":1636864707,"volume":"0.06238361","buyTxId":"26a448eebaaa13aa87dc67984a7628603ef62c9c","sellTxId":"be9c4309859126dc9ad916a8b70d78f619f01d03"}
{"index": {"_index":"leo","_id":"1978042"}}
	{"id":1978042,"type":"sell","buyer":"leomaker","seller":"travelwritemoney","symbol":"LEO","quantity":"0.627","price":"0.33007200","timestamp":1636866381,"volume":"0.20695514","buyTxId":"26a448eebaaa13aa87dc67984a7628603ef62c9c","sellTxId":"b3e344c6f5e309613fefb1bfb3aa09f8cff3eee6"}
{"index": {"_index":"leo","_id":"1978398"}}
	{"id":1978398,"type":"buy","buyer":"justinparke","seller":"magicbeans","symbol":"LEO","quantity":"3.000","price":"0.35202999","timestamp":1636870104,"volume":"1.05608997","buyTxId":"b046ad072edd92a9b87c6fea9374227844433a1a","sellTxId":"dddb6f0a5466edbe2d8eca105b70743b6d7039ec"}
{"index": {"_index":"leo","_id":"1978399"}}
	{"id":1978399,"type":"buy","buyer":"justinparke","seller":"brofi-market","symbol":"LEO","quantity":"0.001","price":"0.35202999","timestamp":1636870104,"volume":"0.00035203","buyTxId":"b046ad072edd92a9b87c6fea9374227844433a1a","sellTxId":"67cf09d72521bbb3c2a689c3a4cbc32273a30790"}
{"index": {"_index":"leo","_id":"1978400"}}
	{"id":1978400,"type":"buy","buyer":"justinparke","seller":"leomaker","symbol":"LEO","quantity":"15.880","price":"0.35203000","timestamp":1636870104,"volume":"5.59023640","buyTxId":"b046ad072edd92a9b87c6fea9374227844433a1a","sellTxId":"1b44a2fe9b7303f4e66d1b0c5ecc8b6c435cb83a"}
{"index": {"_index":"leo","_id":"1978401"}}
	{"id":1978401,"type":"buy","buyer":"justinparke","seller":"brofi-market","symbol":"LEO","quantity":"0.273","price":"0.35203000","timestamp":1636870104,"volume":"0.09610419","buyTxId":"b046ad072edd92a9b87c6fea9374227844433a1a","sellTxId":"004e5917c8951f74d70863edf52b90d3be66ea2c"}
{"index": {"_index":"leo","_id":"1978402"}}
	{"id":1978402,"type":"buy","buyer":"justinparke","seller":"mushanov","symbol":"LEO","quantity":"9.597","price":"0.35280000","timestamp":1636870104,"volume":"3.38582160","buyTxId":"b046ad072edd92a9b87c6fea9374227844433a1a","sellTxId":"da0211e6fa11efce1672e84ccd58c28af77df8bf"}
{"index": {"_index":"leo","_id":"1978403"}}
	{"id":1978403,"type":"buy","buyer":"justinparke","seller":"richardcrill","symbol":"LEO","quantity":"33.000","price":"0.35290048","timestamp":1636870104,"volume":"11.64571584","buyTxId":"b046ad072edd92a9b87c6fea9374227844433a1a","sellTxId":"MM-P-12163985-59150109-3-7-0"}
{"index": {"_index":"leo","_id":"1978404"}}
	{"id":1978404,"type":"buy","buyer":"justinparke","seller":"enginemaker","symbol":"LEO","quantity":"133.026","price":"0.35300048","timestamp":1636870104,"volume":"46.95858267","buyTxId":"b046ad072edd92a9b87c6fea9374227844433a1a","sellTxId":"MM-P-12163885-59150009-3-1-1"}
{"index": {"_index":"leo","_id":"1978413"}}
	{"id":1978413,"type":"buy","buyer":"justinparke","seller":"richardcrill","symbol":"LEO","quantity":"33.000","price":"0.35290048","timestamp":1636870143,"volume":"11.64571584","buyTxId":"cce1e857cdaf75d254f7e4a48de03a082a87368d","sellTxId":"MM-P-12174443-59160572-3-7-0"}
{"index": {"_index":"leo","_id":"1978414"}}
	{"id":1978414,"type":"buy","buyer":"justinparke","seller":"enginemaker","symbol":"LEO","quantity":"138.266","price":"0.35300048","timestamp":1636870143,"volume":"48.80828416","buyTxId":"cce1e857cdaf75d254f7e4a48de03a082a87368d","sellTxId":"MM-P-12163885-59150009-3-1-1"}
{"index": {"_index":"leo","_id":"1978479"}}
	{"id":1978479,"type":"sell","buyer":"leomaker","seller":"coffeelovers","symbol":"LEO","quantity":"12.228","price":"0.33007400","timestamp":1636870479,"volume":"4.03614487","buyTxId":"cd21b09ad1d812e28c8f205aad24b2c400f4765b","sellTxId":"3d89df6557a7298cfcd3c1be97bb0e518b21addc"}
{"index": {"_index":"leo","_id":"1978485"}}
	{"id":1978485,"type":"buy","buyer":"devpress","seller":"richardcrill","symbol":"LEO","quantity":"1.206","price":"0.35290048","timestamp":1636870503,"volume":"0.42581385","buyTxId":"5f9be27bf5759dddd8ac5bfb0e61dfe3212dad60","sellTxId":"MM-P-12174542-59160671-3-7-0"}
{"index": {"_index":"leo","_id":"1978704"}}
	{"id":1978704,"type":"buy","buyer":"masshole","seller":"leomaker","symbol":"LEO","quantity":"9.643","price":"0.35289900","timestamp":1636871739,"volume":"3.40300506","buyTxId":"6c7ea12568d23a64a7d9b570ceaab5fece280b91","sellTxId":"3a3185616994511ffd99464d20a54aa4513a2264"}
{"index": {"_index":"leo","_id":"1978705"}}
	{"id":1978705,"type":"buy","buyer":"masshole","seller":"richardcrill","symbol":"LEO","quantity":"31.794","price":"0.35290048","timestamp":1636871739,"volume":"11.22011786","buyTxId":"6c7ea12568d23a64a7d9b570ceaab5fece280b91","sellTxId":"MM-P-12174542-59160671-3-7-0"}
{"index": {"_index":"leo","_id":"1978706"}}
	{"id":1978706,"type":"buy","buyer":"masshole","seller":"leomaker","symbol":"LEO","quantity":"9.608","price":"0.35299900","timestamp":1636871739,"volume":"3.39161439","buyTxId":"6c7ea12568d23a64a7d9b570ceaab5fece280b91","sellTxId":"4e59c8b99a1fdc24634ca496f74128fc114d240c"}
{"index": {"_index":"leo","_id":"1978717"}}
	{"id":1978717,"type":"sell","buyer":"masshole","seller":"richardcrill","symbol":"LEO","quantity":"33.000","price":"0.35300000","timestamp":1636871922,"volume":"11.64900000","buyTxId":"6c7ea12568d23a64a7d9b570ceaab5fece280b91","sellTxId":"MM-P-12175041-59161171-3-7-0"}
{"index": {"_index":"leo","_id":"1978790"}}
	{"id":1978790,"type":"sell","buyer":"masshole","seller":"genet","symbol":"LEO","quantity":"165.955","price":"0.35300000","timestamp":1636872450,"volume":"58.58211500","buyTxId":"6c7ea12568d23a64a7d9b570ceaab5fece280b91","sellTxId":"2cc3b2db7de8eab6f7d239bf6201314952cf2ddf-1"}
{"index": {"_index":"leo","_id":"1978858"}}
	{"id":1978858,"type":"sell","buyer":"magicbeans","seller":"irivers","symbol":"LEO","quantity":"0.017","price":"0.33007401","timestamp":1636873095,"volume":"0.00561126","buyTxId":"6dc0d9f7f114837b4aa98dc8fc65335f065d1b88","sellTxId":"db15b04db48770104da10d4e659dd13953d3416d"}
{"index": {"_index":"leo","_id":"1978866"}}
	{"id":1978866,"type":"sell","buyer":"magicbeans","seller":"elevator09","symbol":"LEO","quantity":"0.244","price":"0.33007401","timestamp":1636873215,"volume":"0.08053806","buyTxId":"6dc0d9f7f114837b4aa98dc8fc65335f065d1b88","sellTxId":"57a947da9148a9b78d894eb3d9b05b3be7b4a18c"}
{"index": {"_index":"leo","_id":"1978874"}}
	{"id":1978874,"type":"sell","buyer":"sk1920","seller":"genet","symbol":"LEO","quantity":"1.750","price":"0.35300000","timestamp":1636873308,"volume":"0.61775000","buyTxId":"7b6cc24df42f6eacc5285dd6f50deee907586ea5","sellTxId":"04b7670923a837a3c8c86b6cec3bc6f11283c641-1"}
{"index": {"_index":"leo","_id":"1978976"}}
	{"id":1978976,"type":"sell","buyer":"magicbeans","seller":"lifeskills-tv","symbol":"LEO","quantity":"2.739","price":"0.33007401","timestamp":1636874334,"volume":"0.90407271","buyTxId":"6dc0d9f7f114837b4aa98dc8fc65335f065d1b88","sellTxId":"4ff33a24e1951d1c11ca4c73c3cdc08c05a97ce6"}
{"index": {"_index":"leo","_id":"1978977"}}
	{"id":1978977,"type":"buy","buyer":"genet","seller":"lifeskills-tv","symbol":"LEO","quantity":"4.705","price":"0.33007401","timestamp":1636874337,"volume":"1.55299822","buyTxId":"e8889bced7531ca8a49e9c8af0bc8b7d7797af57-0","sellTxId":"4ff33a24e1951d1c11ca4c73c3cdc08c05a97ce6"}
{"index": {"_index":"leo","_id":"1979017"}}
	{"id":1979017,"type":"sell","buyer":"leomaker","seller":"ash","symbol":"LEO","quantity":"7","price":"0.33007400","timestamp":1636874883,"volume":"2.31051800","buyTxId":"cd21b09ad1d812e28c8f205aad24b2c400f4765b","sellTxId":"34eb9a50854c61e4dbb610d53276210a98efda59"}
{"index": {"_index":"leo","_id":"1979041"}}
	{"id":1979041,"type":"buy","buyer":"oldtimer","seller":"leomaker","symbol":"LEO","quantity":"9.641","price":"0.35299900","timestamp":1636875036,"volume":"3.40326336","buyTxId":"0bec76e800e9770667f409083f0688e3a8a50ad1","sellTxId":"f3c401888ae666408f77b7675e67988c5b04c020"}
{"index": {"_index":"leo","_id":"1979042"}}
	{"id":1979042,"type":"buy","buyer":"oldtimer","seller":"enginemaker","symbol":"LEO","quantity":"180.859","price":"0.35300048","timestamp":1636875036,"volume":"63.84331381","buyTxId":"0bec76e800e9770667f409083f0688e3a8a50ad1","sellTxId":"MM-P-12163885-59150009-3-1-1"}
{"index": {"_index":"leo","_id":"1979122"}}
	{"id":1979122,"type":"sell","buyer":"leomaker","seller":"silvertop","symbol":"LEO","quantity":"10.447","price":"0.33007400","timestamp":1636875816,"volume":"3.44828308","buyTxId":"cd21b09ad1d812e28c8f205aad24b2c400f4765b","sellTxId":"e9c1e2a1652ea0a33416494c70a7225a57f79fbe"}
{"index": {"_index":"leo","_id":"1979140"}}
	{"id":1979140,"type":"sell","buyer":"leomaker","seller":"lightcaptured","symbol":"LEO","quantity":"0.206","price":"0.33007400","timestamp":1636876020,"volume":"0.06799524","buyTxId":"cd21b09ad1d812e28c8f205aad24b2c400f4765b","sellTxId":"fa9e0465b89208f8b8933fe03538622480a30bc9"}
{"index": {"_index":"leo","_id":"1979141"}}
	{"id":1979141,"type":"sell","buyer":"leomaker","seller":"lammbock","symbol":"LEO","quantity":"2.078","price":"0.33007400","timestamp":1636876038,"volume":"0.68589377","buyTxId":"cd21b09ad1d812e28c8f205aad24b2c400f4765b","sellTxId":"8d613a3dc77c0b822f144f073b99435a8fe77b91"}
{"index": {"_index":"leo","_id":"1979365"}}
	{"id":1979365,"type":"sell","buyer":"leomaker","seller":"pimpstudio","symbol":"LEO","quantity":"0.985","price":"0.33007400","timestamp":1636877577,"volume":"0.32512289","buyTxId":"cd21b09ad1d812e28c8f205aad24b2c400f4765b","sellTxId":"ba050d9f1307f5e659f20f1a02e28d721d67d1b9"}
{"index": {"_index":"leo","_id":"1979376"}}
	{"id":1979376,"type":"sell","buyer":"leomaker","seller":"kolbjorn","symbol":"LEO","quantity":"7.766","price":"0.33007400","timestamp":1636877634,"volume":"2.56335468","buyTxId":"cd21b09ad1d812e28c8f205aad24b2c400f4765b","sellTxId":"35939135b524c58a19c4bf40953f8ad5d03203e7"}
{"index": {"_index":"leo","_id":"1979377"}}
	{"id":1979377,"type":"sell","buyer":"he-index","seller":"kolbjorn","symbol":"LEO","quantity":"0.648","price":"0.33007400","timestamp":1636877634,"volume":"0.21388795","buyTxId":"e63b0dbb1b571ec8820c47b3eacfcd8996d43dea","sellTxId":"35939135b524c58a19c4bf40953f8ad5d03203e7"}
{"index": {"_index":"leo","_id":"1979378"}}
	{"id":1979378,"type":"sell","buyer":"master-lamps","seller":"kolbjorn","symbol":"LEO","quantity":"25.301","price":"0.33007210","timestamp":1636877634,"volume":"8.35115420","buyTxId":"4052195a6e9aa7c364eee5879850a3fa00c43503","sellTxId":"35939135b524c58a19c4bf40953f8ad5d03203e7"}
{"index": {"_index":"leo","_id":"1979413"}}
	{"id":1979413,"type":"sell","buyer":"master-lamps","seller":"trumpman","symbol":"LEO","quantity":"38.972","price":"0.33007210","timestamp":1636877877,"volume":"12.86356988","buyTxId":"4052195a6e9aa7c364eee5879850a3fa00c43503","sellTxId":"d42c7f0429c19e833398a8e726f5b2cdf5fd977a"}
{"index": {"_index":"leo","_id":"1979492"}}
	{"id":1979492,"type":"sell","buyer":"leomaker","seller":"wulff-media","symbol":"LEO","quantity":"0.007","price":"0.33007400","timestamp":1636878405,"volume":"0.00231052","buyTxId":"3058a820551fb0550b53ec43905cce9241805e92","sellTxId":"8576e24552c69b47b30d6968ea09d330d6746870"}
{"index": {"_index":"leo","_id":"1979619"}}
	{"id":1979619,"type":"sell","buyer":"leomaker","seller":"leeyh2","symbol":"LEO","quantity":"26.293","price":"0.33007400","timestamp":1636879239,"volume":"8.67863568","buyTxId":"3058a820551fb0550b53ec43905cce9241805e92","sellTxId":"8fbb84417da8fe3162392d99325b9e5b5dd8e49a"}
{"index": {"_index":"leo","_id":"1979798"}}
	{"id":1979798,"type":"sell","buyer":"leomaker","seller":"flexyg","symbol":"LEO","quantity":"0.687","price":"0.33007400","timestamp":1636881063,"volume":"0.22676084","buyTxId":"3058a820551fb0550b53ec43905cce9241805e92","sellTxId":"7a668fe430e4cabe8764c72e211baef943d5dcc6"}
{"index": {"_index":"leo","_id":"1979811"}}
	{"id":1979811,"type":"sell","buyer":"leomaker","seller":"savagetobi","symbol":"LEO","quantity":"1.228","price":"0.33007400","timestamp":1636881213,"volume":"0.40533087","buyTxId":"3058a820551fb0550b53ec43905cce9241805e92","sellTxId":"dd8bbd68718f4c51e7d1c12e7e144c503873296b"}
{"index": {"_index":"leo","_id":"1979826"}}
	{"id":1979826,"type":"sell","buyer":"leomaker","seller":"dswap","symbol":"LEO","quantity":"0.392","price":"0.33007400","timestamp":1636881399,"volume":"0.12938901","buyTxId":"3058a820551fb0550b53ec43905cce9241805e92","sellTxId":"4bdee3590013d9ab43ab81ebad4775f07e995b13"}
{"index": {"_index":"leo","_id":"1980039"}}
	{"id":1980039,"type":"sell","buyer":"leomaker","seller":"eghnim","symbol":"LEO","quantity":"0.375","price":"0.33007400","timestamp":1636883487,"volume":"0.12377775","buyTxId":"3058a820551fb0550b53ec43905cce9241805e92","sellTxId":"7d02a19a9daebab7085039b0c40bf402a81aa2a3"}
{"index": {"_index":"leo","_id":"1980059"}}
	{"id":1980059,"type":"sell","buyer":"leomaker","seller":"steevc","symbol":"LEO","quantity":"10.000","price":"0.33007400","timestamp":1636883655,"volume":"3.30074000","buyTxId":"3058a820551fb0550b53ec43905cce9241805e92","sellTxId":"c732502d2681a6d1db85aa4062e7e5432280059c"}
{"index": {"_index":"leo","_id":"1980080"}}
	{"id":1980080,"type":"sell","buyer":"leomaker","seller":"james490","symbol":"LEO","quantity":"0.761","price":"0.33007400","timestamp":1636883883,"volume":"0.25118631","buyTxId":"3058a820551fb0550b53ec43905cce9241805e92","sellTxId":"d6b232c4221f9dc8a44c1246b922de349350c8b4"}
{"index": {"_index":"leo","_id":"1980125"}}
	{"id":1980125,"type":"sell","buyer":"leomaker","seller":"razam","symbol":"LEO","quantity":"0.020","price":"0.33007400","timestamp":1636884198,"volume":"0.00660148","buyTxId":"3058a820551fb0550b53ec43905cce9241805e92","sellTxId":"c12184e370646ffec35159e33d6a5ac9e1fc7a29"}
{"index": {"_index":"leo","_id":"1980222"}}
	{"id":1980222,"type":"sell","buyer":"leomaker","seller":"melbourneswest","symbol":"LEO","quantity":"0.983","price":"0.33007400","timestamp":1636885302,"volume":"0.32446274","buyTxId":"3058a820551fb0550b53ec43905cce9241805e92","sellTxId":"2800118c1b2ad51697fd3dfe2aace2b8ee05f00c"}
{"index": {"_index":"leo","_id":"1980223"}}
	{"id":1980223,"type":"sell","buyer":"master-lamps","seller":"melbourneswest","symbol":"LEO","quantity":"7.017","price":"0.33007210","timestamp":1636885302,"volume":"2.31611593","buyTxId":"4052195a6e9aa7c364eee5879850a3fa00c43503","sellTxId":"2800118c1b2ad51697fd3dfe2aace2b8ee05f00c"}
{"index": {"_index":"leo","_id":"1980321"}}
	{"id":1980321,"type":"sell","buyer":"master-lamps","seller":"itharagaian","symbol":"LEO","quantity":"0.001","price":"0.33007210","timestamp":1636886484,"volume":"0.00033007","buyTxId":"4052195a6e9aa7c364eee5879850a3fa00c43503","sellTxId":"aa4d40d8dcc2651304576528bd1de4f4046ab7f5"}
{"index": {"_index":"leo","_id":"1980391"}}
	{"id":1980391,"type":"sell","buyer":"master-lamps","seller":"itharagaian","symbol":"LEO","quantity":"0.133","price":"0.33007210","timestamp":1636887060,"volume":"0.04389959","buyTxId":"4052195a6e9aa7c364eee5879850a3fa00c43503","sellTxId":"590f09d028d8b89a8474c7ed77f25b237c473c4c"}
{"index": {"_index":"leo","_id":"1980438"}}
	{"id":1980438,"type":"sell","buyer":"master-lamps","seller":"makeitreal95","symbol":"LEO","quantity":"5.221","price":"0.33007210","timestamp":1636887654,"volume":"1.72330643","buyTxId":"4052195a6e9aa7c364eee5879850a3fa00c43503","sellTxId":"ea28f40ece2997f7d48e2c086520e7fa360158e4"}
{"index": {"_index":"leo","_id":"1980439"}}
	{"id":1980439,"type":"sell","buyer":"leomaker","seller":"makeitreal95","symbol":"LEO","quantity":"0.032","price":"0.33007200","timestamp":1636887654,"volume":"0.01056230","buyTxId":"26a448eebaaa13aa87dc67984a7628603ef62c9c","sellTxId":"ea28f40ece2997f7d48e2c086520e7fa360158e4"}
{"index": {"_index":"leo","_id":"1980502"}}
	{"id":1980502,"type":"sell","buyer":"leomaker","seller":"besheda","symbol":"LEO","quantity":"0.506","price":"0.33007200","timestamp":1636888275,"volume":"0.16701643","buyTxId":"26a448eebaaa13aa87dc67984a7628603ef62c9c","sellTxId":"4a9434241598f9b48ea5110f39e3b948e2689be9"}
{"index": {"_index":"leo","_id":"1980568"}}
	{"id":1980568,"type":"sell","buyer":"leomaker","seller":"hive-143869","symbol":"LEO","quantity":"0.287","price":"0.33007200","timestamp":1636888860,"volume":"0.09473066","buyTxId":"26a448eebaaa13aa87dc67984a7628603ef62c9c","sellTxId":"80741ac40425809accadd6809dbdb404cc856bf9"}
{"index": {"_index":"leo","_id":"1980677"}}
	{"id":1980677,"type":"sell","buyer":"leomaker","seller":"razam","symbol":"LEO","quantity":"0.002","price":"0.33007200","timestamp":1636890111,"volume":"0.00066014","buyTxId":"26a448eebaaa13aa87dc67984a7628603ef62c9c","sellTxId":"c27eb7134c0bafc699e662eb45e8c145a326c0a9"}
{"index": {"_index":"leo","_id":"1980704"}}
	{"id":1980704,"type":"sell","buyer":"leomaker","seller":"buildahouse","symbol":"LEO","quantity":"0.014","price":"0.33007200","timestamp":1636890642,"volume":"0.00462101","buyTxId":"26a448eebaaa13aa87dc67984a7628603ef62c9c","sellTxId":"73facf20d709c845249b11a078053a665a86c90f"}
{"index": {"_index":"leo","_id":"1980757"}}
	{"id":1980757,"type":"sell","buyer":"leomaker","seller":"digital-fortress","symbol":"LEO","quantity":"39.545","price":"0.33007200","timestamp":1636890912,"volume":"13.05269724","buyTxId":"26a448eebaaa13aa87dc67984a7628603ef62c9c","sellTxId":"4fe8a62e9a3cd31bf211955dae9c939a1d12d156"}
{"index": {"_index":"leo","_id":"1980758"}}
	{"id":1980758,"type":"sell","buyer":"he-index","seller":"digital-fortress","symbol":"LEO","quantity":"0.821","price":"0.33007200","timestamp":1636890912,"volume":"0.27098911","buyTxId":"0eef952a8a0d2de7609aa4c15ddf69634f5c7740","sellTxId":"4fe8a62e9a3cd31bf211955dae9c939a1d12d156"}
{"index": {"_index":"leo","_id":"1980759"}}
	{"id":1980759,"type":"sell","buyer":"he-index","seller":"digital-fortress","symbol":"LEO","quantity":"3.054","price":"0.33007200","timestamp":1636890912,"volume":"1.00803989","buyTxId":"3355ad4e0a0cee2cc067413dc794a182ca0d97de","sellTxId":"4fe8a62e9a3cd31bf211955dae9c939a1d12d156"}
{"index": {"_index":"leo","_id":"1980772"}}
	{"id":1980772,"type":"sell","buyer":"wildebunny","seller":"digital-fortress","symbol":"LEO","quantity":"118.506","price":"0.33007000","timestamp":1636890969,"volume":"39.11527542","buyTxId":"d8059ede2f0af446c9dd3d6a634002fdf88887bd","sellTxId":"2025abf19414605434e25817490d38134ea8dcd6"}
{"index": {"_index":"leo","_id":"1980932"}}
	{"id":1980932,"type":"sell","buyer":"leomaker","seller":"brofi-market","symbol":"LEO","quantity":"11.516","price":"0.33007200","timestamp":1636891929,"volume":"3.80110915","buyTxId":"2c7d361b8de88a0e0b0f3ca14093f616a8453fd6","sellTxId":"f58ea61d6aa9aa591754c9337d0e2b749ead31eb"}
{"index": {"_index":"leo","_id":"1981213"}}
	{"id":1981213,"type":"sell","buyer":"leomaker","seller":"tonytrillions","symbol":"LEO","quantity":"0.155","price":"0.33007200","timestamp":1636893825,"volume":"0.05116116","buyTxId":"2c7d361b8de88a0e0b0f3ca14093f616a8453fd6","sellTxId":"231652d83e7e3bef2503a17ed2b8c0c821ef1102"}
{"index": {"_index":"leo","_id":"1981281"}}
	{"id":1981281,"type":"sell","buyer":"leomaker","seller":"snackaholic","symbol":"LEO","quantity":"9.856","price":"0.33007200","timestamp":1636894359,"volume":"3.25318963","buyTxId":"2c7d361b8de88a0e0b0f3ca14093f616a8453fd6","sellTxId":"7469d3ed29c2a5be79d4667df9b739e397a7d2cd"}
{"index": {"_index":"leo","_id":"1981637"}}
	{"id":1981637,"type":"sell","buyer":"leomaker","seller":"pixelfan","symbol":"LEO","quantity":"0.422","price":"0.33007200","timestamp":1636897629,"volume":"0.13929038","buyTxId":"2c7d361b8de88a0e0b0f3ca14093f616a8453fd6","sellTxId":"424b4113cf2d887c82e48dba0f819f7e1b205c22"}
{"index": {"_index":"leo","_id":"1981742"}}
	{"id":1981742,"type":"sell","buyer":"leomaker","seller":"travelwritemoney","symbol":"LEO","quantity":"0.500","price":"0.33007200","timestamp":1636898472,"volume":"0.16503600","buyTxId":"2c7d361b8de88a0e0b0f3ca14093f616a8453fd6","sellTxId":"ab9431e5f2a6a4296c5b83cd9c3793759ef64143"}
{"index": {"_index":"leo","_id":"1981851"}}
	{"id":1981851,"type":"sell","buyer":"leomaker","seller":"marvinix","symbol":"LEO","quantity":"0.641","price":"0.33007200","timestamp":1636899243,"volume":"0.21157615","buyTxId":"2c7d361b8de88a0e0b0f3ca14093f616a8453fd6","sellTxId":"bb8292638f1c871bbf607066737df3b9ab2f58f4"}
{"index": {"_index":"leo","_id":"1981908"}}
	{"id":1981908,"type":"sell","buyer":"leomaker","seller":"candy49","symbol":"LEO","quantity":"0.026","price":"0.33007200","timestamp":1636899714,"volume":"0.00858187","buyTxId":"2c7d361b8de88a0e0b0f3ca14093f616a8453fd6","sellTxId":"0792f027482430ca289d6bd79a6a3a94138dddb1"}
{"index": {"_index":"leo","_id":"1982025"}}
	{"id":1982025,"type":"sell","buyer":"leomaker","seller":"magnacarta","symbol":"LEO","quantity":"0.011","price":"0.33007200","timestamp":1636900422,"volume":"0.00363079","buyTxId":"2c7d361b8de88a0e0b0f3ca14093f616a8453fd6","sellTxId":"62b9cce52a3b8328d29cf82dd23dc38b835ff968"}
{"index": {"_index":"leo","_id":"1982089"}}
	{"id":1982089,"type":"buy","buyer":"jocieprosza","seller":"leomaker","symbol":"LEO","quantity":"11.010","price":"0.34499800","timestamp":1636901028,"volume":"3.79842798","buyTxId":"c4c5e8faaca42099483a14300d373704a9c5d974","sellTxId":"9b6fd64f3c16b2cdca2a454a8ee97888c38583b3"}
{"index": {"_index":"leo","_id":"1982090"}}
	{"id":1982090,"type":"buy","buyer":"jocieprosza","seller":"master-lamps","symbol":"LEO","quantity":"77.990","price":"0.34499900","timestamp":1636901028,"volume":"26.90647201","buyTxId":"c4c5e8faaca42099483a14300d373704a9c5d974","sellTxId":"d9481eb4867b56c55996e5101bb7f639274155ed"}
{"index": {"_index":"leo","_id":"1982117"}}
	{"id":1982117,"type":"sell","buyer":"leomaker","seller":"harry-jacob","symbol":"LEO","quantity":"8.600","price":"0.33007200","timestamp":1636901361,"volume":"2.83861920","buyTxId":"2c7d361b8de88a0e0b0f3ca14093f616a8453fd6","sellTxId":"aad0454d5708e7341f248215c183306189b8e601"}
{"index": {"_index":"leo","_id":"1982252"}}
	{"id":1982252,"type":"sell","buyer":"leomaker","seller":"wxmark","symbol":"LEO","quantity":"7.263","price":"0.33007200","timestamp":1636902522,"volume":"2.39731294","buyTxId":"2c7d361b8de88a0e0b0f3ca14093f616a8453fd6","sellTxId":"bae3315c883664fafe2d2a178d1d33d31f476e1f"}
{"index": {"_index":"leo","_id":"1982253"}}
	{"id":1982253,"type":"sell","buyer":"mecurry","seller":"wxmark","symbol":"LEO","quantity":"0.002","price":"0.33007200","timestamp":1636902522,"volume":"0.00066014","buyTxId":"a8128abf00fdd5793244ca5fbfc9c0c3f4d78cee","sellTxId":"bae3315c883664fafe2d2a178d1d33d31f476e1f"}
{"index": {"_index":"leo","_id":"1982254"}}
	{"id":1982254,"type":"sell","buyer":"wildebunny","seller":"wxmark","symbol":"LEO","quantity":"45.566","price":"0.33007000","timestamp":1636902522,"volume":"15.03996962","buyTxId":"d8059ede2f0af446c9dd3d6a634002fdf88887bd","sellTxId":"bae3315c883664fafe2d2a178d1d33d31f476e1f"}
{"index": {"_index":"leo","_id":"1982791"}}
	{"id":1982791,"type":"sell","buyer":"leomaker","seller":"splinterbooster","symbol":"LEO","quantity":"0.249","price":"0.33007200","timestamp":1636906902,"volume":"0.08218793","buyTxId":"e6a33c87feff8a1576205a56d293355084e44ecf","sellTxId":"ef9b5d8f1b990e7289c13040ae1fff7717d8746f"}
{"index": {"_index":"leo","_id":"1983111"}}
	{"id":1983111,"type":"sell","buyer":"leomaker","seller":"automaton","symbol":"LEO","quantity":"0.546","price":"0.33007200","timestamp":1636908582,"volume":"0.18021931","buyTxId":"e6a33c87feff8a1576205a56d293355084e44ecf","sellTxId":"666780500c344521ba5cbe2a3e62f990a2d8bb2a"}
{"index": {"_index":"leo","_id":"1983119"}}
	{"id":1983119,"type":"sell","buyer":"leomaker","seller":"captainquack22","symbol":"LEO","quantity":"1.32","price":"0.33007200","timestamp":1636908609,"volume":"0.43569504","buyTxId":"e6a33c87feff8a1576205a56d293355084e44ecf","sellTxId":"b3d94ebde79ac5a5a5b6c6eeda223c96331f3314"}
{"index": {"_index":"leo","_id":"1983154"}}
	{"id":1983154,"type":"sell","buyer":"leomaker","seller":"gogreenbuddy","symbol":"LEO","quantity":"33.480","price":"0.33007200","timestamp":1636908792,"volume":"11.05081056","buyTxId":"e6a33c87feff8a1576205a56d293355084e44ecf","sellTxId":"d39a0e1fee9d3d8f8922ab095efd559624ad0c49"}
{"index": {"_index":"leo","_id":"1983203"}}
	{"id":1983203,"type":"buy","buyer":"whatsup","seller":"magicbeans","symbol":"LEO","quantity":"3.000","price":"0.34499899","timestamp":1636909113,"volume":"1.03499697","buyTxId":"6da441626d2f722089f73fc394894096e18bcdaa","sellTxId":"201410224bb287d0e8ae7000cb679102ca72d395"}
{"index": {"_index":"leo","_id":"1983204"}}
	{"id":1983204,"type":"buy","buyer":"whatsup","seller":"master-lamps","symbol":"LEO","quantity":"10.443","price":"0.34499900","timestamp":1636909113,"volume":"3.60282456","buyTxId":"6da441626d2f722089f73fc394894096e18bcdaa","sellTxId":"d9481eb4867b56c55996e5101bb7f639274155ed"}
{"index": {"_index":"leo","_id":"1983205"}}
	{"id":1983205,"type":"buy","buyer":"whatsup","seller":"godfish","symbol":"LEO","quantity":"0.519","price":"0.34500000","timestamp":1636909113,"volume":"0.17905500","buyTxId":"6da441626d2f722089f73fc394894096e18bcdaa","sellTxId":"51d4afa544e893a6fb8d4e47b9f6f29d1eb79f5b"}
{"index": {"_index":"leo","_id":"1983206"}}
	{"id":1983206,"type":"buy","buyer":"whatsup","seller":"ctpsb","symbol":"LEO","quantity":"2.363","price":"0.34500000","timestamp":1636909113,"volume":"0.81523500","buyTxId":"6da441626d2f722089f73fc394894096e18bcdaa","sellTxId":"90537a7cb6dbf48581cfb7a720708028743b8689"}
{"index": {"_index":"leo","_id":"1983207"}}
	{"id":1983207,"type":"buy","buyer":"whatsup","seller":"brofi-market","symbol":"LEO","quantity":"11.516","price":"0.34500000","timestamp":1636909113,"volume":"3.97302000","buyTxId":"6da441626d2f722089f73fc394894096e18bcdaa","sellTxId":"5fd8f40c4e9563be439fa180572dbff668c0ae9f"}
{"index": {"_index":"leo","_id":"1983294"}}
	{"id":1983294,"type":"buy","buyer":"jrcornel","seller":"marfonso","symbol":"LEO","quantity":"3.531","price":"0.34999999","timestamp":1636909416,"volume":"1.23584996","buyTxId":"399b316fa5187b46f48b0d83eb7f7129ed918f1b","sellTxId":"2993f73a00bfcd41d588beb8a31eefbc25748644"}
{"index": {"_index":"leo","_id":"1983296"}}
	{"id":1983296,"type":"sell","buyer":"jrcornel","seller":"svirus","symbol":"LEO","quantity":"109.000","price":"0.34999999","timestamp":1636909419,"volume":"38.14999891","buyTxId":"399b316fa5187b46f48b0d83eb7f7129ed918f1b","sellTxId":"68dbc9e42d21016b4f1491d8632341476b666a9a-1"}
{"index": {"_index":"leo","_id":"1983486"}}
	{"id":1983486,"type":"sell","buyer":"jrcornel","seller":"acesontop","symbol":"LEO","quantity":"0.004","price":"0.34999999","timestamp":1636910340,"volume":"0.00140000","buyTxId":"399b316fa5187b46f48b0d83eb7f7129ed918f1b","sellTxId":"3b9fce519ac1eb243242e8b755415ff3576bbfbc"}
{"index": {"_index":"leo","_id":"1983487"}}
	{"id":1983487,"type":"sell","buyer":"leomaker","seller":"acesontop","symbol":"LEO","quantity":"26.777","price":"0.34500200","timestamp":1636910340,"volume":"9.23811855","buyTxId":"ac2afd8c8cb762c2a6eabfa836616a94c1b2a686","sellTxId":"3b9fce519ac1eb243242e8b755415ff3576bbfbc"}
{"index": {"_index":"leo","_id":"1983488"}}
	{"id":1983488,"type":"sell","buyer":"whatsup","seller":"acesontop","symbol":"LEO","quantity":"59.219","price":"0.34500000","timestamp":1636910340,"volume":"20.43055500","buyTxId":"6da441626d2f722089f73fc394894096e18bcdaa","sellTxId":"3b9fce519ac1eb243242e8b755415ff3576bbfbc"}
{"index": {"_index":"leo","_id":"1983497"}}
	{"id":1983497,"type":"sell","buyer":"whatsup","seller":"emsonic","symbol":"LEO","quantity":"2.802","price":"0.34500000","timestamp":1636910382,"volume":"0.96669000","buyTxId":"6da441626d2f722089f73fc394894096e18bcdaa","sellTxId":"aec9ec1874bd9db75d0daeb1faeacb289b331f8e"}
{"index": {"_index":"leo","_id":"1983584"}}
	{"id":1983584,"type":"sell","buyer":"whatsup","seller":"gogreenbuddy","symbol":"LEO","quantity":"10.138","price":"0.34500000","timestamp":1636910952,"volume":"3.49761000","buyTxId":"6da441626d2f722089f73fc394894096e18bcdaa","sellTxId":"ac46c72b9dd46cb08728798c72e0d1a377b1143e"}
{"index": {"_index":"leo","_id":"1983585"}}
	{"id":1983585,"type":"sell","buyer":"leomaker","seller":"gogreenbuddy","symbol":"LEO","quantity":"4.692","price":"0.33007200","timestamp":1636910952,"volume":"1.54869782","buyTxId":"e6a33c87feff8a1576205a56d293355084e44ecf","sellTxId":"ac46c72b9dd46cb08728798c72e0d1a377b1143e"}
{"index": {"_index":"leo","_id":"1983586"}}
	{"id":1983586,"type":"sell","buyer":"wildebunny","seller":"gogreenbuddy","symbol":"LEO","quantity":"134.928","price":"0.33007000","timestamp":1636910952,"volume":"44.53568496","buyTxId":"d8059ede2f0af446c9dd3d6a634002fdf88887bd","sellTxId":"ac46c72b9dd46cb08728798c72e0d1a377b1143e"}
{"index": {"_index":"leo","_id":"1983587"}}
	{"id":1983587,"type":"sell","buyer":"leomaker","seller":"gogreenbuddy","symbol":"LEO","quantity":"10.004","price":"0.33005300","timestamp":1636910952,"volume":"3.30185021","buyTxId":"66764d38f128093d9ed520807ac4ce5041c10c7f","sellTxId":"ac46c72b9dd46cb08728798c72e0d1a377b1143e"}
{"index": {"_index":"leo","_id":"1983588"}}
	{"id":1983588,"type":"sell","buyer":"enginemaker","seller":"gogreenbuddy","symbol":"LEO","quantity":"151.396","price":"0.33005123","timestamp":1636910952,"volume":"49.96843602","buyTxId":"MM-P-12167770-59153896-3-1-0","sellTxId":"ac46c72b9dd46cb08728798c72e0d1a377b1143e"}
{"index": {"_index":"leo","_id":"1983589"}}
	{"id":1983589,"type":"sell","buyer":"ripazha","seller":"gogreenbuddy","symbol":"LEO","quantity":"64.842","price":"0.33004435","timestamp":1636910952,"volume":"21.40073574","buyTxId":"8e7809036b16bfb58729284874c425b129b3742a-3","sellTxId":"ac46c72b9dd46cb08728798c72e0d1a377b1143e"}
{"index": {"_index":"leo","_id":"1983707"}}
	{"id":1983707,"type":"sell","buyer":"wildebunny","seller":"readthisplease","symbol":"LEO","quantity":"45.000","price":"0.33100000","timestamp":1636911771,"volume":"14.89500000","buyTxId":"cb17c1ea5edd3d6a33481d06126189927757907e","sellTxId":"7031917b06ffc5ccb816150411f8849b32bf82ed"}
{"index": {"_index":"leo","_id":"1983803"}}
	{"id":1983803,"type":"sell","buyer":"wildebunny","seller":"miketr","symbol":"LEO","quantity":"6.000","price":"0.33100000","timestamp":1636912386,"volume":"1.98600000","buyTxId":"cb17c1ea5edd3d6a33481d06126189927757907e","sellTxId":"d2943606af0121796e38be92b3b1e1282bc110f5"}
{"index": {"_index":"leo","_id":"1983815"}}
	{"id":1983815,"type":"sell","buyer":"wildebunny","seller":"kevinnag58","symbol":"LEO","quantity":"30.416","price":"0.33100000","timestamp":1636912419,"volume":"10.06769600","buyTxId":"cb17c1ea5edd3d6a33481d06126189927757907e","sellTxId":"c1f592c161824ffc2276f9d51bef6c6c864c1442"}
{"index": {"_index":"leo","_id":"1983864"}}
	{"id":1983864,"type":"sell","buyer":"wildebunny","seller":"makayana","symbol":"LEO","quantity":"0.946","price":"0.33100000","timestamp":1636912566,"volume":"0.31312600","buyTxId":"cb17c1ea5edd3d6a33481d06126189927757907e","sellTxId":"2f41ba266744d48fef6d5be5e9d3cc07b19ef94f"}
{"index": {"_index":"leo","_id":"1984069"}}
	{"id":1984069,"type":"sell","buyer":"wildebunny","seller":"alther","symbol":"LEO","quantity":"8.9","price":"0.33100000","timestamp":1636913298,"volume":"2.94590000","buyTxId":"cb17c1ea5edd3d6a33481d06126189927757907e","sellTxId":"a0c3c77184ebedfbf5f4f47189136d658dca8009"}
{"index": {"_index":"leo","_id":"1984111"}}
	{"id":1984111,"type":"sell","buyer":"wildebunny","seller":"zuerich","symbol":"LEO","quantity":"7.188","price":"0.33100000","timestamp":1636913541,"volume":"2.37922800","buyTxId":"cb17c1ea5edd3d6a33481d06126189927757907e","sellTxId":"6b77725b1d191d6df78a1ff6a087b7cc5bd11528"}
{"index": {"_index":"leo","_id":"1984115"}}
	{"id":1984115,"type":"sell","buyer":"wildebunny","seller":"loyaltyrewarded","symbol":"LEO","quantity":"0.587","price":"0.33100000","timestamp":1636913577,"volume":"0.19429700","buyTxId":"cb17c1ea5edd3d6a33481d06126189927757907e","sellTxId":"ca10a37778b91beb628264b153cd90a480691d1d"}
{"index": {"_index":"leo","_id":"1984172"}}
	{"id":1984172,"type":"sell","buyer":"wildebunny","seller":"goodindigene","symbol":"LEO","quantity":"0.567","price":"0.33100000","timestamp":1636914078,"volume":"0.18767700","buyTxId":"cb17c1ea5edd3d6a33481d06126189927757907e","sellTxId":"8b2ce82607f1571ac10e082540a4c4caaa371d6a"}
{"index": {"_index":"leo","_id":"1984205"}}
	{"id":1984205,"type":"sell","buyer":"wildebunny","seller":"archon-drips","symbol":"LEO","quantity":"0.003","price":"0.33100000","timestamp":1636914333,"volume":"0.00099300","buyTxId":"cb17c1ea5edd3d6a33481d06126189927757907e","sellTxId":"d5143273ea7f45bc327247b8f6ac099dcc858c7b"}
{"index": {"_index":"leo","_id":"1984321"}}
	{"id":1984321,"type":"sell","buyer":"wildebunny","seller":"awesomeinfo","symbol":"LEO","quantity":"0.251","price":"0.33100000","timestamp":1636915089,"volume":"0.08308100","buyTxId":"cb17c1ea5edd3d6a33481d06126189927757907e","sellTxId":"be307314afe9f80e14c2fb2c97e3c0a19817d014"}
{"index": {"_index":"leo","_id":"1984407"}}
	{"id":1984407,"type":"sell","buyer":"wildebunny","seller":"razam","symbol":"LEO","quantity":"0.001","price":"0.33100000","timestamp":1636915659,"volume":"0.00033100","buyTxId":"cb17c1ea5edd3d6a33481d06126189927757907e","sellTxId":"7730da3259b29631de5bb27d7ee791aa4aacceca"}
{"index": {"_index":"leo","_id":"1984784"}}
	{"id":1984784,"type":"sell","buyer":"wildebunny","seller":"rytre","symbol":"LEO","quantity":"3.600","price":"0.33100000","timestamp":1636916436,"volume":"1.19160000","buyTxId":"cb17c1ea5edd3d6a33481d06126189927757907e","sellTxId":"2acd2b0bdbc54bc3c046bd8491eef3b524717fcf"}
{"index": {"_index":"leo","_id":"1984863"}}
	{"id":1984863,"type":"sell","buyer":"wildebunny","seller":"deanliu","symbol":"LEO","quantity":"83.948","price":"0.33100000","timestamp":1636917216,"volume":"27.78678800","buyTxId":"cb17c1ea5edd3d6a33481d06126189927757907e","sellTxId":"b5dbe31a6cc9df1c88c77ced06475a9f31e3e79a"}
{"index": {"_index":"leo","_id":"1984868"}}
	{"id":1984868,"type":"sell","buyer":"wildebunny","seller":"mrtats","symbol":"LEO","quantity":"6.991","price":"0.33100000","timestamp":1636917267,"volume":"2.31402100","buyTxId":"cb17c1ea5edd3d6a33481d06126189927757907e","sellTxId":"c3f230f147647a455d26258cd373573884cf522d"}
{"index": {"_index":"leo","_id":"1984871"}}
	{"id":1984871,"type":"buy","buyer":"oldtimer","seller":"leomaker","symbol":"LEO","quantity":"13.288","price":"0.34979900","timestamp":1636917294,"volume":"4.64812911","buyTxId":"84503c9e9494fefd2e347804e7f1f57bdd77447c","sellTxId":"573c47b7462d11ce8c293edd77ed0dbcd044bc11"}
{"index": {"_index":"leo","_id":"1984872"}}
	{"id":1984872,"type":"buy","buyer":"oldtimer","seller":"wildebunny","symbol":"LEO","quantity":"103.459","price":"0.34980000","timestamp":1636917294,"volume":"36.18995820","buyTxId":"84503c9e9494fefd2e347804e7f1f57bdd77447c","sellTxId":"cfac929dc9984333abcb0af51ae3800d992c46b7"}
{"index": {"_index":"leo","_id":"1984873"}}
	{"id":1984873,"type":"buy","buyer":"oldtimer","seller":"toofasteddie","symbol":"LEO","quantity":"3.853","price":"0.34990000","timestamp":1636917294,"volume":"1.34816470","buyTxId":"84503c9e9494fefd2e347804e7f1f57bdd77447c","sellTxId":"f226c48c3774de01dcb70bffc0ad5d99fe2434fe"}
{"index": {"_index":"leo","_id":"1984874"}}
	{"id":1984874,"type":"buy","buyer":"oldtimer","seller":"archon-drips","symbol":"LEO","quantity":"0.003","price":"0.34990000","timestamp":1636917294,"volume":"0.00104970","buyTxId":"84503c9e9494fefd2e347804e7f1f57bdd77447c","sellTxId":"da07531738753034783ce428a7ae15b654d3fd75"}
{"index": {"_index":"leo","_id":"1984875"}}
	{"id":1984875,"type":"buy","buyer":"oldtimer","seller":"b4phom3t","symbol":"LEO","quantity":"0.063","price":"0.35000000","timestamp":1636917294,"volume":"0.02205000","buyTxId":"84503c9e9494fefd2e347804e7f1f57bdd77447c","sellTxId":"f25cd2aab3addf5117cfb875543499ae9bc095d6"}
{"index": {"_index":"leo","_id":"1984876"}}
	{"id":1984876,"type":"buy","buyer":"oldtimer","seller":"leomaker","symbol":"LEO","quantity":"11.239","price":"0.35005900","timestamp":1636917294,"volume":"3.93431310","buyTxId":"84503c9e9494fefd2e347804e7f1f57bdd77447c","sellTxId":"9c471400ec976233f0216a23fad23e4b3d3d4e05"}
{"index": {"_index":"leo","_id":"1984877"}}
	{"id":1984877,"type":"buy","buyer":"oldtimer","seller":"matrixspinor","symbol":"LEO","quantity":"1.457","price":"0.35005900","timestamp":1636917294,"volume":"0.51003596","buyTxId":"84503c9e9494fefd2e347804e7f1f57bdd77447c","sellTxId":"33f977cc2865d9148fde6477046d6f3c1745a082"}
{"index": {"_index":"leo","_id":"1984878"}}
	{"id":1984878,"type":"buy","buyer":"oldtimer","seller":"enginemaker","symbol":"LEO","quantity":"230.338","price":"0.35006000","timestamp":1636917294,"volume":"80.63212028","buyTxId":"84503c9e9494fefd2e347804e7f1f57bdd77447c","sellTxId":"MM-P-12182918-59169052-3-1-0"}
{"index": {"_index":"leo","_id":"1984887"}}
	{"id":1984887,"type":"buy","buyer":"jrcornel","seller":"enginemaker","symbol":"LEO","quantity":"97.676","price":"0.35006000","timestamp":1636917339,"volume":"34.19246056","buyTxId":"2be3fca6d06319f52266a781f7c5716d4f9ed12b","sellTxId":"MM-P-12182918-59169052-3-1-0"}
{"index": {"_index":"leo","_id":"1984931"}}
	{"id":1984931,"type":"buy","buyer":"burnbot9000","seller":"wildebunny","symbol":"LEO","quantity":"8.741","price":"0.35005000","timestamp":1636917699,"volume":"3.06","buyTxId":"7bb90221993be81372c3fc3197e5e91b8b9cbbec","sellTxId":"4eec7b122aae05a74257ca90a510da63987e8e9d"}
{"index": {"_index":"leo","_id":"1985171"}}
	{"id":1985171,"type":"sell","buyer":"wildebunny","seller":"uyobong","symbol":"LEO","quantity":"28.400","price":"0.33100000","timestamp":1636918947,"volume":"9.40040000","buyTxId":"cb17c1ea5edd3d6a33481d06126189927757907e","sellTxId":"5e057b0dd5e8b8e088c00fb3cd5406fa5d0a5932"}
{"index": {"_index":"leo","_id":"1985174"}}
	{"id":1985174,"type":"sell","buyer":"wildebunny","seller":"teatree","symbol":"LEO","quantity":"0.012","price":"0.33100000","timestamp":1636918965,"volume":"0.00397200","buyTxId":"cb17c1ea5edd3d6a33481d06126189927757907e","sellTxId":"0847c1568b32453009b4ef875fa99a4304d8bc1f"}
{"index": {"_index":"leo","_id":"1985332"}}
	{"id":1985332,"type":"sell","buyer":"wildebunny","seller":"jphamer1","symbol":"LEO","quantity":"73.211","price":"0.33100000","timestamp":1636919883,"volume":"24.23284100","buyTxId":"cb17c1ea5edd3d6a33481d06126189927757907e","sellTxId":"3819147418649eb5ba8d869bd8a889d56cd1b3cf"}
{"index": {"_index":"leo","_id":"1985349"}}
	{"id":1985349,"type":"sell","buyer":"wildebunny","seller":"jjb777","symbol":"LEO","quantity":"27.045","price":"0.33100000","timestamp":1636919943,"volume":"8.95189500","buyTxId":"cb17c1ea5edd3d6a33481d06126189927757907e","sellTxId":"7c9bb80fae3fb339e3074b430138f3729fe11b9c"}
{"index": {"_index":"leo","_id":"1985369"}}
	{"id":1985369,"type":"sell","buyer":"wildebunny","seller":"melamin","symbol":"LEO","quantity":"0.594","price":"0.33100000","timestamp":1636920063,"volume":"0.19661400","buyTxId":"cb17c1ea5edd3d6a33481d06126189927757907e","sellTxId":"edadd402c09a2d21777153df1b4864868721ed12"}
{"index": {"_index":"leo","_id":"1985463"}}
	{"id":1985463,"type":"sell","buyer":"wildebunny","seller":"besheda","symbol":"LEO","quantity":"0.028","price":"0.33100000","timestamp":1636920864,"volume":"0.00926800","buyTxId":"cb17c1ea5edd3d6a33481d06126189927757907e","sellTxId":"5ff0293926725e4ebf99e375f417cc90dc01da5d"}
{"index": {"_index":"leo","_id":"1985481"}}
	{"id":1985481,"type":"sell","buyer":"wildebunny","seller":"damstabe","symbol":"LEO","quantity":"0.590","price":"0.33100000","timestamp":1636920951,"volume":"0.19529000","buyTxId":"cb17c1ea5edd3d6a33481d06126189927757907e","sellTxId":"961d90178d605754c4ac9a7502e014c8301b75f1"}
{"index": {"_index":"leo","_id":"1985642"}}
	{"id":1985642,"type":"buy","buyer":"jk6276","seller":"leomaker","symbol":"LEO","quantity":"13.122","price":"0.35004900","timestamp":1636921905,"volume":"4.59334298","buyTxId":"5d138920a116a805b326c7013cf4016e892ff802","sellTxId":"3d9df61d99c7dd4cb69dbb441e09b649faedad5a"}
{"index": {"_index":"leo","_id":"1985643"}}
	{"id":1985643,"type":"buy","buyer":"jk6276","seller":"wildebunny","symbol":"LEO","quantity":"82.198","price":"0.35005000","timestamp":1636921905,"volume":"28.77340990","buyTxId":"5d138920a116a805b326c7013cf4016e892ff802","sellTxId":"4eec7b122aae05a74257ca90a510da63987e8e9d"}
{"index": {"_index":"leo","_id":"1985644"}}
	{"id":1985644,"type":"buy","buyer":"jk6276","seller":"opinizeunltd","symbol":"LEO","quantity":"50.000","price":"0.35005000","timestamp":1636921905,"volume":"17.50250000","buyTxId":"5d138920a116a805b326c7013cf4016e892ff802","sellTxId":"07c0123b7850b97b5aa5365283705519d17c64b6"}
{"index": {"_index":"leo","_id":"1985645"}}
	{"id":1985645,"type":"buy","buyer":"jk6276","seller":"leomaker","symbol":"LEO","quantity":"4.680","price":"0.35005900","timestamp":1636921905,"volume":"1.63827612","buyTxId":"5d138920a116a805b326c7013cf4016e892ff802","sellTxId":"93efdc4aa84f1b1c2587360d07d8b7bec57f446e"}
{"index": {"_index":"leo","_id":"1985701"}}
	{"id":1985701,"type":"sell","buyer":"wildebunny","seller":"jjprac","symbol":"LEO","quantity":"6.124","price":"0.33100000","timestamp":1636922271,"volume":"2.02704400","buyTxId":"cb17c1ea5edd3d6a33481d06126189927757907e","sellTxId":"8210d6c767da1071d85891dc8cdca8159c48fa89"}
{"index": {"_index":"leo","_id":"1985820"}}
	{"id":1985820,"type":"sell","buyer":"wildebunny","seller":"vincentnijman","symbol":"LEO","quantity":"289.000","price":"0.33100000","timestamp":1636923228,"volume":"95.65900000","buyTxId":"cb17c1ea5edd3d6a33481d06126189927757907e","sellTxId":"867ddd193851e253f1b166329410682a51ed0de0"}
{"index": {"_index":"leo","_id":"1986094"}}
	{"id":1986094,"type":"buy","buyer":"peerfinance","seller":"leomaker","symbol":"LEO","quantity":"0.464","price":"0.35004900","timestamp":1636924944,"volume":"0.16242274","buyTxId":"86333271617c1c55db7795e51aebc35fae252f1f","sellTxId":"9a45ccbfd363b3a50417d3947b7bab11fbbd02ea"}
{"index": {"_index":"leo","_id":"1986350"}}
	{"id":1986350,"type":"sell","buyer":"wildebunny","seller":"ylich","symbol":"LEO","quantity":"2.883","price":"0.33100000","timestamp":1636926114,"volume":"0.95427300","buyTxId":"cb17c1ea5edd3d6a33481d06126189927757907e","sellTxId":"7488012ad394a463dfb2f0c5c5509cb9b5b78e14"}
{"index": {"_index":"leo","_id":"1986360"}}
	{"id":1986360,"type":"sell","buyer":"wildebunny","seller":"chincsepte","symbol":"LEO","quantity":"0.894","price":"0.33100000","timestamp":1636926219,"volume":"0.29591400","buyTxId":"cb17c1ea5edd3d6a33481d06126189927757907e","sellTxId":"782c255513a878479958a43f00b6478732a827a4"}
{"index": {"_index":"leo","_id":"1986362"}}
	{"id":1986362,"type":"sell","buyer":"wildebunny","seller":"yayogerardo","symbol":"LEO","quantity":"0.047","price":"0.33100000","timestamp":1636926261,"volume":"0.01555700","buyTxId":"cb17c1ea5edd3d6a33481d06126189927757907e","sellTxId":"8e482642365f54b29653ecc75dda176c642d21d5"}
{"index": {"_index":"leo","_id":"1986514"}}
	{"id":1986514,"type":"sell","buyer":"magicbeans","seller":"resiliencia","symbol":"LEO","quantity":"3.000","price":"0.33100001","timestamp":1636928073,"volume":"0.99300003","buyTxId":"a276626e7dbb07b45bec6ddd90eadef6b8727ece","sellTxId":"050cf224654d3748b2c668684a2153bef641f40f"}
{"index": {"_index":"leo","_id":"1986515"}}
	{"id":1986515,"type":"sell","buyer":"wildebunny","seller":"resiliencia","symbol":"LEO","quantity":"72.774","price":"0.33100000","timestamp":1636928073,"volume":"24.08819400","buyTxId":"cb17c1ea5edd3d6a33481d06126189927757907e","sellTxId":"050cf224654d3748b2c668684a2153bef641f40f"}
{"index": {"_index":"leo","_id":"1986516"}}
	{"id":1986516,"type":"sell","buyer":"he-index","seller":"resiliencia","symbol":"LEO","quantity":"3.326","price":"0.33100000","timestamp":1636928073,"volume":"1.10090600","buyTxId":"70c12174e66658fe2442b136d9e8a2f9248ad22c","sellTxId":"050cf224654d3748b2c668684a2153bef641f40f"}
{"index": {"_index":"leo","_id":"1986517"}}
	{"id":1986517,"type":"sell","buyer":"he-index","seller":"resiliencia","symbol":"LEO","quantity":"8.069","price":"0.33100000","timestamp":1636928073,"volume":"2.67083900","buyTxId":"4aa6d04f9e9253383676a14d73ad900cb1290dec","sellTxId":"050cf224654d3748b2c668684a2153bef641f40f"}
{"index": {"_index":"leo","_id":"1986518"}}
	{"id":1986518,"type":"sell","buyer":"wildebunny","seller":"resiliencia","symbol":"LEO","quantity":"104.769","price":"0.33100000","timestamp":1636928073,"volume":"34.67853900","buyTxId":"2b4e538af124e95af1aa01a7836f54b6a9887062","sellTxId":"050cf224654d3748b2c668684a2153bef641f40f"}
{"index": {"_index":"leo","_id":"1986597"}}
	{"id":1986597,"type":"sell","buyer":"wildebunny","seller":"bashadow","symbol":"LEO","quantity":"1.005","price":"0.33100000","timestamp":1636928751,"volume":"0.33265500","buyTxId":"2b4e538af124e95af1aa01a7836f54b6a9887062","sellTxId":"bc3359daade2e416c090619f22742d22eaeee63e"}
{"index": {"_index":"leo","_id":"1986646"}}
	{"id":1986646,"type":"sell","buyer":"wildebunny","seller":"goodimportance","symbol":"LEO","quantity":"0.935","price":"0.33100000","timestamp":1636929531,"volume":"0.30948500","buyTxId":"2b4e538af124e95af1aa01a7836f54b6a9887062","sellTxId":"d1018cdca0762de46df4fd0514cf2d0abdbb6d54"}
{"index": {"_index":"leo","_id":"1986723"}}
	{"id":1986723,"type":"sell","buyer":"wildebunny","seller":"jordanworo","symbol":"LEO","quantity":"0.922","price":"0.33100000","timestamp":1636930263,"volume":"0.30518200","buyTxId":"2b4e538af124e95af1aa01a7836f54b6a9887062","sellTxId":"7dd53fae3715a32b26e56a517f2fdf2da6645cbf"}
{"index": {"_index":"leo","_id":"1986757"}}
	{"id":1986757,"type":"sell","buyer":"wildebunny","seller":"laritheghost","symbol":"LEO","quantity":"0.714","price":"0.33100000","timestamp":1636930710,"volume":"0.23633400","buyTxId":"2b4e538af124e95af1aa01a7836f54b6a9887062","sellTxId":"c328fcc65e25aac2d94151e3582870cb58416b7f"}
{"index": {"_index":"leo","_id":"1986769"}}
	{"id":1986769,"type":"sell","buyer":"wildebunny","seller":"chireerocks","symbol":"LEO","quantity":"7.385","price":"0.33100000","timestamp":1636930824,"volume":"2.44443500","buyTxId":"2b4e538af124e95af1aa01a7836f54b6a9887062","sellTxId":"7f7815fb9e1a6baa72b7bac38d66078c1c65edc4"}
{"index": {"_index":"leo","_id":"1986810"}}
	{"id":1986810,"type":"sell","buyer":"wildebunny","seller":"josediccus","symbol":"LEO","quantity":"9.926","price":"0.33100000","timestamp":1636931442,"volume":"3.28550600","buyTxId":"2b4e538af124e95af1aa01a7836f54b6a9887062","sellTxId":"a8f118eb7efe89e963d04ad6321fd8d02d1b9275"}
{"index": {"_index":"leo","_id":"1987141"}}
	{"id":1987141,"type":"sell","buyer":"wildebunny","seller":"cccf","symbol":"LEO","quantity":"0.458","price":"0.33100000","timestamp":1636933587,"volume":"0.15159800","buyTxId":"2b4e538af124e95af1aa01a7836f54b6a9887062","sellTxId":"20f46860bb7839fa101d3734c60462bc8f2dc1d6"}
{"index": {"_index":"leo","_id":"1987311"}}
	{"id":1987311,"type":"sell","buyer":"wildebunny","seller":"cliffagreen","symbol":"LEO","quantity":"0.498","price":"0.33100000","timestamp":1636934877,"volume":"0.16483800","buyTxId":"2b4e538af124e95af1aa01a7836f54b6a9887062","sellTxId":"ee54e7c0efc2f9cece974ededdde5795c7713da6"}
{"index": {"_index":"leo","_id":"1987519"}}
	{"id":1987519,"type":"sell","buyer":"wildebunny","seller":"cryptonian007","symbol":"LEO","quantity":"0.099","price":"0.33100000","timestamp":1636936344,"volume":"0.03276900","buyTxId":"2b4e538af124e95af1aa01a7836f54b6a9887062","sellTxId":"d517b82073abf3216ffaf25e5f2d44b074008b9e"}
{"index": {"_index":"leo","_id":"1987710"}}
	{"id":1987710,"type":"buy","buyer":"failingforward","seller":"magicbeans","symbol":"LEO","quantity":"3.000","price":"0.35004899","timestamp":1636937886,"volume":"1.05014697","buyTxId":"566a07d0fbf7582805c166698c31cb591ea3848e","sellTxId":"afb06aa78438d2096ea0081037dfd5307e4895db"}
{"index": {"_index":"leo","_id":"1987757"}}
	{"id":1987757,"type":"sell","buyer":"failingforward","seller":"wildebunny","symbol":"LEO","quantity":"3.783","price":"0.35004899","timestamp":1636938414,"volume":"1.32423533","buyTxId":"566a07d0fbf7582805c166698c31cb591ea3848e","sellTxId":"298e4457110a06231c9ac8718b532f4801d189bb"}
{"index": {"_index":"leo","_id":"1987794"}}
	{"id":1987794,"type":"sell","buyer":"wildebunny","seller":"scottcbusiness","symbol":"LEO","quantity":"18.217","price":"0.33100000","timestamp":1636938678,"volume":"6.02982700","buyTxId":"2b4e538af124e95af1aa01a7836f54b6a9887062","sellTxId":"203b35a38482d764d0df32cd8a057fe56bf5aeeb"}
{"index": {"_index":"leo","_id":"1988003"}}
	{"id":1988003,"type":"sell","buyer":"wildebunny","seller":"m2nnari","symbol":"LEO","quantity":"13.004","price":"0.33100000","timestamp":1636940694,"volume":"4.30432400","buyTxId":"2b4e538af124e95af1aa01a7836f54b6a9887062","sellTxId":"d4b38bb83b3459d84d51641e2479bc8f1018ed25"}
{"index": {"_index":"leo","_id":"1988217"}}
	{"id":1988217,"type":"sell","buyer":"wildebunny","seller":"globalcurrencies","symbol":"LEO","quantity":"344.304","price":"0.33100000","timestamp":1636942467,"volume":"113.96462400","buyTxId":"2b4e538af124e95af1aa01a7836f54b6a9887062","sellTxId":"1c7aa24a8567a9e13a1efeadc0e74540bbe18e51"}
{"index": {"_index":"leo","_id":"1988218"}}
	{"id":1988218,"type":"sell","buyer":"enginemaker","seller":"globalcurrencies","symbol":"LEO","quantity":"151.490","price":"0.33005436","timestamp":1636942467,"volume":"49.99993500","buyTxId":"MM-P-12188101-59174242-3-1-0","sellTxId":"1c7aa24a8567a9e13a1efeadc0e74540bbe18e51"}
{"index": {"_index":"leo","_id":"1988219"}}
	{"id":1988219,"type":"sell","buyer":"leomaker","seller":"globalcurrencies","symbol":"LEO","quantity":"63.256","price":"0.31963300","timestamp":1636942467,"volume":"20.21870504","buyTxId":"5f477a43fd22bdeb9e00815407f68d8c99daf7fc","sellTxId":"1c7aa24a8567a9e13a1efeadc0e74540bbe18e51"}
{"index": {"_index":"leo","_id":"1988220"}}
	{"id":1988220,"type":"sell","buyer":"leomaker","seller":"globalcurrencies","symbol":"LEO","quantity":"54.876","price":"0.31963100","timestamp":1636942467,"volume":"17.54007075","buyTxId":"cd9efbfdbdb724c107b5288f7b606bc40a78cf4c","sellTxId":"1c7aa24a8567a9e13a1efeadc0e74540bbe18e51"}
{"index": {"_index":"leo","_id":"1988221"}}
	{"id":1988221,"type":"sell","buyer":"ph1102","seller":"globalcurrencies","symbol":"LEO","quantity":"35.074","price":"0.31962852","timestamp":1636942467,"volume":"11.21065071","buyTxId":"49e55c07d53bde180b8997636fa721f0ecbfd4d4","sellTxId":"1c7aa24a8567a9e13a1efeadc0e74540bbe18e51"}
{"index": {"_index":"leo","_id":"1988242"}}
	{"id":1988242,"type":"sell","buyer":"ph1102","seller":"mario02","symbol":"LEO","quantity":"0.436","price":"0.31962852","timestamp":1636942533,"volume":"0.13935803","buyTxId":"49e55c07d53bde180b8997636fa721f0ecbfd4d4","sellTxId":"4682dbe817b55db2be5807063dbec28518e78d9c"}
{"index": {"_index":"leo","_id":"1988274"}}
	{"id":1988274,"type":"buy","buyer":"svirus","seller":"globalcurrencies","symbol":"LEO","quantity":"1000.000","price":"0.33962852","timestamp":1636942599,"volume":"339.62852000","buyTxId":"2c4e24e9a401b11515364b95921a1f7a3fc0a670-0","sellTxId":"022917931b4b794e05d17dc8c971528cb51f4a5e"}
{"index": {"_index":"leo","_id":"1988300"}}
	{"id":1988300,"type":"buy","buyer":"svirus","seller":"globalcurrencies","symbol":"LEO","quantity":"400.000","price":"0.32962852","timestamp":1636942743,"volume":"131.85140800","buyTxId":"7388e9e26548e407124f08c4d61560a73e46dd42-0","sellTxId":"7556084dc77a3b5a4c04e2f5aec3cf8f6a7c6b22"}
{"index": {"_index":"leo","_id":"1988822"}}
	{"id":1988822,"type":"sell","buyer":"leomaker","seller":"globalcurrencies","symbol":"LEO","quantity":"80.433","price":"0.31964200","timestamp":1636943619,"volume":"25.70976499","buyTxId":"55029b387b4f99d2008a0147ab7ebf81328bb420","sellTxId":"6b4439494bdec6279473e7fab8781e9583ef4f33"}
{"index": {"_index":"leo","_id":"1988823"}}
	{"id":1988823,"type":"sell","buyer":"wildebunny","seller":"globalcurrencies","symbol":"LEO","quantity":"685.000","price":"0.31964000","timestamp":1636943619,"volume":"218.95340000","buyTxId":"c6b2ae91d8551eccccd9814ddd118b0bea32a5db","sellTxId":"6b4439494bdec6279473e7fab8781e9583ef4f33"}
{"index": {"_index":"leo","_id":"1988824"}}
	{"id":1988824,"type":"buy","buyer":"konvik","seller":"globalcurrencies","symbol":"LEO","quantity":"234.567","price":"0.31964000","timestamp":1636943622,"volume":"74.97699588","buyTxId":"7603697ce8b40311e463279771da0063c3573844-0","sellTxId":"6b4439494bdec6279473e7fab8781e9583ef4f33"}
{"index": {"_index":"leo","_id":"1988854"}}
	{"id":1988854,"type":"sell","buyer":"ph1102","seller":"globalcurrencies","symbol":"LEO","quantity":"0.244","price":"0.31962852","timestamp":1636943652,"volume":"0.07798936","buyTxId":"49e55c07d53bde180b8997636fa721f0ecbfd4d4","sellTxId":"2b246577f1917d129bde759dcd97906a080afcfa"}
{"index": {"_index":"leo","_id":"1988857"}}
	{"id":1988857,"type":"buy","buyer":"konvik","seller":"globalcurrencies","symbol":"LEO","quantity":"999.756","price":"0.31662852","timestamp":1636943655,"volume":"316.55126264","buyTxId":"92452d0808635d708f5eea62ca7bb5a8bcc5a29b-0","sellTxId":"2b246577f1917d129bde759dcd97906a080afcfa"}
{"index": {"_index":"leo","_id":"1989419"}}
	{"id":1989419,"type":"sell","buyer":"wildebunny","seller":"globalcurrencies","symbol":"LEO","quantity":"716.000","price":"0.31663000","timestamp":1636944777,"volume":"226.70708000","buyTxId":"4f633ea4aa769ec97dfcef11c63b76460a724441","sellTxId":"5ddd1aa5b9516dc43abb85087e3844e84b814dea"}
{"index": {"_index":"leo","_id":"1989420"}}
	{"id":1989420,"type":"sell","buyer":"svirus","seller":"globalcurrencies","symbol":"LEO","quantity":"27.110","price":"0.31661851","timestamp":1636944777,"volume":"8.58352781","buyTxId":"43592bece74332fa526966949e710799223dd73b-0","sellTxId":"5ddd1aa5b9516dc43abb85087e3844e84b814dea"}
{"index": {"_index":"leo","_id":"1989421"}}
	{"id":1989421,"type":"buy","buyer":"svirus","seller":"globalcurrencies","symbol":"LEO","quantity":"256.890","price":"0.31661851","timestamp":1636944780,"volume":"81.33612903","buyTxId":"fbca5e7e2864c9de093b4d941fa7d0a8b878294b-0","sellTxId":"5ddd1aa5b9516dc43abb85087e3844e84b814dea"}
{"index": {"_index":"leo","_id":"1989441"}}
	{"id":1989441,"type":"sell","buyer":"leomaker","seller":"globalcurrencies","symbol":"LEO","quantity":"78.138","price":"0.31662100","timestamp":1636944831,"volume":"24.74013170","buyTxId":"e25bff27cbd44d65addf2dc9cfc53a76dcaf7272","sellTxId":"c107e5136a4c084bff3716e93989d74ae86a34a0"}
{"index": {"_index":"leo","_id":"1989442"}}
	{"id":1989442,"type":"sell","buyer":"svirus","seller":"globalcurrencies","symbol":"LEO","quantity":"743.110","price":"0.31661851","timestamp":1636944831,"volume":"235.28238097","buyTxId":"fbca5e7e2864c9de093b4d941fa7d0a8b878294b-0","sellTxId":"c107e5136a4c084bff3716e93989d74ae86a34a0"}
{"index": {"_index":"leo","_id":"1989443"}}
	{"id":1989443,"type":"buy","buyer":"svirus","seller":"globalcurrencies","symbol":"LEO","quantity":"178.752","price":"0.31661851","timestamp":1636944834,"volume":"56.59619190","buyTxId":"6fa6dd1b9f91946928d6a7c0fbde2d252cbba627-0","sellTxId":"c107e5136a4c084bff3716e93989d74ae86a34a0"}
{"index": {"_index":"leo","_id":"1989592"}}
	{"id":1989592,"type":"sell","buyer":"wildebunny","seller":"globalcurrencies","symbol":"LEO","quantity":"727.000","price":"0.31663000","timestamp":1636945185,"volume":"230.19001000","buyTxId":"1017ca7269d0ea5162307ca4da2b85ae9c3277c5","sellTxId":"1f441c36a7c8c1d26f67506016c53f74452bc64d"}
{"index": {"_index":"leo","_id":"1989593"}}
	{"id":1989593,"type":"sell","buyer":"svirus","seller":"globalcurrencies","symbol":"LEO","quantity":"821.248","price":"0.31661851","timestamp":1636945185,"volume":"260.02231810","buyTxId":"6fa6dd1b9f91946928d6a7c0fbde2d252cbba627-0","sellTxId":"1f441c36a7c8c1d26f67506016c53f74452bc64d"}
{"index": {"_index":"leo","_id":"1989594"}}
	{"id":1989594,"type":"buy","buyer":"svirus","seller":"globalcurrencies","symbol":"LEO","quantity":"451.752","price":"0.31661851","timestamp":1636945188,"volume":"143.03304513","buyTxId":"489f0374316eb549690c6a6460a6cf56f7b1f6e8-0","sellTxId":"1f441c36a7c8c1d26f67506016c53f74452bc64d"}
{"index": {"_index":"leo","_id":"1989769"}}
	{"id":1989769,"type":"sell","buyer":"svirus","seller":"razam","symbol":"LEO","quantity":"0.023","price":"0.31661851","timestamp":1636945371,"volume":"0.00728223","buyTxId":"489f0374316eb549690c6a6460a6cf56f7b1f6e8-0","sellTxId":"e33c0acc32d1097f9859a53eca845184aa1cd094"}
{"index": {"_index":"leo","_id":"1989804"}}
	{"id":1989804,"type":"sell","buyer":"leomaker","seller":"genet","symbol":"LEO","quantity":"74.838","price":"0.31662100","timestamp":1636945446,"volume":"23.69528240","buyTxId":"5387de0379fbec8d07e54cc99985e47872d506da","sellTxId":"a586b00ea16fb90f320af640810335c09070abeb-1"}
{"index": {"_index":"leo","_id":"1989950"}}
	{"id":1989950,"type":"sell","buyer":"leomaker","seller":"victoriabsb","symbol":"LEO","quantity":"0.203","price":"0.31662100","timestamp":1636945818,"volume":"0.06427406","buyTxId":"05a56a3d92fe317cbe6cd462794135977f0691f0","sellTxId":"d77cbee221823b3e64f150b8872e955381491ac9"}
{"index": {"_index":"leo","_id":"1990015"}}
	{"id":1990015,"type":"sell","buyer":"leomaker","seller":"konvik","symbol":"LEO","quantity":"71.436","price":"0.31662100","timestamp":1636946202,"volume":"22.61813776","buyTxId":"05a56a3d92fe317cbe6cd462794135977f0691f0","sellTxId":"e33af2f639c252e8f1b70bab9a21452eee7e4168-1"}
{"index": {"_index":"leo","_id":"1990018"}}
	{"id":1990018,"type":"sell","buyer":"leomaker","seller":"genet","symbol":"LEO","quantity":"0.071","price":"0.31662100","timestamp":1636946202,"volume":"0.02248009","buyTxId":"05a56a3d92fe317cbe6cd462794135977f0691f0","sellTxId":"d537890419b9a46100235646c9c603cb17d2c085-1"}
{"index": {"_index":"leo","_id":"1990022"}}
	{"id":1990022,"type":"sell","buyer":"svirus","seller":"genet","symbol":"LEO","quantity":"250.425","price":"0.31661851","timestamp":1636946205,"volume":"79.28919036","buyTxId":"489f0374316eb549690c6a6460a6cf56f7b1f6e8-0","sellTxId":"4f292fa248af0886544d3a9e493e1787c4133756-2"}
{"index": {"_index":"leo","_id":"1990252"}}
	{"id":1990252,"type":"sell","buyer":"leomaker","seller":"globalcurrencies","symbol":"LEO","quantity":"93.296","price":"0.31004200","timestamp":1636947399,"volume":"28.92567843","buyTxId":"be09b22fe68509be2d0b8ece178cbea6aba2afe6","sellTxId":"cc1351dc6a01dac096afcccdc6cbfb194e74a6d9"}
{"index": {"_index":"leo","_id":"1990253"}}
	{"id":1990253,"type":"sell","buyer":"tobetada","seller":"globalcurrencies","symbol":"LEO","quantity":"25.000","price":"0.31004026","timestamp":1636947399,"volume":"7.75100650","buyTxId":"7cc1cf76c51fb2d097c6e0121ed15850c9ad2bb3","sellTxId":"cc1351dc6a01dac096afcccdc6cbfb194e74a6d9"}
{"index": {"_index":"leo","_id":"1990254"}}
	{"id":1990254,"type":"sell","buyer":"enginemaker","seller":"globalcurrencies","symbol":"LEO","quantity":"161.285","price":"0.31001000","timestamp":1636947399,"volume":"49.99996285","buyTxId":"MM-P-12199376-59185519-3-1-0","sellTxId":"cc1351dc6a01dac096afcccdc6cbfb194e74a6d9"}
{"index": {"_index":"leo","_id":"1990255"}}
	{"id":1990255,"type":"sell","buyer":"myvest","seller":"globalcurrencies","symbol":"LEO","quantity":"891.000","price":"0.31000000","timestamp":1636947399,"volume":"276.21000000","buyTxId":"757940c9ab4ecea8bfbd43e657359f2a7d1b00a0","sellTxId":"cc1351dc6a01dac096afcccdc6cbfb194e74a6d9"}
{"index": {"_index":"leo","_id":"1990256"}}
	{"id":1990256,"type":"buy","buyer":"konvik","seller":"globalcurrencies","symbol":"LEO","quantity":"500.552","price":"0.31000000","timestamp":1636947402,"volume":"155.17112000","buyTxId":"192d217ea7ee4b7c814bc3947ce9bf6f91b7e788-0","sellTxId":"cc1351dc6a01dac096afcccdc6cbfb194e74a6d9"}
{"index": {"_index":"leo","_id":"1990286"}}
	{"id":1990286,"type":"sell","buyer":"bluerobo","seller":"globalcurrencies","symbol":"LEO","quantity":"10.000","price":"0.30201000","timestamp":1636947459,"volume":"3.02010000","buyTxId":"c11c10f74d716391dc7fe35adb80fc8dbf0394dd","sellTxId":"baf24a8c7b1562c4d6f9d8f13c444c1a56ee0589"}
{"index": {"_index":"leo","_id":"1990293"}}
	{"id":1990293,"type":"buy","buyer":"genet","seller":"globalcurrencies","symbol":"LEO","quantity":"318.867","price":"0.30201000","timestamp":1636947462,"volume":"96.30102267","buyTxId":"d23ae851925141bf03c9d022419e8222fb8df635-0","sellTxId":"baf24a8c7b1562c4d6f9d8f13c444c1a56ee0589"}
{"index": {"_index":"leo","_id":"1990443"}}
	{"id":1990443,"type":"sell","buyer":"absoluthenne","seller":"jacuzzi","symbol":"LEO","quantity":"3.000","price":"0.30500000","timestamp":1636947582,"volume":"0.91500000","buyTxId":"86e8a31ad816c6d21ca49a967b0457b544524a91","sellTxId":"70f82778aaf41efbedbf2b54f0db69c29de94dd2"}
{"index": {"_index":"leo","_id":"1990444"}}
	{"id":1990444,"type":"sell","buyer":"jfang003","seller":"jacuzzi","symbol":"LEO","quantity":"27.070","price":"0.29202000","timestamp":1636947582,"volume":"7.90498140","buyTxId":"d9a7ec81193b9f02b3135133e6cc973838b58926","sellTxId":"70f82778aaf41efbedbf2b54f0db69c29de94dd2"}
