{"index": {"_index":"leo","_id":"2391708"}}
	{"id":2391708,"type":"sell","buyer":"pi-trader","seller":"readthisplease","symbol":"LEO","quantity":"12.500","price":"0.13501601","timestamp":1640576904,"volume":"1.68770013","buyTxId":"9f3508116997bc1000afc108bde5d152769b57c0-3","sellTxId":"3c2f050a59307fcdecad83aff802365640387281"}
{"index": {"_index":"leo","_id":"2391730"}}
	{"id":2391730,"type":"sell","buyer":"pi-trader","seller":"bitcoinflood","symbol":"LEO","quantity":"26.296","price":"0.13501601","timestamp":1640577156,"volume":"3.55038100","buyTxId":"c634885ce09d3e8a22fadea503b42d9c0eae81be-4","sellTxId":"3ccb085aa36fbe209eee2d0a26afb8d58af5845d"}
{"index": {"_index":"leo","_id":"2391795"}}
	{"id":2391795,"type":"sell","buyer":"pi-trader","seller":"brofi-market","symbol":"LEO","quantity":"0.001","price":"0.13501601","timestamp":1640578266,"volume":"0.00013502","buyTxId":"edaf1e131e94639253810872a5dbdd013441ff75-4","sellTxId":"032fcdf651085c9fa607fa55cc924d2639eb3510"}
{"index": {"_index":"leo","_id":"2392034"}}
	{"id":2392034,"type":"sell","buyer":"pi-trader","seller":"magdiel7","symbol":"LEO","quantity":"4.494","price":"0.13502001","timestamp":1640581416,"volume":"0.60677992","buyTxId":"5834ef8a7482bd290cb066e8264df1ce1c39198e-6","sellTxId":"0a068a9a081fb722ea4f80778ee17ea9134f3cd3"}
{"index": {"_index":"leo","_id":"2392124"}}
	{"id":2392124,"type":"sell","buyer":"pi-trader","seller":"besfriend","symbol":"LEO","quantity":"5.122","price":"0.13502201","timestamp":1640583036,"volume":"0.69158274","buyTxId":"452710a148b1b8401c8aad99bd59f26ca315d276-2","sellTxId":"f992c2609f6c38a5860a1e87f4769aaa231f571b"}
{"index": {"_index":"leo","_id":"2392211"}}
	{"id":2392211,"type":"sell","buyer":"pi-trader","seller":"doitvoluntarily","symbol":"LEO","quantity":"9.007","price":"0.13502201","timestamp":1640584122,"volume":"1.21614324","buyTxId":"989fac72959431cd11372d9405e712be0bd57b33-2","sellTxId":"fbfe8252c0885113830d2293708760cd78d6752e"}
{"index": {"_index":"leo","_id":"2392220"}}
	{"id":2392220,"type":"sell","buyer":"pi-trader","seller":"doitvoluntarily","symbol":"LEO","quantity":"5.892","price":"0.13502201","timestamp":1640584218,"volume":"0.79554968","buyTxId":"e8bc75f648169c210d5c28979466ee370dc5f886-3","sellTxId":"810efcb63dc85eeae6056c3e75f81bc94a63fb0b"}
{"index": {"_index":"leo","_id":"2392248"}}
	{"id":2392248,"type":"sell","buyer":"pi-trader","seller":"lionsuit","symbol":"LEO","quantity":"0.066","price":"0.13502201","timestamp":1640584473,"volume":"0.00891145","buyTxId":"d919b72917ecc7dbf35447f8cb3fb669759c68a6-2","sellTxId":"1edcb3b50f53de8919deefab712a5c5368bef693"}
{"index": {"_index":"leo","_id":"2392436"}}
	{"id":2392436,"type":"sell","buyer":"pi-trader","seller":"aweee","symbol":"LEO","quantity":"2.577","price":"0.13502401","timestamp":1640586537,"volume":"0.34795687","buyTxId":"02a4fa637e62bd6e08776f54e20995a2f5858e8b-1","sellTxId":"db8873afee1d4d759d538c8fb40755b6e6820965"}
{"index": {"_index":"leo","_id":"2392536"}}
	{"id":2392536,"type":"sell","buyer":"leomaker","seller":"captainquack22","symbol":"LEO","quantity":"0.671","price":"0.13502600","timestamp":1640587338,"volume":"0.09060245","buyTxId":"42d8724a92ff5e9d5de969c46cfa0d892c4793bf","sellTxId":"e5593c027af6d17457b7a5aefac61e71e79a6174"}
{"index": {"_index":"leo","_id":"2392637"}}
	{"id":2392637,"type":"sell","buyer":"leomaker","seller":"logicforce","symbol":"LEO","quantity":"0.916","price":"0.13502600","timestamp":1640588322,"volume":"0.12368382","buyTxId":"42d8724a92ff5e9d5de969c46cfa0d892c4793bf","sellTxId":"b033d1d512d3d2f4e5804d8dde1752d61110fef5"}
{"index": {"_index":"leo","_id":"2392711"}}
	{"id":2392711,"type":"buy","buyer":"burnbot9000","seller":"ripazha","symbol":"LEO","quantity":"13.397","price":"0.13599997","timestamp":1640588991,"volume":"1.822","buyTxId":"1a2dde13b3eb56aa06e677a2f2c6ddbac5a12d90","sellTxId":"6ba9dbe305d207e2918bf0256b35178ebe12a3d0-2"}
{"index": {"_index":"leo","_id":"2392726"}}
	{"id":2392726,"type":"sell","buyer":"leomaker","seller":"irgendwo","symbol":"LEO","quantity":"2.324","price":"0.13502600","timestamp":1640589132,"volume":"0.31380042","buyTxId":"42d8724a92ff5e9d5de969c46cfa0d892c4793bf","sellTxId":"c7e0992701462ce6774018d45c512fcfa0907508"}
{"index": {"_index":"leo","_id":"2392786"}}
	{"id":2392786,"type":"sell","buyer":"leomaker","seller":"globetrottergcc","symbol":"LEO","quantity":"0.622","price":"0.13502600","timestamp":1640589948,"volume":"0.08398617","buyTxId":"42d8724a92ff5e9d5de969c46cfa0d892c4793bf","sellTxId":"a0d7e1dd03b86cb167897964eb32efa3cb129754"}
{"index": {"_index":"leo","_id":"2392800"}}
	{"id":2392800,"type":"sell","buyer":"leomaker","seller":"barski","symbol":"LEO","quantity":"0.304","price":"0.13502600","timestamp":1640590080,"volume":"0.04104790","buyTxId":"42d8724a92ff5e9d5de969c46cfa0d892c4793bf","sellTxId":"dcbb3ed4850466ce06d6845b97cf13b8591711b6"}
{"index": {"_index":"leo","_id":"2392932"}}
	{"id":2392932,"type":"sell","buyer":"leomaker","seller":"mawit07","symbol":"LEO","quantity":"26.900","price":"0.13502600","timestamp":1640591202,"volume":"3.63219940","buyTxId":"42d8724a92ff5e9d5de969c46cfa0d892c4793bf","sellTxId":"118570bdcc0e1fdd60eada2154178551c262465f"}
{"index": {"_index":"leo","_id":"2393197"}}
	{"id":2393197,"type":"buy","buyer":"momijiscrypto","seller":"mawit07","symbol":"LEO","quantity":"1.310","price":"0.13502600","timestamp":1640594022,"volume":"0.17688406","buyTxId":"79cb8dbcc2d4d891af97d8e2001a5c7362247623","sellTxId":"118570bdcc0e1fdd60eada2154178551c262465f"}
{"index": {"_index":"leo","_id":"2393206"}}
	{"id":2393206,"type":"sell","buyer":"momijiscrypto","seller":"kolbjorn","symbol":"LEO","quantity":"12.811","price":"0.13502600","timestamp":1640594139,"volume":"1.72981809","buyTxId":"79cb8dbcc2d4d891af97d8e2001a5c7362247623","sellTxId":"c56063780770d3674529579f687156c7319a2944"}
{"index": {"_index":"leo","_id":"2393207"}}
	{"id":2393207,"type":"sell","buyer":"leomaker","seller":"kolbjorn","symbol":"LEO","quantity":"33.442","price":"0.13502400","timestamp":1640594139,"volume":"4.51547261","buyTxId":"eabe2407c961c639df3dd96daa6c385890a54b37","sellTxId":"c56063780770d3674529579f687156c7319a2944"}
{"index": {"_index":"leo","_id":"2393208"}}
	{"id":2393208,"type":"sell","buyer":"leomaker","seller":"kolbjorn","symbol":"LEO","quantity":"22.953","price":"0.13502200","timestamp":1640594139,"volume":"3.09915997","buyTxId":"da1e1838048d50097afa5e25606df64ced6bed82","sellTxId":"c56063780770d3674529579f687156c7319a2944"}
{"index": {"_index":"leo","_id":"2393230"}}
	{"id":2393230,"type":"sell","buyer":"leomaker","seller":"zzz.accounting","symbol":"LEO","quantity":"0.006","price":"0.13502200","timestamp":1640594397,"volume":"0.00081013","buyTxId":"da1e1838048d50097afa5e25606df64ced6bed82","sellTxId":"191d9fe3dcd93d68f8e7a2bcc375a6c1303709e7"}
{"index": {"_index":"leo","_id":"2393248"}}
	{"id":2393248,"type":"sell","buyer":"leomaker","seller":"pele23","symbol":"LEO","quantity":"1.000","price":"0.13502200","timestamp":1640594751,"volume":"0.13502200","buyTxId":"da1e1838048d50097afa5e25606df64ced6bed82","sellTxId":"335e891fc151324a9dfc12f24fd4947e112afff1"}
{"index": {"_index":"leo","_id":"2393308"}}
	{"id":2393308,"type":"sell","buyer":"leomaker","seller":"tomathomas0","symbol":"LEO","quantity":"1.914","price":"0.13502200","timestamp":1640595264,"volume":"0.25843211","buyTxId":"da1e1838048d50097afa5e25606df64ced6bed82","sellTxId":"4f3b79a053ef848fda1e4a77e3cd627a13841c7d"}
{"index": {"_index":"leo","_id":"2393358"}}
	{"id":2393358,"type":"sell","buyer":"leomaker","seller":"peterale","symbol":"LEO","quantity":"0.395","price":"0.13502200","timestamp":1640595789,"volume":"0.05333369","buyTxId":"da1e1838048d50097afa5e25606df64ced6bed82","sellTxId":"6f1375857f2d33014bac1d68a214c50c482f063f"}
{"index": {"_index":"leo","_id":"2393367"}}
	{"id":2393367,"type":"sell","buyer":"leomaker","seller":"mephistophenes","symbol":"LEO","quantity":"8.972","price":"0.13502200","timestamp":1640595885,"volume":"1.21141738","buyTxId":"da1e1838048d50097afa5e25606df64ced6bed82","sellTxId":"fd8cc3e3d14c8731646c77790895bc93a4e09b11"}
{"index": {"_index":"leo","_id":"2393368"}}
	{"id":2393368,"type":"sell","buyer":"leomaker","seller":"mephistophenes","symbol":"LEO","quantity":"37.137","price":"0.13502000","timestamp":1640595885,"volume":"5.01423774","buyTxId":"8ded375936aadfdcd50dcd25f75e8031adc7e8ad","sellTxId":"fd8cc3e3d14c8731646c77790895bc93a4e09b11"}
{"index": {"_index":"leo","_id":"2393369"}}
	{"id":2393369,"type":"sell","buyer":"leomaker","seller":"mephistophenes","symbol":"LEO","quantity":"15.761","price":"0.13501800","timestamp":1640595885,"volume":"2.12801870","buyTxId":"589c839656d16fc1ad86fae70e7dfaefdc3ddae0","sellTxId":"fd8cc3e3d14c8731646c77790895bc93a4e09b11"}
{"index": {"_index":"leo","_id":"2393508"}}
	{"id":2393508,"type":"sell","buyer":"leomaker","seller":"citywriter","symbol":"LEO","quantity":"3.640","price":"0.13501800","timestamp":1640597826,"volume":"0.49146552","buyTxId":"589c839656d16fc1ad86fae70e7dfaefdc3ddae0","sellTxId":"47b76b47ceabc34a97bcc2dba3237010b5588a00"}
{"index": {"_index":"leo","_id":"2393702"}}
	{"id":2393702,"type":"sell","buyer":"leomaker","seller":"mfblack","symbol":"LEO","quantity":"19.735","price":"0.13501800","timestamp":1640600202,"volume":"2.66458023","buyTxId":"589c839656d16fc1ad86fae70e7dfaefdc3ddae0","sellTxId":"41c9f8d98d711f3c7367e9d2cc6cf52394b57626"}
{"index": {"_index":"leo","_id":"2393703"}}
	{"id":2393703,"type":"sell","buyer":"leomaker","seller":"mfblack","symbol":"LEO","quantity":"34.275","price":"0.13501600","timestamp":1640600202,"volume":"4.62767340","buyTxId":"cc83fcf0c4a1f66777ab9c93c2159805bcceb0a2","sellTxId":"41c9f8d98d711f3c7367e9d2cc6cf52394b57626"}
{"index": {"_index":"leo","_id":"2393870"}}
	{"id":2393870,"type":"sell","buyer":"leomaker","seller":"onealfa.leo","symbol":"LEO","quantity":"6.968","price":"0.13501600","timestamp":1640602017,"volume":"0.94079149","buyTxId":"cc83fcf0c4a1f66777ab9c93c2159805bcceb0a2","sellTxId":"850c3f2effa2952d7894d58095195aacd256392c"}
{"index": {"_index":"leo","_id":"2393871"}}
	{"id":2393871,"type":"sell","buyer":"leomaker","seller":"onealfa.leo","symbol":"LEO","quantity":"43.465","price":"0.13501400","timestamp":1640602017,"volume":"5.86838351","buyTxId":"5cd67263caaebb00abd36f37eccf94c13f3f062a","sellTxId":"850c3f2effa2952d7894d58095195aacd256392c"}
{"index": {"_index":"leo","_id":"2393872"}}
	{"id":2393872,"type":"sell","buyer":"leomaker","seller":"onealfa.leo","symbol":"LEO","quantity":"2.567","price":"0.13501200","timestamp":1640602017,"volume":"0.34657580","buyTxId":"61c62ae79c5358195d7ee0dd774136959ca0f392","sellTxId":"850c3f2effa2952d7894d58095195aacd256392c"}
{"index": {"_index":"leo","_id":"2393879"}}
	{"id":2393879,"type":"sell","buyer":"claudio83.pob","seller":"repayme4568","symbol":"LEO","quantity":"21.195","price":"0.13502000","timestamp":1640602041,"volume":"2.86174890","buyTxId":"2da4b0298663fd6ead881a58b0f95b18e54cd317","sellTxId":"6237dc38c89c9f3c746d6c30bf9f7307683e0802"}
{"index": {"_index":"leo","_id":"2393910"}}
	{"id":2393910,"type":"sell","buyer":"claudio83.pob","seller":"johnwege","symbol":"LEO","quantity":"18.214","price":"0.13502000","timestamp":1640602617,"volume":"2.45925428","buyTxId":"2da4b0298663fd6ead881a58b0f95b18e54cd317","sellTxId":"0cc324b5badf8d16d17b40bb52861200b45923de"}
{"index": {"_index":"leo","_id":"2394252"}}
	{"id":2394252,"type":"sell","buyer":"claudio83.pob","seller":"ervin-lemark","symbol":"LEO","quantity":"5.421","price":"0.13502000","timestamp":1640606037,"volume":"0.73194342","buyTxId":"2da4b0298663fd6ead881a58b0f95b18e54cd317","sellTxId":"98b0011b8cd3e1c00fe2c6797605496e7780381b"}
{"index": {"_index":"leo","_id":"2394599"}}
	{"id":2394599,"type":"sell","buyer":"claudio83.pob","seller":"russia-btc","symbol":"LEO","quantity":"29.482","price":"0.13502000","timestamp":1640609892,"volume":"3.98065964","buyTxId":"2da4b0298663fd6ead881a58b0f95b18e54cd317","sellTxId":"d80a788b0bd295bf459cefbd7e62d8c51129292e"}
{"index": {"_index":"leo","_id":"2394741"}}
	{"id":2394741,"type":"sell","buyer":"claudio83.pob","seller":"jjb777","symbol":"LEO","quantity":"16.424","price":"0.13502000","timestamp":1640611047,"volume":"2.21756848","buyTxId":"2da4b0298663fd6ead881a58b0f95b18e54cd317","sellTxId":"36f0f4f392bc44bb100b373e89e6a760fcdd105a"}
{"index": {"_index":"leo","_id":"2394742"}}
	{"id":2394742,"type":"sell","buyer":"leomaker","seller":"jjb777","symbol":"LEO","quantity":"0.296","price":"0.13501200","timestamp":1640611047,"volume":"0.03996355","buyTxId":"61c62ae79c5358195d7ee0dd774136959ca0f392","sellTxId":"36f0f4f392bc44bb100b373e89e6a760fcdd105a"}
{"index": {"_index":"leo","_id":"2394743"}}
	{"id":2394743,"type":"sell","buyer":"leomaker","seller":"jjb777","symbol":"LEO","quantity":"1.924","price":"0.13001200","timestamp":1640611047,"volume":"0.25014308","buyTxId":"14c7547adc2d280b895730288d834003e15f2dfd","sellTxId":"36f0f4f392bc44bb100b373e89e6a760fcdd105a"}
{"index": {"_index":"leo","_id":"2394744"}}
	{"id":2394744,"type":"sell","buyer":"leomaker","seller":"jjb777","symbol":"LEO","quantity":"0.507","price":"0.13000600","timestamp":1640611047,"volume":"0.06591304","buyTxId":"15831775b5669252b4969bcac49ea1871516a635","sellTxId":"36f0f4f392bc44bb100b373e89e6a760fcdd105a"}
{"index": {"_index":"leo","_id":"2394745"}}
	{"id":2394745,"type":"sell","buyer":"leomaker","seller":"jjb777","symbol":"LEO","quantity":"0.008","price":"0.13000200","timestamp":1640611047,"volume":"0.00104002","buyTxId":"8828a2198d179d58364585604ca1e44fe5f815cd","sellTxId":"36f0f4f392bc44bb100b373e89e6a760fcdd105a"}
{"index": {"_index":"leo","_id":"2394746"}}
	{"id":2394746,"type":"sell","buyer":"lacrucita","seller":"jjb777","symbol":"LEO","quantity":"12.207","price":"0.13000000","timestamp":1640611047,"volume":"1.58691000","buyTxId":"e0662e41dafda86e48e6a75d388f0eab7c1f3b3f","sellTxId":"36f0f4f392bc44bb100b373e89e6a760fcdd105a"}
{"index": {"_index":"leo","_id":"2394801"}}
	{"id":2394801,"type":"sell","buyer":"pi-trader","seller":"liotes.fund","symbol":"LEO","quantity":"0.500","price":"0.13000101","timestamp":1640611446,"volume":"0.06500051","buyTxId":"d0558d77bde8800db900592edb77d7aedfbd6413-4","sellTxId":"0c3f5e75ae837b0f00a3c3c306e3dc3dc4c51d72"}
{"index": {"_index":"leo","_id":"2394809"}}
	{"id":2394809,"type":"sell","buyer":"pi-trader","seller":"tykee","symbol":"LEO","quantity":"10.785","price":"0.13000101","timestamp":1640611551,"volume":"1.40206089","buyTxId":"07af35911b60c3f72e47720e5b2912417b4d6e99-1","sellTxId":"a3bd1b07bddd54691c3d1d7ccbf559ff7a8aad00"}
{"index": {"_index":"leo","_id":"2394955"}}
	{"id":2394955,"type":"sell","buyer":"pi-trader","seller":"hitmeasap","symbol":"LEO","quantity":"28.854","price":"0.13000403","timestamp":1640613120,"volume":"3.75113628","buyTxId":"9444d2ef6db4cc79555cb7ad0a7b8aedd69820ad-4","sellTxId":"cd4ad1cad3d0cdccfdf358f071209b0db09ec7de"}
{"index": {"_index":"leo","_id":"2394961"}}
	{"id":2394961,"type":"sell","buyer":"pi-trader","seller":"holbein81","symbol":"LEO","quantity":"190.000","price":"0.13000403","timestamp":1640613156,"volume":"24.70076570","buyTxId":"88535fa6c6f65e3b6ab367d7c4856cc97fbdf02f-2","sellTxId":"8acf0b229a5e829984afdba875e672a5aded4eec"}
{"index": {"_index":"leo","_id":"2395025"}}
	{"id":2395025,"type":"sell","buyer":"pi-trader","seller":"jphamer1","symbol":"LEO","quantity":"62.090","price":"0.13000601","timestamp":1640613735,"volume":"8.07207316","buyTxId":"ae4d129d7cf739e53d1665a33908249601516041-4","sellTxId":"ba2fd4ddde8430039c165df8f32d236185c4eb67"}
{"index": {"_index":"leo","_id":"2395103"}}
	{"id":2395103,"type":"sell","buyer":"leomaker","seller":"trumpman","symbol":"LEO","quantity":"32.421","price":"0.13000800","timestamp":1640614308,"volume":"4.21498937","buyTxId":"6850702bb3e439693c7ab313233d7804764e3dbc","sellTxId":"78823fa24e2a2276527300b4338d07438cc45bc1"}
{"index": {"_index":"leo","_id":"2395104"}}
	{"id":2395104,"type":"sell","buyer":"pi-trader","seller":"trumpman","symbol":"LEO","quantity":"6.731","price":"0.13000601","timestamp":1640614308,"volume":"0.87507045","buyTxId":"777bbfb1a61ec7af5ab2147b3007147af464490e-2","sellTxId":"78823fa24e2a2276527300b4338d07438cc45bc1"}
{"index": {"_index":"leo","_id":"2395356"}}
	{"id":2395356,"type":"sell","buyer":"pi-trader","seller":"seraphim502","symbol":"LEO","quantity":"290.000","price":"0.13000801","timestamp":1640615925,"volume":"37.70232290","buyTxId":"6ab2055276b0d60f674d18c98ac32a2fb9e20a75-2","sellTxId":"e5948c6d5453e086beeae9e876ac9d4f37e6a476"}
{"index": {"_index":"leo","_id":"2395386"}}
	{"id":2395386,"type":"sell","buyer":"pi-trader","seller":"toofasteddie","symbol":"LEO","quantity":"15.400","price":"0.13000801","timestamp":1640616084,"volume":"2.00212335","buyTxId":"75da1c189f8778e17a8fe9c820b5bce1822b4276-4","sellTxId":"25855da64285b699efc93ccdc7eed73f095a98ad"}
{"index": {"_index":"leo","_id":"2395505"}}
	{"id":2395505,"type":"sell","buyer":"pi-trader","seller":"chireerocks","symbol":"LEO","quantity":"29.459","price":"0.13000801","timestamp":1640617185,"volume":"3.82990597","buyTxId":"8dd0f4ee56f0d9595767f1d89c94d7d82dd7352f-4","sellTxId":"c9ff2720d1cbf78e84778857d5c87a5699c534f1"}
{"index": {"_index":"leo","_id":"2395772"}}
	{"id":2395772,"type":"sell","buyer":"pi-trader","seller":"mistakili","symbol":"LEO","quantity":"25.000","price":"0.13000801","timestamp":1640618982,"volume":"3.25020025","buyTxId":"342e6902ccacc4ded46e71115bc8cc7721e8fdb6-6","sellTxId":"d03cd12d1ab3a7c0dff2bbf5fccd39f42dbe8126"}
{"index": {"_index":"leo","_id":"2395996"}}
	{"id":2395996,"type":"sell","buyer":"pi-trader","seller":"lisamgentile1961","symbol":"LEO","quantity":"0.026","price":"0.13000801","timestamp":1640620818,"volume":"0.00338021","buyTxId":"03897995777646550b308cd3eb0201bf57060b90-2","sellTxId":"d80673773f7cd715550595a1e4ee34c437456f1e"}
{"index": {"_index":"leo","_id":"2396056"}}
	{"id":2396056,"type":"buy","buyer":"konvik","seller":"leomaker","symbol":"LEO","quantity":"68.668","price":"0.13592700","timestamp":1640621223,"volume":"9.33383524","buyTxId":"372f09b10f26ca848c6bc8db47b1cb011e26bab5-0","sellTxId":"7a28b35b0ef7f3271fef376ff0c0cf82b784afa5"}
{"index": {"_index":"leo","_id":"2396057"}}
	{"id":2396057,"type":"buy","buyer":"konvik","seller":"enginemaker","symbol":"LEO","quantity":"500.000","price":"0.13592800","timestamp":1640621223,"volume":"67.96400000","buyTxId":"372f09b10f26ca848c6bc8db47b1cb011e26bab5-0","sellTxId":"MM-P-13420140-60407118-3-1-0"}
{"index": {"_index":"leo","_id":"2396058"}}
	{"id":2396058,"type":"buy","buyer":"konvik","seller":"leomaker","symbol":"LEO","quantity":"69.501","price":"0.13593700","timestamp":1640621223,"volume":"9.44775744","buyTxId":"372f09b10f26ca848c6bc8db47b1cb011e26bab5-0","sellTxId":"9ada6f1f69c36756a8a5b8a40b9c0784abad3050"}
{"index": {"_index":"leo","_id":"2396059"}}
	{"id":2396059,"type":"buy","buyer":"konvik","seller":"leomaker","symbol":"LEO","quantity":"70.346","price":"0.13593800","timestamp":1640621223,"volume":"9.56269455","buyTxId":"372f09b10f26ca848c6bc8db47b1cb011e26bab5-0","sellTxId":"64370166a589101a4f1cfbf2f094d5a4233d0b55"}
{"index": {"_index":"leo","_id":"2396060"}}
	{"id":2396060,"type":"buy","buyer":"konvik","seller":"leomaker","symbol":"LEO","quantity":"71.200","price":"0.13594800","timestamp":1640621223,"volume":"9.67949760","buyTxId":"372f09b10f26ca848c6bc8db47b1cb011e26bab5-0","sellTxId":"5eef712f09834cabbaea9ba5f8417fdb364662b9"}
{"index": {"_index":"leo","_id":"2396061"}}
	{"id":2396061,"type":"buy","buyer":"konvik","seller":"leomaker","symbol":"LEO","quantity":"72.066","price":"0.13594900","timestamp":1640621223,"volume":"9.79730063","buyTxId":"372f09b10f26ca848c6bc8db47b1cb011e26bab5-0","sellTxId":"8adbf27ba8e6789d001e7c3c97ff767f8d2f7d9b"}
{"index": {"_index":"leo","_id":"2396062"}}
	{"id":2396062,"type":"buy","buyer":"konvik","seller":"lichtblick","symbol":"LEO","quantity":"137.806","price":"0.13596000","timestamp":1640621223,"volume":"18.73610376","buyTxId":"372f09b10f26ca848c6bc8db47b1cb011e26bab5-0","sellTxId":"bf2cfb9bbbac1a144eb5a276529f9ecbd67b7d34"}
{"index": {"_index":"leo","_id":"2396259"}}
	{"id":2396259,"type":"buy","buyer":"notak1","seller":"leomaker","symbol":"LEO","quantity":"52.144","price":"0.13595600","timestamp":1640622765,"volume":"7.08928966","buyTxId":"3a0b394cd33563cd319ea470fd458c81fdc003b8","sellTxId":"b38e1b11a1031c5ad18c79bc675b6f5adf7f4341"}
{"index": {"_index":"leo","_id":"2396373"}}
	{"id":2396373,"type":"sell","buyer":"pi-trader","seller":"nrg","symbol":"LEO","quantity":"2.652","price":"0.13000801","timestamp":1640623449,"volume":"0.34478124","buyTxId":"6f94e317257a794960d49ac46e056cb2cdf4dd22-1","sellTxId":"ef49d4fa2f9be17f72d2d6d09190f6b86353caef-1"}
{"index": {"_index":"leo","_id":"2396684"}}
	{"id":2396684,"type":"sell","buyer":"pi-trader","seller":"cryptonotes","symbol":"LEO","quantity":"0.149","price":"0.13000801","timestamp":1640624964,"volume":"0.01937119","buyTxId":"02d0c752969c299c570b0db4c2a4de312531fb59-12","sellTxId":"faeb529386fe987dafd32b046e999892573124d7"}
{"index": {"_index":"leo","_id":"2396736"}}
	{"id":2396736,"type":"sell","buyer":"pi-trader","seller":"der-prophet","symbol":"LEO","quantity":"8.696","price":"0.13000801","timestamp":1640625177,"volume":"1.13054965","buyTxId":"434e69320e2ae9ea71541d8e919048b1a180dd5b-1","sellTxId":"fe0b94a59846221c708337dedf273bcd2237e27f"}
{"index": {"_index":"leo","_id":"2396899"}}
	{"id":2396899,"type":"sell","buyer":"pi-trader","seller":"eddie-earner","symbol":"LEO","quantity":"300.000","price":"0.13000801","timestamp":1640626356,"volume":"39.00240300","buyTxId":"f4ab9272c4b9031724daf2dcea9a9bba97b0a380-2","sellTxId":"6e461a9ffdc7f3f89a8cb3ff437ff9527a5dc70c"}
{"index": {"_index":"leo","_id":"2396900"}}
	{"id":2396900,"type":"sell","buyer":"leomaker","seller":"eddie-earner","symbol":"LEO","quantity":"30.492","price":"0.13000800","timestamp":1640626356,"volume":"3.96420394","buyTxId":"b4be89b7ebc88db5a88b4c2de9eeab81ea6e3ae7","sellTxId":"6e461a9ffdc7f3f89a8cb3ff437ff9527a5dc70c"}
{"index": {"_index":"leo","_id":"2396901"}}
	{"id":2396901,"type":"sell","buyer":"leomaker","seller":"eddie-earner","symbol":"LEO","quantity":"34.476","price":"0.13000600","timestamp":1640626356,"volume":"4.48208686","buyTxId":"261e5bd03ee976ab1484c3a1cb51279f8420a0b1","sellTxId":"6e461a9ffdc7f3f89a8cb3ff437ff9527a5dc70c"}
{"index": {"_index":"leo","_id":"2396902"}}
	{"id":2396902,"type":"sell","buyer":"leomaker","seller":"eddie-earner","symbol":"LEO","quantity":"36.664","price":"0.13000400","timestamp":1640626356,"volume":"4.76646666","buyTxId":"6bb5dc261f8322233864a8667c1ffee01d44159a","sellTxId":"6e461a9ffdc7f3f89a8cb3ff437ff9527a5dc70c"}
{"index": {"_index":"leo","_id":"2396903"}}
	{"id":2396903,"type":"sell","buyer":"lacrucita","seller":"eddie-earner","symbol":"LEO","quantity":"12.793","price":"0.13000000","timestamp":1640626356,"volume":"1.66309000","buyTxId":"e0662e41dafda86e48e6a75d388f0eab7c1f3b3f","sellTxId":"6e461a9ffdc7f3f89a8cb3ff437ff9527a5dc70c"}
{"index": {"_index":"leo","_id":"2396904"}}
	{"id":2396904,"type":"sell","buyer":"enginemaker","seller":"eddie-earner","symbol":"LEO","quantity":"256.575","price":"0.12312000","timestamp":1640626356,"volume":"31.58951400","buyTxId":"MM-P-13417845-60404823-3-1-0","sellTxId":"6e461a9ffdc7f3f89a8cb3ff437ff9527a5dc70c"}
{"index": {"_index":"leo","_id":"2396965"}}
	{"id":2396965,"type":"sell","buyer":"peejayg","seller":"travelwritemoney","symbol":"LEO","quantity":"0.777","price":"0.12312801","timestamp":1640626824,"volume":"0.09567046","buyTxId":"6855c3721bbb38fb0265021ac329eea7082f4ad2","sellTxId":"26ead8c15872161e32fdaf3e3d477111830dc2a4"}
{"index": {"_index":"leo","_id":"2397135"}}
	{"id":2397135,"type":"sell","buyer":"pi-trader","seller":"silvertop","symbol":"LEO","quantity":"23.329","price":"0.12315102","timestamp":1640627919,"volume":"2.87299015","buyTxId":"b1627eb529c4f66fa199b74b7f4b0f71c97600a3-1","sellTxId":"9ecfff404532ca8618fb9662cf387002dd0a1324"}
{"index": {"_index":"leo","_id":"2397341"}}
	{"id":2397341,"type":"sell","buyer":"peejayg","seller":"archon-drips","symbol":"LEO","quantity":"0.003","price":"0.12318601","timestamp":1640629530,"volume":"0.00036956","buyTxId":"6557e0f2e24d40631d854818b39804e0e1c4483e","sellTxId":"3f100ab02b48e0710c52f183e4d067657a07dddc"}
{"index": {"_index":"leo","_id":"2397419"}}
	{"id":2397419,"type":"sell","buyer":"peejayg","seller":"ketcom","symbol":"LEO","quantity":"8.410","price":"0.12320202","timestamp":1640629947,"volume":"1.03612899","buyTxId":"5efbc31e44c2c9b3ae3fccb3fae0f44302f6ada3","sellTxId":"f027f3f0e804123f7f0c5b65320ca289f8bd3dbd"}
{"index": {"_index":"leo","_id":"2397475"}}
	{"id":2397475,"type":"sell","buyer":"pi-trader","seller":"captaincryptic","symbol":"LEO","quantity":"1.641","price":"0.12321506","timestamp":1640630592,"volume":"0.20219591","buyTxId":"74dfa07a60774bb14d4cdab9c27b2c739b5a32b9-1","sellTxId":"26cb24e51b2def8666d577a9bea74bc8abd969ce"}
{"index": {"_index":"leo","_id":"2397502"}}
	{"id":2397502,"type":"sell","buyer":"pi-trader","seller":"mistakili","symbol":"LEO","quantity":"50.000","price":"0.12321906","timestamp":1640630805,"volume":"6.16095300","buyTxId":"a70fa677943350af50a70296d5eb225a67fa2a1e-1","sellTxId":"a9d7cc8695acfea50e1ae35a2a1ed63e60ebfc94"}
{"index": {"_index":"leo","_id":"2397661"}}
	{"id":2397661,"type":"sell","buyer":"peejayg","seller":"ervin-lemark","symbol":"LEO","quantity":"3.782","price":"0.12325101","timestamp":1640632389,"volume":"0.46613532","buyTxId":"e070677f0aebd6625c5e250f8a911c50e3d40705","sellTxId":"6aa7424b6e7271334b4b2ae355b61b7b8ef13e4c"}
{"index": {"_index":"leo","_id":"2397743"}}
	{"id":2397743,"type":"sell","buyer":"peejayg","seller":"adedayoolumide","symbol":"LEO","quantity":"2.989","price":"0.12327102","timestamp":1640633331,"volume":"0.36845708","buyTxId":"b6ba22a75002012d06a52e6e2aea2b295baadb92","sellTxId":"feb7ddc5602a5f1dee1425ed64634f14ef2fc5e3"}
{"index": {"_index":"leo","_id":"2397958"}}
	{"id":2397958,"type":"buy","buyer":"notak1","seller":"magicbeans","symbol":"LEO","quantity":"3.000","price":"0.13595489","timestamp":1640635818,"volume":"0.40786467","buyTxId":"dec73a99ff29b0b24f0c08eabf07a12c25f47f43","sellTxId":"8592d5cbdfa5786b3f7cb2a51297a03149c9632b"}
{"index": {"_index":"leo","_id":"2397966"}}
	{"id":2397966,"type":"sell","buyer":"pi-trader","seller":"acesontop","symbol":"LEO","quantity":"81","price":"0.12330601","timestamp":1640635932,"volume":"9.98778681","buyTxId":"04a304b1d094b3ab1e309841ed004e336a69c550-2","sellTxId":"a0471b650f1b4a806c1fd361240cee2d7d2b931b"}
{"index": {"_index":"leo","_id":"2397980"}}
	{"id":2397980,"type":"buy","buyer":"svirus","seller":"blind-spot","symbol":"LEO","quantity":"18.760","price":"0.13595490","timestamp":1640636022,"volume":"2.55051392","buyTxId":"2c0ecd44bd113a783d1ade9593bd3c36b909ea32-0","sellTxId":"189ba066220167574ddcdf9f0aa450621538eef3"}
{"index": {"_index":"leo","_id":"2397981"}}
	{"id":2397981,"type":"buy","buyer":"konvik","seller":"blind-spot","symbol":"LEO","quantity":"0.003","price":"0.13595490","timestamp":1640636022,"volume":"0.00040786","buyTxId":"a7f62d641f736e2cb66e93ea5e30579f9e3855e6-0","sellTxId":"189ba066220167574ddcdf9f0aa450621538eef3"}
{"index": {"_index":"leo","_id":"2397982"}}
	{"id":2397982,"type":"buy","buyer":"konvik","seller":"leomaker","symbol":"LEO","quantity":"16.684","price":"0.13595600","timestamp":1640636022,"volume":"2.26828990","buyTxId":"a7f62d641f736e2cb66e93ea5e30579f9e3855e6-0","sellTxId":"b38e1b11a1031c5ad18c79bc675b6f5adf7f4341"}
{"index": {"_index":"leo","_id":"2397983"}}
	{"id":2397983,"type":"buy","buyer":"konvik","seller":"archon-drips","symbol":"LEO","quantity":"0.003","price":"0.13595600","timestamp":1640636022,"volume":"0.00040787","buyTxId":"a7f62d641f736e2cb66e93ea5e30579f9e3855e6-0","sellTxId":"8bd72511836e3ba76ce3abaec722b704e6a20e85"}
{"index": {"_index":"leo","_id":"2397984"}}
	{"id":2397984,"type":"buy","buyer":"konvik","seller":"enginemaker","symbol":"LEO","quantity":"199.709","price":"0.13595700","timestamp":1640636022,"volume":"27.15183651","buyTxId":"a7f62d641f736e2cb66e93ea5e30579f9e3855e6-0","sellTxId":"MM-P-13420937-60407915-3-1-0"}
{"index": {"_index":"leo","_id":"2397985"}}
	{"id":2397985,"type":"buy","buyer":"konvik","seller":"lichtblick","symbol":"LEO","quantity":"4.077","price":"0.13596000","timestamp":1640636022,"volume":"0.55430892","buyTxId":"a7f62d641f736e2cb66e93ea5e30579f9e3855e6-0","sellTxId":"bf2cfb9bbbac1a144eb5a276529f9ecbd67b7d34"}
{"index": {"_index":"leo","_id":"2397986"}}
	{"id":2397986,"type":"buy","buyer":"konvik","seller":"leomaker","symbol":"LEO","quantity":"72.941","price":"0.13596600","timestamp":1640636022,"volume":"9.91749601","buyTxId":"a7f62d641f736e2cb66e93ea5e30579f9e3855e6-0","sellTxId":"e98eea4a15f86c9d823fea751d7981f7c051a08c"}
{"index": {"_index":"leo","_id":"2397987"}}
	{"id":2397987,"type":"buy","buyer":"konvik","seller":"leomaker","symbol":"LEO","quantity":"73.826","price":"0.13596700","timestamp":1640636022,"volume":"10.03789974","buyTxId":"a7f62d641f736e2cb66e93ea5e30579f9e3855e6-0","sellTxId":"22f7dbaadd12eb9ab6e4feba6a1677bf859f977b"}
{"index": {"_index":"leo","_id":"2397988"}}
	{"id":2397988,"type":"buy","buyer":"konvik","seller":"leomaker","symbol":"LEO","quantity":"74.722","price":"0.13597700","timestamp":1640636022,"volume":"10.16047339","buyTxId":"a7f62d641f736e2cb66e93ea5e30579f9e3855e6-0","sellTxId":"9738aa47e3ffae52dd2145f92ab4ddfdb65d1260"}
{"index": {"_index":"leo","_id":"2397989"}}
	{"id":2397989,"type":"buy","buyer":"konvik","seller":"leomaker","symbol":"LEO","quantity":"75.236","price":"0.13597800","timestamp":1640636022,"volume":"10.23044081","buyTxId":"a7f62d641f736e2cb66e93ea5e30579f9e3855e6-0","sellTxId":"0374a665071e5a5ce411f01da25f80c66e73ade4"}
{"index": {"_index":"leo","_id":"2397990"}}
	{"id":2397990,"type":"buy","buyer":"konvik","seller":"leomaker","symbol":"LEO","quantity":"76.150","price":"0.13598800","timestamp":1640636022,"volume":"10.35548620","buyTxId":"a7f62d641f736e2cb66e93ea5e30579f9e3855e6-0","sellTxId":"8c42d27677270828eaad3bb167ccde1f300e095e"}
{"index": {"_index":"leo","_id":"2397991"}}
	{"id":2397991,"type":"buy","buyer":"konvik","seller":"leomaker","symbol":"LEO","quantity":"77.075","price":"0.13598900","timestamp":1640636022,"volume":"10.48135218","buyTxId":"a7f62d641f736e2cb66e93ea5e30579f9e3855e6-0","sellTxId":"31cd0500e0d88fe5127bbbf80ae06d7fa46ab941"}
{"index": {"_index":"leo","_id":"2398049"}}
	{"id":2398049,"type":"sell","buyer":"pi-trader","seller":"fiberfrau","symbol":"LEO","quantity":"0.799","price":"0.12331001","timestamp":1640636631,"volume":"0.09852470","buyTxId":"247348ce240abb27d8046ece96c38177e8691081-2","sellTxId":"ef7b2de1fec4a8f37d57108c093057cf4b4242ee"}
{"index": {"_index":"leo","_id":"2398055"}}
	{"id":2398055,"type":"sell","buyer":"pi-trader","seller":"archon-drips","symbol":"LEO","quantity":"0.001","price":"0.12331201","timestamp":1640636718,"volume":"0.00012331","buyTxId":"fa2ba6dbabc91291c37fc48bd61d60a9061e7456-1","sellTxId":"a9cd11025e0673d3e53fbeadb5fab18feecd5684"}
{"index": {"_index":"leo","_id":"2398178"}}
	{"id":2398178,"type":"sell","buyer":"vlemon","seller":"cowboyzlegend27","symbol":"LEO","quantity":"0.312","price":"0.12331300","timestamp":1640637735,"volume":"0.03847366","buyTxId":"404b18e01b7773347f0c407171740549dbae0ea4","sellTxId":"d385e30414ab17df65e41452d56959ca34b81744"}
{"index": {"_index":"leo","_id":"2398229"}}
	{"id":2398229,"type":"sell","buyer":"pi-trader","seller":"abh12345","symbol":"LEO","quantity":"34.528","price":"0.12331601","timestamp":1640638095,"volume":"4.25785519","buyTxId":"9eb506059d6f27ec8624740986a3b5549a3c5998-2","sellTxId":"e3b41fd80d5776765d4bb1bf3a580e39eb74da78"}
{"index": {"_index":"leo","_id":"2398480"}}
	{"id":2398480,"type":"sell","buyer":"pi-trader","seller":"jjprac","symbol":"LEO","quantity":"53.424","price":"0.12332603","timestamp":1640640054,"volume":"6.58856983","buyTxId":"62ad65c757e6b5146f009245153e27c0a799c840-1","sellTxId":"12febc1a856f503305e5248437cb9634d093364d"}
{"index": {"_index":"leo","_id":"2398568"}}
	{"id":2398568,"type":"buy","buyer":"ugochill","seller":"leomaker","symbol":"LEO","quantity":"0.100","price":"0.13727800","timestamp":1640640552,"volume":"0.01372780","buyTxId":"882656939f8e02918d6d9bfa9d241b3e8d6074ad","sellTxId":"20498c8810bdcfbb1830200cc7a34804407a1c2f"}
{"index": {"_index":"leo","_id":"2398913"}}
	{"id":2398913,"type":"sell","buyer":"pi-trader","seller":"onealfa.leo","symbol":"LEO","quantity":"66","price":"0.12332607","timestamp":1640643096,"volume":"8.13952062","buyTxId":"f0a7c2c3bb03c167c15ba446d31a5a1c7986f801-3","sellTxId":"2fdc66832c9eff9a533d67949a7643c583d361fa"}
{"index": {"_index":"leo","_id":"2398939"}}
	{"id":2398939,"type":"sell","buyer":"pi-trader","seller":"thisisawesome","symbol":"LEO","quantity":"0.370","price":"0.12332607","timestamp":1640643288,"volume":"0.04563065","buyTxId":"0d8ee5e173f72cef1a865497c01295e12e14089b-2","sellTxId":"d6b4fae2e92242f6f7175c4615febfe954030fa3"}
{"index": {"_index":"leo","_id":"2399087"}}
	{"id":2399087,"type":"sell","buyer":"pi-trader","seller":"lisamgentile1961","symbol":"LEO","quantity":"0.895","price":"0.12332609","timestamp":1640644608,"volume":"0.11037685","buyTxId":"ae28168a44be2652cc0135cb0b0328fdfa67d8b5-2","sellTxId":"8073df1f92c99a0cb7d7331a41bfb650e6a27fb9"}
{"index": {"_index":"leo","_id":"2399281"}}
	{"id":2399281,"type":"buy","buyer":"konvik","seller":"enginemaker","symbol":"LEO","quantity":"256.575","price":"0.13723500","timestamp":1640646648,"volume":"35.21107013","buyTxId":"f4de585454c846dbb0a0b3c4cf2b26afabe86015-0","sellTxId":"MM-P-13429219-60416197-3-1-0"}
{"index": {"_index":"leo","_id":"2399282"}}
	{"id":2399282,"type":"buy","buyer":"konvik","seller":"onealfa.leo","symbol":"LEO","quantity":"30.000","price":"0.13724298","timestamp":1640646648,"volume":"4.11728940","buyTxId":"f4de585454c846dbb0a0b3c4cf2b26afabe86015-0","sellTxId":"010177cef4f9997c93134544602851fc3b5470da"}
{"index": {"_index":"leo","_id":"2399283"}}
	{"id":2399283,"type":"buy","buyer":"konvik","seller":"leomaker","symbol":"LEO","quantity":"60.613","price":"0.13724300","timestamp":1640646648,"volume":"8.31870996","buyTxId":"f4de585454c846dbb0a0b3c4cf2b26afabe86015-0","sellTxId":"5bf02d7c7fe886a76dea15b6800aca25e52f6bef"}
{"index": {"_index":"leo","_id":"2399284"}}
	{"id":2399284,"type":"buy","buyer":"konvik","seller":"onealfa.leo","symbol":"LEO","quantity":"30.000","price":"0.13724398","timestamp":1640646648,"volume":"4.11731940","buyTxId":"f4de585454c846dbb0a0b3c4cf2b26afabe86015-0","sellTxId":"2007639638bdf3c133b2bba65e3d7f3b7c43f4bd"}
{"index": {"_index":"leo","_id":"2399285"}}
	{"id":2399285,"type":"buy","buyer":"konvik","seller":"leomaker","symbol":"LEO","quantity":"61.350","price":"0.13724400","timestamp":1640646648,"volume":"8.41991940","buyTxId":"f4de585454c846dbb0a0b3c4cf2b26afabe86015-0","sellTxId":"694045b8aefa0f09b0b218eac8e1caef466a16f4"}
{"index": {"_index":"leo","_id":"2399286"}}
	{"id":2399286,"type":"buy","buyer":"konvik","seller":"leomaker","symbol":"LEO","quantity":"62.094","price":"0.13724500","timestamp":1640646648,"volume":"8.52209103","buyTxId":"f4de585454c846dbb0a0b3c4cf2b26afabe86015-0","sellTxId":"9d674fa295a06e539be637a6f34f8e5648105d0e"}
{"index": {"_index":"leo","_id":"2399287"}}
	{"id":2399287,"type":"buy","buyer":"konvik","seller":"leomaker","symbol":"LEO","quantity":"62.848","price":"0.13725400","timestamp":1640646648,"volume":"8.62613939","buyTxId":"f4de585454c846dbb0a0b3c4cf2b26afabe86015-0","sellTxId":"0a7b065d6b06f388f6f369f4ebd914967f2b7215"}
{"index": {"_index":"leo","_id":"2399288"}}
	{"id":2399288,"type":"buy","buyer":"konvik","seller":"leomaker","symbol":"LEO","quantity":"49.078","price":"0.13725500","timestamp":1640646648,"volume":"6.73620089","buyTxId":"f4de585454c846dbb0a0b3c4cf2b26afabe86015-0","sellTxId":"4f8a0f0ff6446a1608eb39b352dd2bf9acbd16ee"}
{"index": {"_index":"leo","_id":"2399478"}}
	{"id":2399478,"type":"buy","buyer":"jrcornel","seller":"onealfa.leo","symbol":"LEO","quantity":"30.000","price":"0.13725495","timestamp":1640648568,"volume":"4.11764850","buyTxId":"89f313e9d3f6e5f30c8e047d1d878712e1f7be11","sellTxId":"d0b6ea920688b08f085fedc20021163793b560f5"}
{"index": {"_index":"leo","_id":"2399480"}}
	{"id":2399480,"type":"sell","buyer":"jrcornel","seller":"onealfa.leo","symbol":"LEO","quantity":"30.000","price":"0.13725495","timestamp":1640648583,"volume":"4.11764850","buyTxId":"89f313e9d3f6e5f30c8e047d1d878712e1f7be11","sellTxId":"0c6a3ff3c4b58a3e8cc4dcca5dd7c816805f2f93"}
{"index": {"_index":"leo","_id":"2399482"}}
	{"id":2399482,"type":"sell","buyer":"jrcornel","seller":"onealfa.leo","symbol":"LEO","quantity":"30.000","price":"0.13725495","timestamp":1640648595,"volume":"4.11764850","buyTxId":"89f313e9d3f6e5f30c8e047d1d878712e1f7be11","sellTxId":"5b02b82a9e85dec2c2bd79dad015738415fe16e5"}
{"index": {"_index":"leo","_id":"2399689"}}
	{"id":2399689,"type":"sell","buyer":"jrcornel","seller":"brofi-market","symbol":"LEO","quantity":"12.044","price":"0.13725495","timestamp":1640650410,"volume":"1.65309862","buyTxId":"89f313e9d3f6e5f30c8e047d1d878712e1f7be11","sellTxId":"de15ad87bd4c024b7881c734a4de74502f521f66"}
{"index": {"_index":"leo","_id":"2399800"}}
	{"id":2399800,"type":"sell","buyer":"jrcornel","seller":"synist3r","symbol":"LEO","quantity":"7.046","price":"0.13725495","timestamp":1640650947,"volume":"0.96709838","buyTxId":"89f313e9d3f6e5f30c8e047d1d878712e1f7be11","sellTxId":"b38ecbe8ba8d5c86a1778cf411795575f795313d"}
{"index": {"_index":"leo","_id":"2399878"}}
	{"id":2399878,"type":"sell","buyer":"jrcornel","seller":"lightcaptured","symbol":"LEO","quantity":"0.405","price":"0.13725495","timestamp":1640651502,"volume":"0.05558825","buyTxId":"89f313e9d3f6e5f30c8e047d1d878712e1f7be11","sellTxId":"56afb85143e6c9de8dcdfb7bca2d9df9a00fe9d2"}
{"index": {"_index":"leo","_id":"2399879"}}
	{"id":2399879,"type":"sell","buyer":"jrcornel","seller":"melbourneswest","symbol":"LEO","quantity":"15","price":"0.13725495","timestamp":1640651523,"volume":"2.05882425","buyTxId":"89f313e9d3f6e5f30c8e047d1d878712e1f7be11","sellTxId":"c5a583efb293d021b0af00a0a4f8eb8e80c696c3"}
{"index": {"_index":"leo","_id":"2400014"}}
	{"id":2400014,"type":"sell","buyer":"jrcornel","seller":"lebah","symbol":"LEO","quantity":"2.800","price":"0.13725495","timestamp":1640652795,"volume":"0.38431386","buyTxId":"89f313e9d3f6e5f30c8e047d1d878712e1f7be11","sellTxId":"e56dad563594a3e0c5b6618a666dc15c0bae390b"}
{"index": {"_index":"leo","_id":"2400311"}}
	{"id":2400311,"type":"sell","buyer":"jrcornel","seller":"seraphim502","symbol":"LEO","quantity":"400.000","price":"0.13725495","timestamp":1640655534,"volume":"54.90198000","buyTxId":"89f313e9d3f6e5f30c8e047d1d878712e1f7be11","sellTxId":"d5f6da45d1860002172cb96dc57ed68b4e1527b9"}
{"index": {"_index":"leo","_id":"2400346"}}
	{"id":2400346,"type":"sell","buyer":"jrcornel","seller":"clayford08","symbol":"LEO","quantity":"11.717","price":"0.13725495","timestamp":1640655816,"volume":"1.60821625","buyTxId":"89f313e9d3f6e5f30c8e047d1d878712e1f7be11","sellTxId":"bf06f1c2a220c075602658c775020e6326f1c9d3"}
{"index": {"_index":"leo","_id":"2400371"}}
	{"id":2400371,"type":"sell","buyer":"jrcornel","seller":"hamywriters","symbol":"LEO","quantity":"20.000","price":"0.13725495","timestamp":1640655957,"volume":"2.74509900","buyTxId":"89f313e9d3f6e5f30c8e047d1d878712e1f7be11","sellTxId":"4b684c06aca7e3989da837649dd4ff4a448538f5"}
{"index": {"_index":"leo","_id":"2400401"}}
	{"id":2400401,"type":"sell","buyer":"jrcornel","seller":"preparedwombat","symbol":"LEO","quantity":"40.536","price":"0.13725495","timestamp":1640656113,"volume":"5.56376665","buyTxId":"89f313e9d3f6e5f30c8e047d1d878712e1f7be11","sellTxId":"69fdcf33cc1b9509b37198ba96c6ad04adaa57e7"}
{"index": {"_index":"leo","_id":"2400525"}}
	{"id":2400525,"type":"sell","buyer":"jrcornel","seller":"jesustiano","symbol":"LEO","quantity":"0.740","price":"0.13725495","timestamp":1640657589,"volume":"0.10156866","buyTxId":"89f313e9d3f6e5f30c8e047d1d878712e1f7be11","sellTxId":"d32ae5ed3bc5b826ebaf81b53058e314dca41980"}
{"index": {"_index":"leo","_id":"2400606"}}
	{"id":2400606,"type":"sell","buyer":"jrcornel","seller":"notak1","symbol":"LEO","quantity":"12.712","price":"0.13725495","timestamp":1640658432,"volume":"1.74478492","buyTxId":"89f313e9d3f6e5f30c8e047d1d878712e1f7be11","sellTxId":"e65a1ff4442dbbeb7becc385c972f408ac36adb5"}
{"index": {"_index":"leo","_id":"2400677"}}
	{"id":2400677,"type":"sell","buyer":"pi-trader","seller":"rob23hive","symbol":"LEO","quantity":"14.671","price":"0.12333801","timestamp":1640659155,"volume":"1.80949194","buyTxId":"ec0740c99f254193ee93cb0053889b2de492f5c8-1","sellTxId":"318847fabb918940dec1099644d5d525dbca8d12"}
{"index": {"_index":"leo","_id":"2400741"}}
	{"id":2400741,"type":"buy","buyer":"pob.curator","seller":"droida","symbol":"LEO","quantity":"0.275","price":"0.13725496","timestamp":1640659671,"volume":"0.03774511","buyTxId":"289b354f3dd181a06ee364ba7530561dfd710e55","sellTxId":"f118b46e4c6d80fa733d97d44af91a6f7663f9e7"}
{"index": {"_index":"leo","_id":"2400798"}}
	{"id":2400798,"type":"sell","buyer":"pob.curator","seller":"dogebaby","symbol":"LEO","quantity":"0.202","price":"0.13725496","timestamp":1640660538,"volume":"0.02772550","buyTxId":"289b354f3dd181a06ee364ba7530561dfd710e55","sellTxId":"40ff5bf5ac2fa87f1567bd3c98b4706d9a7ca864"}
{"index": {"_index":"leo","_id":"2400822"}}
	{"id":2400822,"type":"sell","buyer":"pi-trader","seller":"poorchard01","symbol":"LEO","quantity":"1.150","price":"0.12334001","timestamp":1640660724,"volume":"0.14184101","buyTxId":"1ed66c89b062073b6af5ad9bbd67da3ac50962dc-1","sellTxId":"b3dc66ac9eff35906b3c67b3722a6a0f6a0b8f8b"}
{"index": {"_index":"leo","_id":"2400901"}}
	{"id":2400901,"type":"sell","buyer":"pi-trader","seller":"dogebaby","symbol":"LEO","quantity":"3.078","price":"0.12435201","timestamp":1640661894,"volume":"0.38275549","buyTxId":"624d2f73cdefd0fc07818675e1875c9f0ea233a9-2","sellTxId":"88e858c8f15680ad7945a54c40913316596489fb"}
{"index": {"_index":"leo","_id":"2400969"}}
	{"id":2400969,"type":"buy","buyer":"globalcurrencies","seller":"droida","symbol":"LEO","quantity":"0.963","price":"0.13725497","timestamp":1640662566,"volume":"0.13217654","buyTxId":"688eb3c537b212b0378e35ee287ebb6578c9ff16","sellTxId":"71b658291718527d0c5f1e211cc7d8f430698f00"}
{"index": {"_index":"leo","_id":"2400970"}}
	{"id":2400970,"type":"buy","buyer":"globalcurrencies","seller":"brofi-market","symbol":"LEO","quantity":"12.044","price":"0.13725497","timestamp":1640662566,"volume":"1.65309886","buyTxId":"688eb3c537b212b0378e35ee287ebb6578c9ff16","sellTxId":"216df27b5a9318a8ff6ef4b746dfed6d29d41e8c"}
{"index": {"_index":"leo","_id":"2400971"}}
	{"id":2400971,"type":"buy","buyer":"globalcurrencies","seller":"leomaker","symbol":"LEO","quantity":"14.534","price":"0.13725500","timestamp":1640662566,"volume":"1.99486417","buyTxId":"688eb3c537b212b0378e35ee287ebb6578c9ff16","sellTxId":"4f8a0f0ff6446a1608eb39b352dd2bf9acbd16ee"}
{"index": {"_index":"leo","_id":"2400972"}}
	{"id":2400972,"type":"buy","buyer":"globalcurrencies","seller":"leomaker","symbol":"LEO","quantity":"64.385","price":"0.13725600","timestamp":1640662566,"volume":"8.83722756","buyTxId":"688eb3c537b212b0378e35ee287ebb6578c9ff16","sellTxId":"7f388e6b1d1e07371eb85ea6e44d6a070603a7b3"}
{"index": {"_index":"leo","_id":"2400973"}}
	{"id":2400973,"type":"buy","buyer":"globalcurrencies","seller":"leomaker","symbol":"LEO","quantity":"65.167","price":"0.13726500","timestamp":1640662566,"volume":"8.94514826","buyTxId":"688eb3c537b212b0378e35ee287ebb6578c9ff16","sellTxId":"91c427cd6869e1c0e1e76644e3e466f7c4c9e22a"}
{"index": {"_index":"leo","_id":"2400974"}}
	{"id":2400974,"type":"buy","buyer":"globalcurrencies","seller":"leomaker","symbol":"LEO","quantity":"65.959","price":"0.13726600","timestamp":1640662566,"volume":"9.05392809","buyTxId":"688eb3c537b212b0378e35ee287ebb6578c9ff16","sellTxId":"861fba812b6ce44747c1a950026606798de57e3d"}
{"index": {"_index":"leo","_id":"2400975"}}
	{"id":2400975,"type":"buy","buyer":"globalcurrencies","seller":"leomaker","symbol":"LEO","quantity":"66.760","price":"0.13726700","timestamp":1640662566,"volume":"9.16394492","buyTxId":"688eb3c537b212b0378e35ee287ebb6578c9ff16","sellTxId":"f64811e29fa4949549fa2097b8ac2517390aa2ef"}
{"index": {"_index":"leo","_id":"2400976"}}
	{"id":2400976,"type":"buy","buyer":"globalcurrencies","seller":"leomaker","symbol":"LEO","quantity":"67.570","price":"0.13727600","timestamp":1640662566,"volume":"9.27573932","buyTxId":"688eb3c537b212b0378e35ee287ebb6578c9ff16","sellTxId":"e25efa7cc851a807b79576b3aa719144e6f39e94"}
{"index": {"_index":"leo","_id":"2400977"}}
	{"id":2400977,"type":"buy","buyer":"globalcurrencies","seller":"leomaker","symbol":"LEO","quantity":"68.391","price":"0.13727700","timestamp":1640662566,"volume":"9.38851131","buyTxId":"688eb3c537b212b0378e35ee287ebb6578c9ff16","sellTxId":"7f359e751bd58c93f6b0a7048f49488e1348170d"}
{"index": {"_index":"leo","_id":"2400978"}}
	{"id":2400978,"type":"buy","buyer":"globalcurrencies","seller":"leomaker","symbol":"LEO","quantity":"69.121","price":"0.13727800","timestamp":1640662566,"volume":"9.48879264","buyTxId":"688eb3c537b212b0378e35ee287ebb6578c9ff16","sellTxId":"20498c8810bdcfbb1830200cc7a34804407a1c2f"}
{"index": {"_index":"leo","_id":"2400979"}}
	{"id":2400979,"type":"buy","buyer":"globalcurrencies","seller":"archon-drips","symbol":"LEO","quantity":"0.001","price":"0.13727800","timestamp":1640662566,"volume":"0.00013728","buyTxId":"688eb3c537b212b0378e35ee287ebb6578c9ff16","sellTxId":"2f97e568a085e8b1c024652011b170136f6cc7fa"}
{"index": {"_index":"leo","_id":"2400980"}}
	{"id":2400980,"type":"buy","buyer":"globalcurrencies","seller":"leomaker","symbol":"LEO","quantity":"74.772","price":"0.13728800","timestamp":1640662566,"volume":"10.26529834","buyTxId":"688eb3c537b212b0378e35ee287ebb6578c9ff16","sellTxId":"c54f84819e93c4b8136223a88f7afd22a6b016d8"}
{"index": {"_index":"leo","_id":"2400981"}}
	{"id":2400981,"type":"buy","buyer":"globalcurrencies","seller":"brofi-market","symbol":"LEO","quantity":"0.001","price":"0.13728800","timestamp":1640662566,"volume":"0.00013729","buyTxId":"688eb3c537b212b0378e35ee287ebb6578c9ff16","sellTxId":"babadd44c0ba723b16ddc60ba9884a6ea1d4bd71"}
{"index": {"_index":"leo","_id":"2400982"}}
	{"id":2400982,"type":"buy","buyer":"globalcurrencies","seller":"livingdigitally","symbol":"LEO","quantity":"138.000","price":"0.13728931","timestamp":1640662566,"volume":"18.94592478","buyTxId":"688eb3c537b212b0378e35ee287ebb6578c9ff16","sellTxId":"0a63c32915ff80bbb9b27657fb888efcc6ee09b5"}
{"index": {"_index":"leo","_id":"2400983"}}
	{"id":2400983,"type":"sell","buyer":"globalcurrencies","seller":"konvik","symbol":"LEO","quantity":"436.378","price":"0.13728931","timestamp":1640662569,"volume":"59.91003452","buyTxId":"688eb3c537b212b0378e35ee287ebb6578c9ff16","sellTxId":"5ea7b89db8914f2219899978d10dfa84f90bb149-1"}
{"index": {"_index":"leo","_id":"2400986"}}
	{"id":2400986,"type":"buy","buyer":"globalcurrencies","seller":"madstacks","symbol":"LEO","quantity":"7.165","price":"0.13811000","timestamp":1640662632,"volume":"0.98955815","buyTxId":"f8d0b84cc03c7e00593cd2b84449c5f5e5e2aed1","sellTxId":"4903924e9c0a958fd2f1006272606dd21baa5b25"}
{"index": {"_index":"leo","_id":"2400987"}}
	{"id":2400987,"type":"buy","buyer":"globalcurrencies","seller":"brofi-market","symbol":"LEO","quantity":"11.447","price":"0.13811000","timestamp":1640662632,"volume":"1.58094517","buyTxId":"f8d0b84cc03c7e00593cd2b84449c5f5e5e2aed1","sellTxId":"6d669615ae2afe35187e361dcafd127949fb85a5"}
{"index": {"_index":"leo","_id":"2400988"}}
	{"id":2400988,"type":"sell","buyer":"globalcurrencies","seller":"svirus","symbol":"LEO","quantity":"240.220","price":"0.13811000","timestamp":1640662635,"volume":"33.17678420","buyTxId":"f8d0b84cc03c7e00593cd2b84449c5f5e5e2aed1","sellTxId":"3249777a64fc9ac4f0fd02080343c760baa9fbc5-1"}
{"index": {"_index":"leo","_id":"2400990"}}
	{"id":2400990,"type":"sell","buyer":"globalcurrencies","seller":"konvik","symbol":"LEO","quantity":"514.281","price":"0.13811000","timestamp":1640662638,"volume":"71.02734891","buyTxId":"f8d0b84cc03c7e00593cd2b84449c5f5e5e2aed1","sellTxId":"cba956b4375bcd9d2cc930e47063c04c42d9b809-1"}
