{"index": {"_index":"leo","_id":"2772387"}}
	{"id":2772387,"type":"sell","buyer":"pi-trader","seller":"dswap","symbol":"LEO","quantity":"0.150","price":"0.16825201","timestamp":1644810915,"volume":"0.02523780","buyTxId":"ab5c23fb8314d9aa5bde235b148321de63b441b7-2","sellTxId":"7294368382ec6e0f0bfc2fdab7a7e78bd0f534a3"}
{"index": {"_index":"leo","_id":"2772400"}}
	{"id":2772400,"type":"sell","buyer":"pi-trader","seller":"justinparke","symbol":"LEO","quantity":"1.63","price":"0.16825201","timestamp":1644811008,"volume":"0.27425078","buyTxId":"3974edcc4cac13fbb70387f151e9a698577a51ce-1","sellTxId":"914a68ffd4b2c743f3765da519f4d341bd7a9c5b"}
{"index": {"_index":"leo","_id":"2772428"}}
	{"id":2772428,"type":"sell","buyer":"pi-trader","seller":"lifeskills-tv","symbol":"LEO","quantity":"15.138","price":"0.16825201","timestamp":1644811392,"volume":"2.54699893","buyTxId":"cc280e0d8289938ea9b196552566a3c240c1dbf7-2","sellTxId":"6926f5589cf08b46fa110e8cccd24b4647b4951e"}
{"index": {"_index":"leo","_id":"2772438"}}
	{"id":2772438,"type":"sell","buyer":"pi-trader","seller":"gungunkrishu","symbol":"LEO","quantity":"39.555","price":"0.16825201","timestamp":1644811449,"volume":"6.65520826","buyTxId":"c2b45e234ad04ffee40e5ccc1ad5790aeb1477ed-2","sellTxId":"58b0a354482f1828f8ac1a81c9456f27686f2792"}
{"index": {"_index":"leo","_id":"2772470"}}
	{"id":2772470,"type":"sell","buyer":"pi-trader","seller":"brofi-market","symbol":"LEO","quantity":"0.001","price":"0.16825201","timestamp":1644811797,"volume":"0.00016825","buyTxId":"e17e72f0fc33a0aacbeef8f6ec5ed11505fa4bea-4","sellTxId":"7df5cb660d1e1c53a2b61aec9b7ce1af9f24bbd2"}
{"index": {"_index":"leo","_id":"2772477"}}
	{"id":2772477,"type":"sell","buyer":"pi-trader","seller":"pratique007","symbol":"LEO","quantity":"0.445","price":"0.16825201","timestamp":1644811866,"volume":"0.07487214","buyTxId":"e974fa2a0f41be0760e82429b30e710d1ff915a5-1","sellTxId":"01cb25621e50b73ba5daf44733804f7e788d72ab"}
{"index": {"_index":"leo","_id":"2772511"}}
	{"id":2772511,"type":"sell","buyer":"pi-trader","seller":"razam","symbol":"LEO","quantity":"0.254","price":"0.16825201","timestamp":1644812247,"volume":"0.04273601","buyTxId":"6054afabc58479d2d83b6cc55aa51255db57801c-2","sellTxId":"60853dbe18e0c26b00c6cca3629874cacb64b2b1"}
{"index": {"_index":"leo","_id":"2772583"}}
	{"id":2772583,"type":"sell","buyer":"pi-trader","seller":"jlufer","symbol":"LEO","quantity":"6.000","price":"0.16825201","timestamp":1644813393,"volume":"1.00951206","buyTxId":"7e349bd7f7f079264061ef4455a73b202bc83a1a-1","sellTxId":"1cfb5a4101ac11c6921b052b1386e0e0b4690f93"}
{"index": {"_index":"leo","_id":"2772621"}}
	{"id":2772621,"type":"sell","buyer":"pi-trader","seller":"challengedac","symbol":"LEO","quantity":"0.264","price":"0.16825201","timestamp":1644814164,"volume":"0.04441853","buyTxId":"30d61e15e7826f64d85f32200795ae1b6794cb41-2","sellTxId":"073aae3fd3feab78e316f9bfbda6c0add4c6315a"}
{"index": {"_index":"leo","_id":"2772734"}}
	{"id":2772734,"type":"sell","buyer":"pi-trader","seller":"doitvoluntarily","symbol":"LEO","quantity":"17.630","price":"0.16825201","timestamp":1644816018,"volume":"2.96628294","buyTxId":"d605752b264add13acb925e4c4a954778fcef171-1","sellTxId":"2870a7d829cd90c40a31110c8339c2d214f6d203"}
{"index": {"_index":"leo","_id":"2772814"}}
	{"id":2772814,"type":"sell","buyer":"pi-trader","seller":"bengy","symbol":"LEO","quantity":"1.907","price":"0.16825201","timestamp":1644817770,"volume":"0.32085658","buyTxId":"8a2bc292903967cf96bcf42ddad8191d7d8bc2be-2","sellTxId":"90c1612bc5fa18bc3771bebd2bd3fb1be6b6ae0a"}
{"index": {"_index":"leo","_id":"2772893"}}
	{"id":2772893,"type":"sell","buyer":"pi-trader","seller":"rose98734","symbol":"LEO","quantity":"0.760","price":"0.16825201","timestamp":1644819420,"volume":"0.12787153","buyTxId":"58cf90e36c87f8038a37b2274536b78b95f87986-2","sellTxId":"44bcb2e162b7b4f831bc8b7a119ae030addd6e30"}
{"index": {"_index":"leo","_id":"2773034"}}
	{"id":2773034,"type":"sell","buyer":"pi-trader","seller":"josediccus","symbol":"LEO","quantity":"14.000","price":"0.16825201","timestamp":1644821619,"volume":"2.35552814","buyTxId":"48082a6637a230356c73fd01c3867c8559a0801e-2","sellTxId":"7f95818cd39ad0abe3db39c831a90d5509397a9b"}
{"index": {"_index":"leo","_id":"2773194"}}
	{"id":2773194,"type":"sell","buyer":"pi-trader","seller":"the-ascendant","symbol":"LEO","quantity":"0.032","price":"0.16825201","timestamp":1644824583,"volume":"0.00538406","buyTxId":"85c605456ef46add3193a37a5bec1758f342db4d-2","sellTxId":"cb79bcaf450ebfe41d142ce90ea649ecd9468f05"}
{"index": {"_index":"leo","_id":"2773375"}}
	{"id":2773375,"type":"sell","buyer":"pi-trader","seller":"lionsuit","symbol":"LEO","quantity":"0.107","price":"0.16825201","timestamp":1644826695,"volume":"0.01800297","buyTxId":"e212d54d87fa66b6c94e65702192c83e58a6aa39-1","sellTxId":"62852d9e678b5e41bd2c6a1a88feb807f465345d"}
{"index": {"_index":"leo","_id":"2773395"}}
	{"id":2773395,"type":"sell","buyer":"pi-trader","seller":"itharagaian","symbol":"LEO","quantity":"0.013","price":"0.16825201","timestamp":1644826905,"volume":"0.00218728","buyTxId":"b0d28f06cffc0eea191ce09cab099c23960d4bcc-1","sellTxId":"c6bbc195b6274e113213237be369f00613b2c871"}
{"index": {"_index":"leo","_id":"2773419"}}
	{"id":2773419,"type":"sell","buyer":"pi-trader","seller":"johnwege","symbol":"LEO","quantity":"6.602","price":"0.16825201","timestamp":1644827145,"volume":"1.11079977","buyTxId":"4a0d04c799accb77ef148ea3789d6ed2fb6592b5-1","sellTxId":"03d9e9c00c46cc3fbd7547f0bc1625eb019c1527"}
{"index": {"_index":"leo","_id":"2773493"}}
	{"id":2773493,"type":"sell","buyer":"pi-trader","seller":"drunksamurai","symbol":"LEO","quantity":"0.025","price":"0.16825201","timestamp":1644828432,"volume":"0.00420630","buyTxId":"4b4c4a9e95dc626589f51ed0c2e101b26f9418a2-3","sellTxId":"5599ee11d2683c9dd982bb2212ec6ef020277703"}
{"index": {"_index":"leo","_id":"2773558"}}
	{"id":2773558,"type":"sell","buyer":"pi-trader","seller":"steinreich","symbol":"LEO","quantity":"44.054","price":"0.16825201","timestamp":1644829356,"volume":"7.41217405","buyTxId":"7d24852a5f1895dcbc7ee90e2c000d241e410b0d-1","sellTxId":"d7f0b49f049c559043b97884a73e5100b7e30359"}
{"index": {"_index":"leo","_id":"2773578"}}
	{"id":2773578,"type":"sell","buyer":"pi-trader","seller":"kolbjorn","symbol":"LEO","quantity":"21.335","price":"0.16825201","timestamp":1644829530,"volume":"3.58965663","buyTxId":"df475a62fde38b304de69464fd19cac8dd99ed10-2","sellTxId":"a1a6ac7a0c2cdae86d7338b40266949579ca1ebd"}
{"index": {"_index":"leo","_id":"2773594"}}
	{"id":2773594,"type":"sell","buyer":"pi-trader","seller":"zzz.accounting","symbol":"LEO","quantity":"0.003","price":"0.16825201","timestamp":1644829821,"volume":"0.00050476","buyTxId":"871910d7f76c7410802e508f45ff8f7be0ed76c4-3","sellTxId":"e44dc8a1d410f62f1f8bad076bc1290d404f2677"}
{"index": {"_index":"leo","_id":"2773624"}}
	{"id":2773624,"type":"sell","buyer":"pi-trader","seller":"oks2crypto","symbol":"LEO","quantity":"0.121","price":"0.16825201","timestamp":1644830292,"volume":"0.02035849","buyTxId":"aa4b9c48a57c2fe64448d4c8e0b33072cd2b5fd1-1","sellTxId":"cea5b1677a130a6db449286b8369a61c19a8f8cb"}
{"index": {"_index":"leo","_id":"2773667"}}
	{"id":2773667,"type":"sell","buyer":"pi-trader","seller":"antiosh","symbol":"LEO","quantity":"0.178","price":"0.16825201","timestamp":1644830883,"volume":"0.02994886","buyTxId":"b27ea68908589e8d48e5c78b9f1ace2767ab4e62-1","sellTxId":"14655f7473ae9dc2d05df506818109215d56cb71"}
{"index": {"_index":"leo","_id":"2773738"}}
	{"id":2773738,"type":"sell","buyer":"pi-trader","seller":"tsnaks","symbol":"LEO","quantity":"52.311","price":"0.16825201","timestamp":1644831825,"volume":"8.80143090","buyTxId":"f0987fce4281bd9d366ece19a993e49666022de2-2","sellTxId":"f24116aee0ae04668a37a96ddfaac00b321f3bfe"}
{"index": {"_index":"leo","_id":"2773772"}}
	{"id":2773772,"type":"sell","buyer":"pi-trader","seller":"mephistophenes","symbol":"LEO","quantity":"54.483","price":"0.16825201","timestamp":1644832230,"volume":"9.16687426","buyTxId":"a4f43d8b79df9c5f3c8fdbcd23ec256657514d90-2","sellTxId":"bf05ca0c8d6de87dde00a345e8ddfc6ca782a426"}
{"index": {"_index":"leo","_id":"2773777"}}
	{"id":2773777,"type":"sell","buyer":"pi-trader","seller":"onealfa.vyb","symbol":"LEO","quantity":"1.552","price":"0.16825201","timestamp":1644832272,"volume":"0.26112712","buyTxId":"1eb5f871d838dabf42591ffd237a88787b16213a-2","sellTxId":"a7ef67eaa3421c39fa3b551065a8985fff12fc30"}
{"index": {"_index":"leo","_id":"2773836"}}
	{"id":2773836,"type":"sell","buyer":"pi-trader","seller":"dswap","symbol":"LEO","quantity":"0.008","price":"0.16825201","timestamp":1644832995,"volume":"0.00134602","buyTxId":"dcdff94c3713686e785474cf822911bebb5fa636-2","sellTxId":"2422cd94d5bd0e288fb46ae99ed9ad0e297665eb"}
{"index": {"_index":"leo","_id":"2773887"}}
	{"id":2773887,"type":"buy","buyer":"ugochill","seller":"pfwaus","symbol":"LEO","quantity":"0.500","price":"0.17000000","timestamp":1644833553,"volume":"0.08500000","buyTxId":"227f575e4e023d79c83199ce4b5f217f8c9483e0","sellTxId":"49219523b7a781b0f28315aa4f439d268cd27dcb"}
{"index": {"_index":"leo","_id":"2773923"}}
	{"id":2773923,"type":"sell","buyer":"pi-trader","seller":"eddie-earner","symbol":"LEO","quantity":"300.000","price":"0.16825201","timestamp":1644834411,"volume":"50.47560300","buyTxId":"dc4720d98f6427896c5a6c910250bd7ece66f359-1","sellTxId":"ac34841cfd147ef462308c2f57ee8b080b23a9cc"}
{"index": {"_index":"leo","_id":"2773924"}}
	{"id":2773924,"type":"sell","buyer":"leomaker","seller":"eddie-earner","symbol":"LEO","quantity":"2.638","price":"0.16825200","timestamp":1644834411,"volume":"0.44384878","buyTxId":"d4a92a7f9efb235e73502a913f797a61f67e3f10","sellTxId":"ac34841cfd147ef462308c2f57ee8b080b23a9cc"}
{"index": {"_index":"leo","_id":"2773925"}}
	{"id":2773925,"type":"sell","buyer":"leomaker","seller":"eddie-earner","symbol":"LEO","quantity":"2.690","price":"0.16825000","timestamp":1644834411,"volume":"0.45259250","buyTxId":"bfc42d03606c3bba2c89d74f8435e253b0c6670d","sellTxId":"ac34841cfd147ef462308c2f57ee8b080b23a9cc"}
{"index": {"_index":"leo","_id":"2773926"}}
	{"id":2773926,"type":"sell","buyer":"leomaker","seller":"eddie-earner","symbol":"LEO","quantity":"2.744","price":"0.16824800","timestamp":1644834411,"volume":"0.46167251","buyTxId":"f897e3b1d7d9627818a3c006832368ff60b450bd","sellTxId":"ac34841cfd147ef462308c2f57ee8b080b23a9cc"}
{"index": {"_index":"leo","_id":"2773927"}}
	{"id":2773927,"type":"sell","buyer":"leomaker","seller":"eddie-earner","symbol":"LEO","quantity":"2.798","price":"0.16824600","timestamp":1644834411,"volume":"0.47075231","buyTxId":"24560ea385117a37e92fdbca562a7635c8c2de31","sellTxId":"ac34841cfd147ef462308c2f57ee8b080b23a9cc"}
{"index": {"_index":"leo","_id":"2773928"}}
	{"id":2773928,"type":"sell","buyer":"leomaker","seller":"eddie-earner","symbol":"LEO","quantity":"2.854","price":"0.16824400","timestamp":1644834411,"volume":"0.48016838","buyTxId":"a97bbe1e3d9c9cd0924bba63a752ce109353c539","sellTxId":"ac34841cfd147ef462308c2f57ee8b080b23a9cc"}
{"index": {"_index":"leo","_id":"2773929"}}
	{"id":2773929,"type":"sell","buyer":"leomaker","seller":"eddie-earner","symbol":"LEO","quantity":"2.910","price":"0.16824200","timestamp":1644834411,"volume":"0.48958422","buyTxId":"018430758d8424fa69f177a7cee6f6a1fe0a2915","sellTxId":"ac34841cfd147ef462308c2f57ee8b080b23a9cc"}
{"index": {"_index":"leo","_id":"2773930"}}
	{"id":2773930,"type":"sell","buyer":"leomaker","seller":"eddie-earner","symbol":"LEO","quantity":"2.967","price":"0.16824000","timestamp":1644834411,"volume":"0.49916808","buyTxId":"3017a6d8de34f51c92275d0dd053d34c3977be07","sellTxId":"ac34841cfd147ef462308c2f57ee8b080b23a9cc"}
{"index": {"_index":"leo","_id":"2773931"}}
	{"id":2773931,"type":"sell","buyer":"leomaker","seller":"eddie-earner","symbol":"LEO","quantity":"3.027","price":"0.16823800","timestamp":1644834411,"volume":"0.50925643","buyTxId":"bd0565b3497db3d4131c48a9d4c55456b72fe532","sellTxId":"ac34841cfd147ef462308c2f57ee8b080b23a9cc"}
{"index": {"_index":"leo","_id":"2773932"}}
	{"id":2773932,"type":"sell","buyer":"leomaker","seller":"eddie-earner","symbol":"LEO","quantity":"3.085","price":"0.16823600","timestamp":1644834411,"volume":"0.51900806","buyTxId":"b332db4f7758b0ef92315c58b6a13ee29f6c278f","sellTxId":"ac34841cfd147ef462308c2f57ee8b080b23a9cc"}
{"index": {"_index":"leo","_id":"2773933"}}
	{"id":2773933,"type":"sell","buyer":"leomaker","seller":"eddie-earner","symbol":"LEO","quantity":"3.148","price":"0.16823400","timestamp":1644834411,"volume":"0.52960063","buyTxId":"27b5bfbb402ff6cdece551486fc8f117052bd303","sellTxId":"ac34841cfd147ef462308c2f57ee8b080b23a9cc"}
{"index": {"_index":"leo","_id":"2773934"}}
	{"id":2773934,"type":"sell","buyer":"leomaker","seller":"eddie-earner","symbol":"LEO","quantity":"3.209","price":"0.16823200","timestamp":1644834411,"volume":"0.53985649","buyTxId":"ec0dcdf8b62a8d6de8e9ec2e132db5d3ffbbdfd5","sellTxId":"ac34841cfd147ef462308c2f57ee8b080b23a9cc"}
{"index": {"_index":"leo","_id":"2773935"}}
	{"id":2773935,"type":"sell","buyer":"niallon11","seller":"eddie-earner","symbol":"LEO","quantity":"100.000","price":"0.16823000","timestamp":1644834411,"volume":"16.82300000","buyTxId":"2fe81bacb011461ff9211bfb27e20a7b5004a05f","sellTxId":"ac34841cfd147ef462308c2f57ee8b080b23a9cc"}
{"index": {"_index":"leo","_id":"2773936"}}
	{"id":2773936,"type":"sell","buyer":"leomaker","seller":"eddie-earner","symbol":"LEO","quantity":"3.249","price":"0.16822400","timestamp":1644834411,"volume":"0.54655978","buyTxId":"128201e02318654a0ea835b445dc45c5b0888cef","sellTxId":"ac34841cfd147ef462308c2f57ee8b080b23a9cc"}
{"index": {"_index":"leo","_id":"2773937"}}
	{"id":2773937,"type":"sell","buyer":"leomaker","seller":"eddie-earner","symbol":"LEO","quantity":"3.313","price":"0.16822200","timestamp":1644834411,"volume":"0.55731949","buyTxId":"01dbb1d57c6221497603edc7634e35ef1565d2bc","sellTxId":"ac34841cfd147ef462308c2f57ee8b080b23a9cc"}
{"index": {"_index":"leo","_id":"2773938"}}
	{"id":2773938,"type":"sell","buyer":"leomaker","seller":"eddie-earner","symbol":"LEO","quantity":"3.378","price":"0.16822000","timestamp":1644834411,"volume":"0.56824716","buyTxId":"340ed26be2a9591c20045c2f2a5701d6f044f87e","sellTxId":"ac34841cfd147ef462308c2f57ee8b080b23a9cc"}
{"index": {"_index":"leo","_id":"2773939"}}
	{"id":2773939,"type":"sell","buyer":"tiffin","seller":"eddie-earner","symbol":"LEO","quantity":"291.990","price":"0.16822000","timestamp":1644834411,"volume":"49.11855780","buyTxId":"fa1a26aa10f351c9211ff1ce7810cec25d6ccb79","sellTxId":"ac34841cfd147ef462308c2f57ee8b080b23a9cc"}
{"index": {"_index":"leo","_id":"2774129"}}
	{"id":2774129,"type":"sell","buyer":"pi-trader","seller":"lichtblick","symbol":"LEO","quantity":"132.573","price":"0.16822401","timestamp":1644838377,"volume":"22.30196168","buyTxId":"8947111deb208e331d95f68016c4e08a8111d3cf-1","sellTxId":"29a19bbf927d24b3defd72c787336fe0e951c3dc"}
{"index": {"_index":"leo","_id":"2774232"}}
	{"id":2774232,"type":"sell","buyer":"pi-trader","seller":"jjb777","symbol":"LEO","quantity":"13.367","price":"0.16822401","timestamp":1644839973,"volume":"2.24865034","buyTxId":"66a71d2dbcfaf18fe0b6ae621090c72444f592e3-2","sellTxId":"2ad0ba6a171f5e4889291b7ed9d117d332539add"}
{"index": {"_index":"leo","_id":"2774289"}}
	{"id":2774289,"type":"sell","buyer":"pi-trader","seller":"atyh","symbol":"LEO","quantity":"0.588","price":"0.16822401","timestamp":1644840705,"volume":"0.09891572","buyTxId":"c16fd84e97b799ee4c7ab6684950eab4d0e6e6f4-2","sellTxId":"4b652ed0c889294bafd22c2ceb33a7a719993d5a"}
{"index": {"_index":"leo","_id":"2774294"}}
	{"id":2774294,"type":"sell","buyer":"pi-trader","seller":"newsposter","symbol":"LEO","quantity":"0.080","price":"0.16822401","timestamp":1644840786,"volume":"0.01345792","buyTxId":"ee90cebcf03aa842323915abfd977ca648476186-2","sellTxId":"8a86a2b59e64548f7becbaa72313a15fc8ac7100"}
{"index": {"_index":"leo","_id":"2774400"}}
	{"id":2774400,"type":"sell","buyer":"pi-trader","seller":"memeisfun","symbol":"LEO","quantity":"2.748","price":"0.16822401","timestamp":1644842376,"volume":"0.46227958","buyTxId":"90c6b75c0b70d29f655ca545721cab92e4ae1df9-1","sellTxId":"bac36deca49fa23f6b2a20613a6f333e6ad54a5a"}
{"index": {"_index":"leo","_id":"2774588"}}
	{"id":2774588,"type":"sell","buyer":"pi-trader","seller":"skrep","symbol":"LEO","quantity":"0.597","price":"0.16822401","timestamp":1644844824,"volume":"0.10042973","buyTxId":"d5a14354ba8a429ad5963689241794626c403cf4-2","sellTxId":"6a6df5de7b423ff3881f2e1e77d58ec664c636e6"}
{"index": {"_index":"leo","_id":"2774691"}}
	{"id":2774691,"type":"sell","buyer":"pi-trader","seller":"pele23","symbol":"LEO","quantity":"1.000","price":"0.16822401","timestamp":1644846120,"volume":"0.16822401","buyTxId":"747121a6562014d41a672c0084b5c06f9d1a4b0c-2","sellTxId":"fc262dc36ed9ada4cc27f03b66225db16f4e7fc1"}
{"index": {"_index":"leo","_id":"2774863"}}
	{"id":2774863,"type":"sell","buyer":"leomaker","seller":"jphamer1","symbol":"LEO","quantity":"2.367","price":"0.16900200","timestamp":1644848355,"volume":"0.40002773","buyTxId":"e47069fb80d3b76657e42b8cef1d3c079343b1a5","sellTxId":"018911b4443a403017ee7afd619071f2ac33b73b"}
{"index": {"_index":"leo","_id":"2774864"}}
	{"id":2774864,"type":"sell","buyer":"bozz","seller":"jphamer1","symbol":"LEO","quantity":"42.066","price":"0.16900000","timestamp":1644848355,"volume":"7.10915400","buyTxId":"1ec85ee9a6f7204ca4de37cf9349235b439b3b34","sellTxId":"018911b4443a403017ee7afd619071f2ac33b73b"}
{"index": {"_index":"leo","_id":"2774950"}}
	{"id":2774950,"type":"sell","buyer":"leomaker","seller":"bearbear613","symbol":"LEO","quantity":"2.087","price":"0.16900200","timestamp":1644849855,"volume":"0.35270717","buyTxId":"e34a98a41e52d9b37b39175bac3104f8e29c87f2","sellTxId":"3506e6cd37d414a6093a9c36a0ba24e2fe43ef86"}
{"index": {"_index":"leo","_id":"2775225"}}
	{"id":2775225,"type":"sell","buyer":"leomaker","seller":"insight.pob","symbol":"LEO","quantity":"0.238","price":"0.16900200","timestamp":1644852630,"volume":"0.04022248","buyTxId":"e34a98a41e52d9b37b39175bac3104f8e29c87f2","sellTxId":"e7cf86e130cea670c8f7b61ef8025182e755bcef"}
{"index": {"_index":"leo","_id":"2775226"}}
	{"id":2775226,"type":"sell","buyer":"pi-trader","seller":"insight.pob","symbol":"LEO","quantity":"8.402","price":"0.16900001","timestamp":1644852630,"volume":"1.41993808","buyTxId":"2383d8cc829d5172e008a8d19885585e5bc3f4eb","sellTxId":"e7cf86e130cea670c8f7b61ef8025182e755bcef"}
{"index": {"_index":"leo","_id":"2775276"}}
	{"id":2775276,"type":"sell","buyer":"pi-trader","seller":"toofasteddie","symbol":"LEO","quantity":"6.000","price":"0.16900201","timestamp":1644853044,"volume":"1.01401206","buyTxId":"3659e7f04764e2ada82abe9a707da80f376ed68b-2","sellTxId":"69343f6f9f3792bd65cc023c2d601ee9001483a3"}
{"index": {"_index":"leo","_id":"2775308"}}
	{"id":2775308,"type":"sell","buyer":"pi-trader","seller":"tomhall","symbol":"LEO","quantity":"300.000","price":"0.16900401","timestamp":1644853608,"volume":"50.70120300","buyTxId":"b7b1aa49f459166441be759cfa94a91c6af558a6-3","sellTxId":"d708b9aaae38d0a9ae9b8eff86d5fc4ef03f8b08"}
{"index": {"_index":"leo","_id":"2775309"}}
	{"id":2775309,"type":"sell","buyer":"leomaker","seller":"tomhall","symbol":"LEO","quantity":"2.241","price":"0.16900400","timestamp":1644853608,"volume":"0.37873796","buyTxId":"743d3adad72e58b20345f9926cb4ef3aa1bdfe46","sellTxId":"d708b9aaae38d0a9ae9b8eff86d5fc4ef03f8b08"}
{"index": {"_index":"leo","_id":"2775310"}}
	{"id":2775310,"type":"sell","buyer":"leomaker","seller":"tomhall","symbol":"LEO","quantity":"2.282","price":"0.16900200","timestamp":1644853608,"volume":"0.38566256","buyTxId":"ad065080f056aa15ab00ffdbeea38ac032503031","sellTxId":"d708b9aaae38d0a9ae9b8eff86d5fc4ef03f8b08"}
{"index": {"_index":"leo","_id":"2775311"}}
	{"id":2775311,"type":"sell","buyer":"bozz","seller":"tomhall","symbol":"LEO","quantity":"382.934","price":"0.16900000","timestamp":1644853608,"volume":"64.71584600","buyTxId":"1ec85ee9a6f7204ca4de37cf9349235b439b3b34","sellTxId":"d708b9aaae38d0a9ae9b8eff86d5fc4ef03f8b08"}
{"index": {"_index":"leo","_id":"2775312"}}
	{"id":2775312,"type":"sell","buyer":"leomaker","seller":"tomhall","symbol":"LEO","quantity":"2.545","price":"0.16822400","timestamp":1644853608,"volume":"0.42813008","buyTxId":"77074177c33258d24d8fd2c372a6e84d7ad6d1d8","sellTxId":"d708b9aaae38d0a9ae9b8eff86d5fc4ef03f8b08"}
{"index": {"_index":"leo","_id":"2775313"}}
	{"id":2775313,"type":"sell","buyer":"leomaker","seller":"tomhall","symbol":"LEO","quantity":"2.596","price":"0.16822200","timestamp":1644853608,"volume":"0.43670431","buyTxId":"1571cfdb7e45adb8a2ee197c7d51bb17a1174443","sellTxId":"d708b9aaae38d0a9ae9b8eff86d5fc4ef03f8b08"}
{"index": {"_index":"leo","_id":"2775314"}}
	{"id":2775314,"type":"sell","buyer":"tiffin","seller":"tomhall","symbol":"LEO","quantity":"8.010","price":"0.16822000","timestamp":1644853608,"volume":"1.34744220","buyTxId":"fa1a26aa10f351c9211ff1ce7810cec25d6ccb79","sellTxId":"d708b9aaae38d0a9ae9b8eff86d5fc4ef03f8b08"}
{"index": {"_index":"leo","_id":"2775315"}}
	{"id":2775315,"type":"sell","buyer":"tiffin","seller":"tomhall","symbol":"LEO","quantity":"14.772","price":"0.16822000","timestamp":1644853608,"volume":"2.48494584","buyTxId":"f679c6ab4fb53c84668245987821092de5e79a57","sellTxId":"d708b9aaae38d0a9ae9b8eff86d5fc4ef03f8b08"}
{"index": {"_index":"leo","_id":"2775316"}}
	{"id":2775316,"type":"sell","buyer":"leomaker","seller":"tomhall","symbol":"LEO","quantity":"3.444","price":"0.16821800","timestamp":1644853608,"volume":"0.57934279","buyTxId":"e95fb94a7a3bf0008e5c3a2f4d6736b89197a56e","sellTxId":"d708b9aaae38d0a9ae9b8eff86d5fc4ef03f8b08"}
{"index": {"_index":"leo","_id":"2775317"}}
	{"id":2775317,"type":"sell","buyer":"leomaker","seller":"tomhall","symbol":"LEO","quantity":"1.176","price":"0.16821600","timestamp":1644853608,"volume":"0.19782202","buyTxId":"63df536276ea46fed2e2b0331590c6addfd09f01","sellTxId":"d708b9aaae38d0a9ae9b8eff86d5fc4ef03f8b08"}
{"index": {"_index":"leo","_id":"2775454"}}
	{"id":2775454,"type":"sell","buyer":"pi-trader","seller":"brofi-market","symbol":"LEO","quantity":"12.554","price":"0.16822201","timestamp":1644855378,"volume":"2.11185911","buyTxId":"9fa4a87313efff1e0f9550aa59e588c0c87927f7-1","sellTxId":"791868e944bd647f6117367bdad6c39d8fab538a"}
{"index": {"_index":"leo","_id":"2775595"}}
	{"id":2775595,"type":"sell","buyer":"pi-trader","seller":"hotwing","symbol":"LEO","quantity":"15.913","price":"0.16822401","timestamp":1644857232,"volume":"2.67694867","buyTxId":"1d75d223406f1eb425f1a48250140153d38a0780-1","sellTxId":"de42fd3bcaadef5b9769a124627c2ff074bb5b1a"}
{"index": {"_index":"leo","_id":"2775709"}}
	{"id":2775709,"type":"sell","buyer":"pi-trader","seller":"asgharali","symbol":"LEO","quantity":"19.459","price":"0.16822401","timestamp":1644858582,"volume":"3.27347101","buyTxId":"b32883f59caed705690ded191477c369641fb7cb-3","sellTxId":"620fcde0761a24533ae9be97a944cbab023feed0"}
{"index": {"_index":"leo","_id":"2775740"}}
	{"id":2775740,"type":"sell","buyer":"pi-trader","seller":"zkalemiss","symbol":"LEO","quantity":"300.000","price":"0.16822401","timestamp":1644858852,"volume":"50.46720300","buyTxId":"8837f41623be60a4a282fd95cb04d210fb6e81bd-2","sellTxId":"84a0f2a6a4907932e208d3c6ea5cd13923af28d6"}
{"index": {"_index":"leo","_id":"2775741"}}
	{"id":2775741,"type":"buy","buyer":"svirus","seller":"zkalemiss","symbol":"LEO","quantity":"34.540","price":"0.16822401","timestamp":1644858855,"volume":"5.81045731","buyTxId":"ca1a23561cff029dea3316e65a622ccc9706b2af-0","sellTxId":"84a0f2a6a4907932e208d3c6ea5cd13923af28d6"}
{"index": {"_index":"leo","_id":"2775742"}}
	{"id":2775742,"type":"buy","buyer":"konvik","seller":"zkalemiss","symbol":"LEO","quantity":"0.004","price":"0.16822401","timestamp":1644858855,"volume":"0.00067290","buyTxId":"467847c155691edeb6bf5e5f7600ae124ce0cd80-0","sellTxId":"84a0f2a6a4907932e208d3c6ea5cd13923af28d6"}
{"index": {"_index":"leo","_id":"2775911"}}
	{"id":2775911,"type":"buy","buyer":"lexiws","seller":"droida","symbol":"LEO","quantity":"0.255","price":"0.16999999","timestamp":1644860472,"volume":"0.04335000","buyTxId":"a9ec7e7f017025269fb13a908cba4df1d20717a5","sellTxId":"f1574be9753ba98a4065ef73f52a19c95c1c6aee"}
{"index": {"_index":"leo","_id":"2775912"}}
	{"id":2775912,"type":"buy","buyer":"lexiws","seller":"brofi-market","symbol":"LEO","quantity":"12.554","price":"0.16999999","timestamp":1644860472,"volume":"2.13417987","buyTxId":"a9ec7e7f017025269fb13a908cba4df1d20717a5","sellTxId":"30fcfb2e1a9b0168010acc840088f9726a03da74"}
{"index": {"_index":"leo","_id":"2775913"}}
	{"id":2775913,"type":"buy","buyer":"lexiws","seller":"pfwaus","symbol":"LEO","quantity":"1.676","price":"0.17000000","timestamp":1644860472,"volume":"0.28492000","buyTxId":"a9ec7e7f017025269fb13a908cba4df1d20717a5","sellTxId":"49219523b7a781b0f28315aa4f439d268cd27dcb"}
{"index": {"_index":"leo","_id":"2775914"}}
	{"id":2775914,"type":"buy","buyer":"lexiws","seller":"magicbeans","symbol":"LEO","quantity":"3.000","price":"0.17894499","timestamp":1644860472,"volume":"0.53683497","buyTxId":"a9ec7e7f017025269fb13a908cba4df1d20717a5","sellTxId":"6f8d9189a0c646f57122a117211a4c642e32c6b8"}
{"index": {"_index":"leo","_id":"2775915"}}
	{"id":2775915,"type":"buy","buyer":"lexiws","seller":"leomaker","symbol":"LEO","quantity":"0.279","price":"0.17894500","timestamp":1644860472,"volume":"0.04992566","buyTxId":"a9ec7e7f017025269fb13a908cba4df1d20717a5","sellTxId":"c898f745595dd80fec8402068206b045b369a9b6"}
{"index": {"_index":"leo","_id":"2775916"}}
	{"id":2775916,"type":"buy","buyer":"lexiws","seller":"leomaker","symbol":"LEO","quantity":"0.284","price":"0.17894600","timestamp":1644860472,"volume":"0.05082066","buyTxId":"a9ec7e7f017025269fb13a908cba4df1d20717a5","sellTxId":"6788c89637cca3be870b9c85ada87a76b9f2612e"}
{"index": {"_index":"leo","_id":"2775917"}}
	{"id":2775917,"type":"buy","buyer":"lexiws","seller":"leomaker","symbol":"LEO","quantity":"0.290","price":"0.17894700","timestamp":1644860472,"volume":"0.05189463","buyTxId":"a9ec7e7f017025269fb13a908cba4df1d20717a5","sellTxId":"df07248c35ae18bc53e15761c71e5ed17e7fbb2e"}
{"index": {"_index":"leo","_id":"2775918"}}
	{"id":2775918,"type":"buy","buyer":"lexiws","seller":"leomaker","symbol":"LEO","quantity":"0.296","price":"0.17894800","timestamp":1644860472,"volume":"0.05296861","buyTxId":"a9ec7e7f017025269fb13a908cba4df1d20717a5","sellTxId":"dcef3c3a18f7f7a7cec8b4eb3eabdd398e099b1e"}
{"index": {"_index":"leo","_id":"2775919"}}
	{"id":2775919,"type":"buy","buyer":"lexiws","seller":"leomaker","symbol":"LEO","quantity":"0.302","price":"0.17894900","timestamp":1644860472,"volume":"0.05404260","buyTxId":"a9ec7e7f017025269fb13a908cba4df1d20717a5","sellTxId":"e2e932295fde1818c4473b9d7471bdef00571e08"}
{"index": {"_index":"leo","_id":"2775920"}}
	{"id":2775920,"type":"buy","buyer":"lexiws","seller":"enginemaker","symbol":"LEO","quantity":"270.064","price":"0.17895000","timestamp":1644860472,"volume":"48.32795280","buyTxId":"a9ec7e7f017025269fb13a908cba4df1d20717a5","sellTxId":"MM-P-14817032-61804408-3-1-0"}
{"index": {"_index":"leo","_id":"2776006"}}
	{"id":2776006,"type":"buy","buyer":"ugochill","seller":"pi-trader","symbol":"LEO","quantity":"0.500","price":"0.17894899","timestamp":1644861498,"volume":"0.08947450","buyTxId":"9bf16f2cafa220bec05d21e7f4a6b5bb73eee0e3","sellTxId":"712c0435a334b54da2d7da801d04c3b7b23b4869-1"}
{"index": {"_index":"leo","_id":"2776149"}}
	{"id":2776149,"type":"sell","buyer":"pi-trader","seller":"acesontop","symbol":"LEO","quantity":"32","price":"0.16822404","timestamp":1644862677,"volume":"5.38316928","buyTxId":"e2da664c9d094ec5d4481e835bc8d27e9eeb99fc-3","sellTxId":"20c84ef8cedfe39d044e0bf070dacb10b615f42b"}
{"index": {"_index":"leo","_id":"2776190"}}
	{"id":2776190,"type":"sell","buyer":"pi-trader","seller":"archon-drips","symbol":"LEO","quantity":"0.003","price":"0.16822406","timestamp":1644863127,"volume":"0.00050467","buyTxId":"82efbd8154d4175578d47cc7e2b4c8768f88fe75-1","sellTxId":"2371bcd6fa5f8f943cfe00f5956d68c9883c3d63"}
{"index": {"_index":"leo","_id":"2776507"}}
	{"id":2776507,"type":"sell","buyer":"pi-trader","seller":"diego1306","symbol":"LEO","quantity":"2.150","price":"0.17000002","timestamp":1644866019,"volume":"0.36550004","buyTxId":"cb96676bff2de2ee64b555069ec21e860e33df5d-2","sellTxId":"3af0e75b903592a57f28818bb8a3d5281801f665"}
{"index": {"_index":"leo","_id":"2776603"}}
	{"id":2776603,"type":"sell","buyer":"asia-pl","seller":"svirus","symbol":"LEO","quantity":"14.850","price":"0.17889000","timestamp":1644867312,"volume":"2.65651650","buyTxId":"48c9b0fe9bdd6245692cc86853bc149d82bb426c","sellTxId":"f612226caff0c155c7465021922827679a567b34-1"}
{"index": {"_index":"leo","_id":"2776604"}}
	{"id":2776604,"type":"sell","buyer":"asia-pl","seller":"genet","symbol":"LEO","quantity":"0.003","price":"0.17889000","timestamp":1644867312,"volume":"0.00053667","buyTxId":"48c9b0fe9bdd6245692cc86853bc149d82bb426c","sellTxId":"c94c2f5ed993a7f1d7c87950f7e5059e9b62c803-1"}
{"index": {"_index":"leo","_id":"2776627"}}
	{"id":2776627,"type":"buy","buyer":"evernoticethat","seller":"pi-trader","symbol":"LEO","quantity":"11.500","price":"0.17889199","timestamp":1644867627,"volume":"2.05725789","buyTxId":"18bd580ae35ae8a0f1937ea7daee1ef549f52cd3","sellTxId":"b1996c9ff0c92abb383b604f0f24d9b059cef235-3"}
{"index": {"_index":"leo","_id":"2776663"}}
	{"id":2776663,"type":"sell","buyer":"pi-trader","seller":"jjprac","symbol":"LEO","quantity":"12.759","price":"0.17000004","timestamp":1644868080,"volume":"2.16903051","buyTxId":"6f8d8fed4548a36563150cede0f9aef96a53eb75-1","sellTxId":"af3f252ffacb4e9838fbd5991bcf088272af0dda"}
{"index": {"_index":"leo","_id":"2776665"}}
	{"id":2776665,"type":"buy","buyer":"finguru","seller":"pi-trader","symbol":"LEO","quantity":"39.587","price":"0.17889099","timestamp":1644868116,"volume":"7.08187211","buyTxId":"6a7ad839403849c4a0c930d031a9e8d6b6edc3c4","sellTxId":"d0db783d50e69661bda7320de61974fd5715e999-1"}
{"index": {"_index":"leo","_id":"2776778"}}
	{"id":2776778,"type":"sell","buyer":"pi-trader","seller":"brofi-market","symbol":"LEO","quantity":"0.001","price":"0.17000004","timestamp":1644869367,"volume":"0.00017000","buyTxId":"27b3b9341fe5962d8721f9b51760b4249a0c2cc9-2","sellTxId":"2626f3534878f1007b7658f230898f65e3402770"}
{"index": {"_index":"leo","_id":"2776795"}}
	{"id":2776795,"type":"sell","buyer":"irivers","seller":"yintercept","symbol":"LEO","quantity":"0.051","price":"0.17010000","timestamp":1644869574,"volume":"0.00867510","buyTxId":"266b36f87c32f0eea5f4a9507acfb5e4fe3a9487","sellTxId":"3ebe0e16a7792ab31e0381bb1efa56e171f53204"}
{"index": {"_index":"leo","_id":"2776813"}}
	{"id":2776813,"type":"sell","buyer":"irivers","seller":"harveyword","symbol":"LEO","quantity":"0.242","price":"0.17010000","timestamp":1644869898,"volume":"0.04116420","buyTxId":"266b36f87c32f0eea5f4a9507acfb5e4fe3a9487","sellTxId":"93ca67c431c70100ac0534dbcc0a7df71b66073f"}
{"index": {"_index":"leo","_id":"2776886"}}
	{"id":2776886,"type":"sell","buyer":"pi-trader","seller":"holbein81","symbol":"LEO","quantity":"191.230","price":"0.17000006","timestamp":1644870942,"volume":"32.50911147","buyTxId":"93584bf7cb1d78cc35b64b9856aff2e84fa9f62b-1","sellTxId":"9bd50c332c269ad7aeac1166a8e89b54bb461fde"}
{"index": {"_index":"leo","_id":"2776954"}}
	{"id":2776954,"type":"buy","buyer":"ugochill","seller":"pi-trader","symbol":"LEO","quantity":"0.009","price":"0.17887699","timestamp":1644871593,"volume":"0.00160989","buyTxId":"df0733cce7624da6ef033d8417a1fc5fcc9f2423","sellTxId":"a432fe1c1b238302b179f580a74acbb30bce0e7e-3"}
{"index": {"_index":"leo","_id":"2776990"}}
	{"id":2776990,"type":"sell","buyer":"pi-trader","seller":"bearbear613","symbol":"LEO","quantity":"5.967","price":"0.17000008","timestamp":1644871953,"volume":"1.01439048","buyTxId":"d4b1d9b383a2546cbb5992b344b90641ca256a89-1","sellTxId":"6bf9be764b8a9be2e42cdc7c6aa431301e6a4a58"}
{"index": {"_index":"leo","_id":"2777025"}}
	{"id":2777025,"type":"sell","buyer":"pi-trader","seller":"marcoss21","symbol":"LEO","quantity":"1.954","price":"0.17000008","timestamp":1644872358,"volume":"0.33218016","buyTxId":"65c044f67a189a7ace795bf3376f1e8a412f6eb4-2","sellTxId":"71556f0b776103cd016bae13b48195cf4a8ef03d"}
{"index": {"_index":"leo","_id":"2777141"}}
	{"id":2777141,"type":"buy","buyer":"hitmeasap","seller":"pi-trader","symbol":"LEO","quantity":"9.200","price":"0.17887399","timestamp":1644873978,"volume":"1.64564071","buyTxId":"860f7e57900b307e18e676ab8ddc9c901620ecb2","sellTxId":"bb9e210b6ac013376718e6ce816469dce397d23d-2"}
{"index": {"_index":"leo","_id":"2777204"}}
	{"id":2777204,"type":"sell","buyer":"pi-trader","seller":"mango-juice","symbol":"LEO","quantity":"12.585","price":"0.17000012","timestamp":1644874509,"volume":"2.13945151","buyTxId":"efe10c133bb9eeca0a42e34b7f6c5d1e8aaf1f09-4","sellTxId":"51c459f038641a893377d4197d0e0ccf48175ebc"}
{"index": {"_index":"leo","_id":"2777468"}}
	{"id":2777468,"type":"buy","buyer":"opinizeunltd","seller":"pi-trader","symbol":"LEO","quantity":"60.000","price":"0.17886799","timestamp":1644877572,"volume":"10.73207940","buyTxId":"e619e464a39f41685bac88083b04b71893aba20a","sellTxId":"d4fcf17da3f2a01166b4cff3a5a6b919e5703837-7"}
{"index": {"_index":"leo","_id":"2777517"}}
	{"id":2777517,"type":"sell","buyer":"pi-trader","seller":"thisisawesome","symbol":"LEO","quantity":"0.040","price":"0.17000016","timestamp":1644877980,"volume":"0.00680001","buyTxId":"df8a4047761b2674c5040296ace40a5aa336f786-3","sellTxId":"50f1cd9055ffb9278bc572fdf99b4a7b0654aa9f"}
{"index": {"_index":"leo","_id":"2777789"}}
	{"id":2777789,"type":"sell","buyer":"pi-trader","seller":"adamdabeast","symbol":"LEO","quantity":"5.178","price":"0.17000020","timestamp":1644880350,"volume":"0.88026104","buyTxId":"3bbec780cc9435400d7646b4b19740118c973b32-3","sellTxId":"75de4ae828fba3fe39a451ca472e36f362211e29"}
{"index": {"_index":"leo","_id":"2777893"}}
	{"id":2777893,"type":"sell","buyer":"pi-trader","seller":"elianaicgomes","symbol":"LEO","quantity":"10.058","price":"0.17000020","timestamp":1644881970,"volume":"1.70986201","buyTxId":"2ed794feff40dd6cb599b33bcbcb8238e4995817-2","sellTxId":"7fb2cb4eb6d292511e27b645120cc4a1922eb536"}
{"index": {"_index":"leo","_id":"2778079"}}
	{"id":2778079,"type":"sell","buyer":"magicbeans","seller":"brofi-market","symbol":"LEO","quantity":"0.384","price":"0.17000023","timestamp":1644883944,"volume":"0.06528009","buyTxId":"e5f4f8faed587c3981c3968f676834c2827185f9","sellTxId":"3a50bb46d5124d686afa753f359d82aead4f5872"}
{"index": {"_index":"leo","_id":"2778160"}}
	{"id":2778160,"type":"sell","buyer":"pi-trader","seller":"pixelfan","symbol":"LEO","quantity":"0.250","price":"0.17000024","timestamp":1644884985,"volume":"0.04250006","buyTxId":"794a91cfe7c0c36ee0f9a76ce3497318d94f4bb6-4","sellTxId":"e9b0dccc68e506058061dee891fc43f8a68797a5"}
{"index": {"_index":"leo","_id":"2778200"}}
	{"id":2778200,"type":"sell","buyer":"pi-trader","seller":"chireerocks","symbol":"LEO","quantity":"26.602","price":"0.17000026","timestamp":1644885405,"volume":"4.52234692","buyTxId":"2bb746d2b4219c48f4770b4a1d9213ecce887ebb-1","sellTxId":"3f0891107dd4d0d350fa22a93f3f43b8dab109d6"}
{"index": {"_index":"leo","_id":"2778439"}}
	{"id":2778439,"type":"sell","buyer":"pi-trader","seller":"tin.aung.soe","symbol":"LEO","quantity":"3.000","price":"0.17000030","timestamp":1644888660,"volume":"0.51000090","buyTxId":"90b53fa581587081c9519cee352956d7f95694cb-1","sellTxId":"c36cd54709ef36be5d5a4887efdd3d39307cdf77"}
{"index": {"_index":"leo","_id":"2778478"}}
	{"id":2778478,"type":"sell","buyer":"pi-trader","seller":"bearbear613","symbol":"LEO","quantity":"0.930","price":"0.17000030","timestamp":1644889293,"volume":"0.15810028","buyTxId":"8f09a215231fef74608e4b3e5042f5f2e913c903-2","sellTxId":"1c5615fededbe7a529ebf4a937e6f143b1744bed"}
{"index": {"_index":"leo","_id":"2778675"}}
	{"id":2778675,"type":"buy","buyer":"edkarnie","seller":"pi-trader","symbol":"LEO","quantity":"100.000","price":"0.17884699","timestamp":1644891174,"volume":"17.88469900","buyTxId":"3e84bc2e4bf20b2ab99f109d397160c45a3f9216","sellTxId":"3f3c11bda659503887dd46852921cc9094da412d-3"}
{"index": {"_index":"leo","_id":"2778685"}}
	{"id":2778685,"type":"buy","buyer":"edkarnie","seller":"pi-trader","symbol":"LEO","quantity":"100.000","price":"0.17884699","timestamp":1644891222,"volume":"17.88469900","buyTxId":"2245b5bf769a830c5c4608206b564207018212b9","sellTxId":"62b5a6b4d8a2a1bca3bbb64dad8b94e80a395a44-1"}
{"index": {"_index":"leo","_id":"2778694"}}
	{"id":2778694,"type":"sell","buyer":"leomaker","seller":"dswap","symbol":"LEO","quantity":"0.018","price":"0.17500200","timestamp":1644891369,"volume":"0.00315004","buyTxId":"22b998b9c15817b0ba52fad15fc087a064649f06","sellTxId":"f7c3e45e90c4eb370f1ee93bd3cc3605930aac99"}
{"index": {"_index":"leo","_id":"2778765"}}
	{"id":2778765,"type":"buy","buyer":"deepsafe","seller":"pi-trader","symbol":"LEO","quantity":"46.000","price":"0.17884699","timestamp":1644892239,"volume":"8.22696154","buyTxId":"9713a646c61b58f449806173a8ccfa0df215312b","sellTxId":"6ff34b74324e6a9f3810f1846f87df18037f0c76-1"}
{"index": {"_index":"leo","_id":"2778940"}}
	{"id":2778940,"type":"buy","buyer":"he-index","seller":"pi-trader","symbol":"LEO","quantity":"3.511","price":"0.17883899","timestamp":1644894243,"volume":"0.62790369","buyTxId":"628b90bb3696c24ef24ef8e226ca747b9666b045","sellTxId":"773359e8a37e35e287b92bfa3c2fecf52f6c9469-5"}
{"index": {"_index":"leo","_id":"2778985"}}
	{"id":2778985,"type":"sell","buyer":"leomaker","seller":"oks2crypto","symbol":"LEO","quantity":"0.002","price":"0.17500200","timestamp":1644894891,"volume":"0.00035000","buyTxId":"22b998b9c15817b0ba52fad15fc087a064649f06","sellTxId":"20b3597dc63985d4de23452f1d296a8fa7e442ec"}
{"index": {"_index":"leo","_id":"2778994"}}
	{"id":2778994,"type":"sell","buyer":"pi-trader","seller":"oks2crypto","symbol":"LEO","quantity":"0.118","price":"0.17300201","timestamp":1644895209,"volume":"0.02041424","buyTxId":"9042bcfe258edf9ad68b50d7c7c8ae9bcb600397-1","sellTxId":"bc6690c73bce57d95fb827a6cfbba73a5e138d00"}
{"index": {"_index":"leo","_id":"2779077"}}
	{"id":2779077,"type":"buy","buyer":"whatsup","seller":"pi-trader","symbol":"LEO","quantity":"20.000","price":"0.17883699","timestamp":1644897288,"volume":"3.57673980","buyTxId":"9efd6e75d6cbef7bc0520d401fd5c1626fb6dad2","sellTxId":"f3fc19bda52422c921ca0384c4463a6f253c79f5-3"}
