{"index": {"_index":"leo","_id":"3624355"}}
	{"id":3624355,"type":"buy","buyer":"zerace","seller":"enginemaker","symbol":"LEO","quantity":"10.000","price":"0.14906385","timestamp":1654566609,"volume":"1.49063850","buyTxId":"6c8c4cb1c39972c8b953e155ef789ca9a3cb2dc5","sellTxId":"MM-P-18053215-65044097-3-1-0"}
{"index": {"_index":"leo","_id":"3624465"}}
	{"id":3624465,"type":"sell","buyer":"leomaker","seller":"danz11","symbol":"LEO","quantity":"0.084","price":"0.13967200","timestamp":1654567749,"volume":"0.01173244","buyTxId":"5f1c265ffe69a23ecad6f332169a98203e4f311b","sellTxId":"1bddeefc5bfa229d2b66f53d30ea385379ccbde4"}
{"index": {"_index":"leo","_id":"3624466"}}
	{"id":3624466,"type":"buy","buyer":"konvik","seller":"danz11","symbol":"LEO","quantity":"299.916","price":"0.13967010","timestamp":1654567752,"volume":"41.88929771","buyTxId":"56ec64035ddd5ba479f38bbf83fafc34f3189735-0","sellTxId":"1bddeefc5bfa229d2b66f53d30ea385379ccbde4"}
{"index": {"_index":"leo","_id":"3624623"}}
	{"id":3624623,"type":"buy","buyer":"dswap","seller":"pi-trader","symbol":"LEO","quantity":"11.901","price":"0.14199899","timestamp":1654570335,"volume":"1.69000002","buyTxId":"46dcc6a62b33ffa007be12b6968f3385b04871a2","sellTxId":"e1d6b4f7ffd38b1c75653a3fac0bc0a3d831cc00-1"}
{"index": {"_index":"leo","_id":"3624648"}}
	{"id":3624648,"type":"sell","buyer":"leomaker","seller":"steem82868","symbol":"LEO","quantity":"0.181","price":"0.13967200","timestamp":1654570644,"volume":"0.02528063","buyTxId":"2d4348dc10551a33e32ed4f085129e94559ab4b6","sellTxId":"f501312c090f2321dce56ce65f47af203ee20514"}
{"index": {"_index":"leo","_id":"3624661"}}
	{"id":3624661,"type":"sell","buyer":"leomaker","seller":"quinnertronics","symbol":"LEO","quantity":"0.115","price":"0.13967200","timestamp":1654570728,"volume":"0.01606228","buyTxId":"2d4348dc10551a33e32ed4f085129e94559ab4b6","sellTxId":"00da125a399308ea691e3b6476c7cd8c8e87a04c"}
{"index": {"_index":"leo","_id":"3624670"}}
	{"id":3624670,"type":"buy","buyer":"pjansen","seller":"quinnertronics","symbol":"LEO","quantity":"3.211","price":"0.13967200","timestamp":1654570881,"volume":"0.4486","buyTxId":"9d480619a753b7a46a23ff2c5f83ffcf53505e47","sellTxId":"00da125a399308ea691e3b6476c7cd8c8e87a04c"}
{"index": {"_index":"leo","_id":"3624712"}}
	{"id":3624712,"type":"sell","buyer":"rtonline","seller":"phoenixonhive","symbol":"LEO","quantity":"50.000","price":"0.13967004","timestamp":1654571694,"volume":"6.98350200","buyTxId":"03411f7a983c54a24a7f7c2011b6758b2332849d","sellTxId":"672b4a0dac68478dc2345855935dff01ae3e8c2d"}
{"index": {"_index":"leo","_id":"3624713"}}
	{"id":3624713,"type":"sell","buyer":"rtonline","seller":"phoenixonhive","symbol":"LEO","quantity":"100.000","price":"0.13967002","timestamp":1654571694,"volume":"13.96700200","buyTxId":"63236e43607272a23e697d71fccae4d8a4bcd18b","sellTxId":"672b4a0dac68478dc2345855935dff01ae3e8c2d"}
{"index": {"_index":"leo","_id":"3624714"}}
	{"id":3624714,"type":"sell","buyer":"keeideas","seller":"phoenixonhive","symbol":"LEO","quantity":"61.122","price":"0.13967000","timestamp":1654571694,"volume":"8.53690974","buyTxId":"67fcefdb8166c86ed8e9002782c1f6aca6e362c5","sellTxId":"672b4a0dac68478dc2345855935dff01ae3e8c2d"}
{"index": {"_index":"leo","_id":"3624718"}}
	{"id":3624718,"type":"sell","buyer":"keeideas","seller":"firstborn.pob","symbol":"LEO","quantity":"16.082","price":"0.13967000","timestamp":1654571754,"volume":"2.24617294","buyTxId":"67fcefdb8166c86ed8e9002782c1f6aca6e362c5","sellTxId":"b6c81b053076dd86c71ce5cba9326976c516a670"}
{"index": {"_index":"leo","_id":"3624782"}}
	{"id":3624782,"type":"sell","buyer":"leomaker","seller":"microbot","symbol":"LEO","quantity":"0.212","price":"0.13967200","timestamp":1654572456,"volume":"0.02961046","buyTxId":"4199fd35c4768bd6e18819fb6413b7c9f4ebe3e9","sellTxId":"72035265e3a2b320a8a72794d2b422618545decd"}
{"index": {"_index":"leo","_id":"3624783"}}
	{"id":3624783,"type":"sell","buyer":"keeideas","seller":"microbot","symbol":"LEO","quantity":"0.008","price":"0.13967000","timestamp":1654572456,"volume":"0.00111736","buyTxId":"67fcefdb8166c86ed8e9002782c1f6aca6e362c5","sellTxId":"72035265e3a2b320a8a72794d2b422618545decd"}
{"index": {"_index":"leo","_id":"3624784"}}
	{"id":3624784,"type":"sell","buyer":"keeideas","seller":"isnochys","symbol":"LEO","quantity":"0.220","price":"0.13967000","timestamp":1654572462,"volume":"0.03072740","buyTxId":"67fcefdb8166c86ed8e9002782c1f6aca6e362c5","sellTxId":"2d9c3d994b0af6b19852be67ba5778958ec1642d"}
{"index": {"_index":"leo","_id":"3624793"}}
	{"id":3624793,"type":"sell","buyer":"keeideas","seller":"grand.strategy","symbol":"LEO","quantity":"0.220","price":"0.13967000","timestamp":1654572516,"volume":"0.03072740","buyTxId":"67fcefdb8166c86ed8e9002782c1f6aca6e362c5","sellTxId":"3f7b3415cf9f4e6bc6675c08614c98670b0f6b7b"}
{"index": {"_index":"leo","_id":"3624893"}}
	{"id":3624893,"type":"sell","buyer":"leomaker","seller":"kachinhenry","symbol":"LEO","quantity":"0.206","price":"0.13967200","timestamp":1654574181,"volume":"0.02877243","buyTxId":"1306ff45dad9f4d2ec48754a5aede1c80afab732","sellTxId":"b3f6c8d690fc8a97acfba2b5bc99a04f11898b18"}
{"index": {"_index":"leo","_id":"3624894"}}
	{"id":3624894,"type":"sell","buyer":"keeideas","seller":"kachinhenry","symbol":"LEO","quantity":"22.794","price":"0.13967000","timestamp":1654574181,"volume":"3.18363798","buyTxId":"67fcefdb8166c86ed8e9002782c1f6aca6e362c5","sellTxId":"b3f6c8d690fc8a97acfba2b5bc99a04f11898b18"}
{"index": {"_index":"leo","_id":"3624960"}}
	{"id":3624960,"type":"sell","buyer":"keeideas","seller":"steem82868","symbol":"LEO","quantity":"0.024","price":"0.13967000","timestamp":1654574853,"volume":"0.00335208","buyTxId":"67fcefdb8166c86ed8e9002782c1f6aca6e362c5","sellTxId":"4be001b88b6e64c053e3253a3988c0de014dd1b9"}
{"index": {"_index":"leo","_id":"3624975"}}
	{"id":3624975,"type":"sell","buyer":"keeideas","seller":"ugochill","symbol":"LEO","quantity":"0.026","price":"0.13967000","timestamp":1654575006,"volume":"0.00363142","buyTxId":"67fcefdb8166c86ed8e9002782c1f6aca6e362c5","sellTxId":"71f672d3304154c9484062ff2d192235acdca25e"}
{"index": {"_index":"leo","_id":"3625014"}}
	{"id":3625014,"type":"buy","buyer":"jk6276","seller":"leomaker","symbol":"LEO","quantity":"2.845","price":"0.14199800","timestamp":1654575363,"volume":"0.40398431","buyTxId":"3e5e09647bf7d5a9110f432174a604a1ad761f86","sellTxId":"aa0281bc0b9bff2f5bb9ddd5a0cd21b40f913e95"}
{"index": {"_index":"leo","_id":"3625015"}}
	{"id":3625015,"type":"buy","buyer":"jk6276","seller":"leomaker","symbol":"LEO","quantity":"2.867","price":"0.14199900","timestamp":1654575363,"volume":"0.40711113","buyTxId":"3e5e09647bf7d5a9110f432174a604a1ad761f86","sellTxId":"d4ab7bab0a23f2fb76d103b5d5ff716ec213f8d1"}
{"index": {"_index":"leo","_id":"3625016"}}
	{"id":3625016,"type":"buy","buyer":"jk6276","seller":"wakeupnd","symbol":"LEO","quantity":"7.930","price":"0.14199999","timestamp":1654575363,"volume":"1.12605992","buyTxId":"3e5e09647bf7d5a9110f432174a604a1ad761f86","sellTxId":"31ca6d3f3e9528752aa39db8bd265dde1684ff93"}
{"index": {"_index":"leo","_id":"3625017"}}
	{"id":3625017,"type":"buy","buyer":"jk6276","seller":"zerace","symbol":"LEO","quantity":"18.843","price":"0.14200000","timestamp":1654575363,"volume":"2.67584463","buyTxId":"3e5e09647bf7d5a9110f432174a604a1ad761f86","sellTxId":"791590c383c3a130299d8b69a8d67873529c933d"}
{"index": {"_index":"leo","_id":"3625129"}}
	{"id":3625129,"type":"buy","buyer":"whatsup","seller":"zerace","symbol":"LEO","quantity":"1.157","price":"0.14200000","timestamp":1654577199,"volume":"0.16429400","buyTxId":"3086fa511c4ffa3dee26f6eec704e22c4036c1ad","sellTxId":"791590c383c3a130299d8b69a8d67873529c933d"}
{"index": {"_index":"leo","_id":"3625130"}}
	{"id":3625130,"type":"sell","buyer":"whatsup","seller":"svirus","symbol":"LEO","quantity":"28.840","price":"0.14200000","timestamp":1654577202,"volume":"4.09528000","buyTxId":"3086fa511c4ffa3dee26f6eec704e22c4036c1ad","sellTxId":"63dce4c6c6837a71b9d0dcf22dc54c6d4adf755b-1"}
{"index": {"_index":"leo","_id":"3625132"}}
	{"id":3625132,"type":"buy","buyer":"whatsup","seller":"pi-trader","symbol":"LEO","quantity":"39.000","price":"0.14599899","timestamp":1654577286,"volume":"5.69396061","buyTxId":"a566c8076ed3ee7fa7e62474f651cf10830a309d","sellTxId":"b09448940d4975fd9e076e1c20b39dcad11f894a"}
{"index": {"_index":"leo","_id":"3625331"}}
	{"id":3625331,"type":"buy","buyer":"penyaircyber","seller":"pi-trader","symbol":"LEO","quantity":"14.400","price":"0.14599499","timestamp":1654579845,"volume":"2.10232786","buyTxId":"2286e4144fda3075ce4e4622b0bef8d448985338","sellTxId":"5fa2331f87278de3032dc3bb4aee763111c50686-5"}
{"index": {"_index":"leo","_id":"3625402"}}
	{"id":3625402,"type":"sell","buyer":"whatsup","seller":"dswap","symbol":"LEO","quantity":"0.003","price":"0.14200000","timestamp":1654581048,"volume":"0.00042600","buyTxId":"3086fa511c4ffa3dee26f6eec704e22c4036c1ad","sellTxId":"b807a69abdf41b0877f3c210cf11b902406ede48"}
{"index": {"_index":"leo","_id":"3625403"}}
	{"id":3625403,"type":"sell","buyer":"leomaker","seller":"dswap","symbol":"LEO","quantity":"0.344","price":"0.13967200","timestamp":1654581048,"volume":"0.04804717","buyTxId":"da5fdbf217f49a470f7341890bd464f854e9da80","sellTxId":"b807a69abdf41b0877f3c210cf11b902406ede48"}
{"index": {"_index":"leo","_id":"3625404"}}
	{"id":3625404,"type":"sell","buyer":"keeideas","seller":"dswap","symbol":"LEO","quantity":"4.155","price":"0.13967000","timestamp":1654581048,"volume":"0.58032885","buyTxId":"67fcefdb8166c86ed8e9002782c1f6aca6e362c5","sellTxId":"b807a69abdf41b0877f3c210cf11b902406ede48"}
{"index": {"_index":"leo","_id":"3625409"}}
	{"id":3625409,"type":"sell","buyer":"keeideas","seller":"dkid14","symbol":"LEO","quantity":"29.022","price":"0.13967000","timestamp":1654581111,"volume":"4.05350274","buyTxId":"67fcefdb8166c86ed8e9002782c1f6aca6e362c5","sellTxId":"421bc640bc4843140a589a6fc9ca280ecbcdfa82"}
{"index": {"_index":"leo","_id":"3625561"}}
	{"id":3625561,"type":"sell","buyer":"leomaker","seller":"hive-143869","symbol":"LEO","quantity":"0.086","price":"0.13967200","timestamp":1654582641,"volume":"0.01201179","buyTxId":"5f9f042336d98d77fab58d4d3c5fc88ddce30f4f","sellTxId":"01dcdc2b38bc5a749203fe6bc3424c3736dfc931"}
{"index": {"_index":"leo","_id":"3625619"}}
	{"id":3625619,"type":"sell","buyer":"leomaker","seller":"marfonso","symbol":"LEO","quantity":"0.244","price":"0.13967200","timestamp":1654582986,"volume":"0.03407997","buyTxId":"5f9f042336d98d77fab58d4d3c5fc88ddce30f4f","sellTxId":"dd54a66e193500b5678bae20da48a50bee47e96a"}
{"index": {"_index":"leo","_id":"3625620"}}
	{"id":3625620,"type":"sell","buyer":"keeideas","seller":"marfonso","symbol":"LEO","quantity":"37.057","price":"0.13967000","timestamp":1654582986,"volume":"5.17575119","buyTxId":"67fcefdb8166c86ed8e9002782c1f6aca6e362c5","sellTxId":"dd54a66e193500b5678bae20da48a50bee47e96a"}
{"index": {"_index":"leo","_id":"3625783"}}
	{"id":3625783,"type":"sell","buyer":"leomaker","seller":"steem82868","symbol":"LEO","quantity":"0.002","price":"0.13967200","timestamp":1654584354,"volume":"0.00027934","buyTxId":"7c66d3488693d11ca9a066578a8f573b876eb49f","sellTxId":"7ee9579251d28ee8c4f96182716a3ee60c4172c6"}
{"index": {"_index":"leo","_id":"3626129"}}
	{"id":3626129,"type":"sell","buyer":"leomaker","seller":"youngkedar98","symbol":"LEO","quantity":"0.317","price":"0.13967200","timestamp":1654588221,"volume":"0.04427602","buyTxId":"7c66d3488693d11ca9a066578a8f573b876eb49f","sellTxId":"b31468f9e74f413d735bd8ecd1a2c0ce14a7c99c"}
{"index": {"_index":"leo","_id":"3626130"}}
	{"id":3626130,"type":"sell","buyer":"pi-trader","seller":"youngkedar98","symbol":"LEO","quantity":"24.683","price":"0.13967001","timestamp":1654588221,"volume":"3.44747486","buyTxId":"026127adfba2df655868610b1f124598cee16a50","sellTxId":"b31468f9e74f413d735bd8ecd1a2c0ce14a7c99c"}
{"index": {"_index":"leo","_id":"3626217"}}
	{"id":3626217,"type":"buy","buyer":"youngkedar98","seller":"pi-trader","symbol":"LEO","quantity":"20.576","price":"0.14579399","timestamp":1654588860,"volume":"3","buyTxId":"95d79e117217e275eba1f20cf4bcbe74b2409140","sellTxId":"97107bbdc59aafe377fff6bc3a9daede99a35158-1"}
{"index": {"_index":"leo","_id":"3626223"}}
	{"id":3626223,"type":"sell","buyer":"pi-trader","seller":"ghua","symbol":"LEO","quantity":"0.397","price":"0.13967201","timestamp":1654588932,"volume":"0.05544979","buyTxId":"10419a40a5da2433d2aab539675f99f58daf9ed8-4","sellTxId":"f6acabf15db71e2345988e82ef3fd13c921e15e3"}
{"index": {"_index":"leo","_id":"3626244"}}
	{"id":3626244,"type":"sell","buyer":"pi-trader","seller":"steem82868","symbol":"LEO","quantity":"0.002","price":"0.13967201","timestamp":1654589127,"volume":"0.00027934","buyTxId":"c37133af200822b3592f4c6f15c5ea71e4c811ac-3","sellTxId":"482130cd50fb102e59956d2c7fe11f27b177777e"}
{"index": {"_index":"leo","_id":"3626254"}}
	{"id":3626254,"type":"buy","buyer":"zerace","seller":"pi-trader","symbol":"LEO","quantity":"100.000","price":"0.14299999","timestamp":1654589238,"volume":"14.29999900","buyTxId":"4a8e8b96c19b87aca2e932d765e3e3265b276833","sellTxId":"b8fae10273c615ad5d260f8a0da0e74266ec5ec6-4"}
{"index": {"_index":"leo","_id":"3626260"}}
	{"id":3626260,"type":"buy","buyer":"zerace","seller":"pi-trader","symbol":"LEO","quantity":"100.000","price":"0.14299999","timestamp":1654589295,"volume":"14.29999900","buyTxId":"b939e82556039d17fc7f62c68c2d8723330e7e6b","sellTxId":"88ff6e562c0758ece5dfd02822189348573b0a30-3"}
{"index": {"_index":"leo","_id":"3626295"}}
	{"id":3626295,"type":"buy","buyer":"ugochill","seller":"zerace","symbol":"LEO","quantity":"1.000","price":"0.14200000","timestamp":1654589556,"volume":"0.14200000","buyTxId":"2324bd77f6273978db252ea6e8105a47c7603dbf","sellTxId":"69787ddff62c0aee576e554a23848b8319b91482"}
{"index": {"_index":"leo","_id":"3626298"}}
	{"id":3626298,"type":"sell","buyer":"leomaker","seller":"kolbjorn","symbol":"LEO","quantity":"0.298","price":"0.13967400","timestamp":1654589568,"volume":"0.04162285","buyTxId":"74a3d028daf9b45039cfb9598585018ec91da0d1","sellTxId":"e4bb289acc1db4e0fd50715b1f71b83832b75a2b"}
{"index": {"_index":"leo","_id":"3626299"}}
	{"id":3626299,"type":"sell","buyer":"pi-trader","seller":"kolbjorn","symbol":"LEO","quantity":"63.355","price":"0.13967201","timestamp":1654589568,"volume":"8.84892019","buyTxId":"a7bb2cf4fd2b058239d76022dfeef354f5d06250-2","sellTxId":"e4bb289acc1db4e0fd50715b1f71b83832b75a2b"}
{"index": {"_index":"leo","_id":"3626319"}}
	{"id":3626319,"type":"buy","buyer":"zerace","seller":"pi-trader","symbol":"LEO","quantity":"100.000","price":"0.14299899","timestamp":1654589733,"volume":"14.29989900","buyTxId":"3ac1f597fc4d5a83646dc1b390dad510412cb558","sellTxId":"ee8749d9b954347cd41be717249d23e34c91fe68-2"}
{"index": {"_index":"leo","_id":"3626320"}}
	{"id":3626320,"type":"buy","buyer":"zerace","seller":"leomaker","symbol":"LEO","quantity":"2.365","price":"0.14299900","timestamp":1654589733,"volume":"0.33819264","buyTxId":"3ac1f597fc4d5a83646dc1b390dad510412cb558","sellTxId":"b1204e197436884999d3a39c78dadd2fb6a9938e"}
{"index": {"_index":"leo","_id":"3626321"}}
	{"id":3626321,"type":"buy","buyer":"zerace","seller":"leomaker","symbol":"LEO","quantity":"2.395","price":"0.14579400","timestamp":1654589733,"volume":"0.34917663","buyTxId":"3ac1f597fc4d5a83646dc1b390dad510412cb558","sellTxId":"63346656c06e7b25c4c99dd42cfc942d51563c70"}
{"index": {"_index":"leo","_id":"3626322"}}
	{"id":3626322,"type":"buy","buyer":"zerace","seller":"leomaker","symbol":"LEO","quantity":"2.423","price":"0.14579500","timestamp":1654589733,"volume":"0.35326129","buyTxId":"3ac1f597fc4d5a83646dc1b390dad510412cb558","sellTxId":"743aea612848010089c66b7e5c84d1974206be07"}
{"index": {"_index":"leo","_id":"3626323"}}
	{"id":3626323,"type":"buy","buyer":"zerace","seller":"leomaker","symbol":"LEO","quantity":"2.455","price":"0.14579600","timestamp":1654589733,"volume":"0.35792918","buyTxId":"3ac1f597fc4d5a83646dc1b390dad510412cb558","sellTxId":"acb1b2e0c897c386ed6b73e91b54a9b5e5f1adda"}
{"index": {"_index":"leo","_id":"3626324"}}
	{"id":3626324,"type":"buy","buyer":"zerace","seller":"leomaker","symbol":"LEO","quantity":"2.488","price":"0.14579700","timestamp":1654589733,"volume":"0.36274294","buyTxId":"3ac1f597fc4d5a83646dc1b390dad510412cb558","sellTxId":"0988520129634111ce84cb5f4dffab7ea8b958d5"}
{"index": {"_index":"leo","_id":"3626325"}}
	{"id":3626325,"type":"buy","buyer":"zerace","seller":"leomaker","symbol":"LEO","quantity":"2.520","price":"0.14579800","timestamp":1654589733,"volume":"0.36741096","buyTxId":"3ac1f597fc4d5a83646dc1b390dad510412cb558","sellTxId":"9614073752d6dcc7afac239586a4acb8127dc412"}
{"index": {"_index":"leo","_id":"3626326"}}
	{"id":3626326,"type":"buy","buyer":"zerace","seller":"leomaker","symbol":"LEO","quantity":"2.553","price":"0.14579900","timestamp":1654589733,"volume":"0.37222485","buyTxId":"3ac1f597fc4d5a83646dc1b390dad510412cb558","sellTxId":"5b6f4d5cf3b3c6eb81d1793c2af16d54ca4f81f7"}
{"index": {"_index":"leo","_id":"3626327"}}
	{"id":3626327,"type":"buy","buyer":"zerace","seller":"leomaker","symbol":"LEO","quantity":"2.587","price":"0.14589500","timestamp":1654589733,"volume":"0.37743037","buyTxId":"3ac1f597fc4d5a83646dc1b390dad510412cb558","sellTxId":"7c171e0bfa4b953c3d707cf707e464edf0854e0f"}
{"index": {"_index":"leo","_id":"3626328"}}
	{"id":3626328,"type":"buy","buyer":"zerace","seller":"leomaker","symbol":"LEO","quantity":"2.619","price":"0.14589600","timestamp":1654589733,"volume":"0.38210162","buyTxId":"3ac1f597fc4d5a83646dc1b390dad510412cb558","sellTxId":"7d2da4ce41485c0e555d336ab4acbe9e10a3e38d"}
{"index": {"_index":"leo","_id":"3626329"}}
	{"id":3626329,"type":"buy","buyer":"zerace","seller":"achim03","symbol":"LEO","quantity":"5.896","price":"0.14589699","timestamp":1654589733,"volume":"0.86020865","buyTxId":"3ac1f597fc4d5a83646dc1b390dad510412cb558","sellTxId":"b449f6a50c6cccb2b5527c879fc145562e27959a"}
{"index": {"_index":"leo","_id":"3626330"}}
	{"id":3626330,"type":"buy","buyer":"zerace","seller":"leomaker","symbol":"LEO","quantity":"2.648","price":"0.14589700","timestamp":1654589733,"volume":"0.38633526","buyTxId":"3ac1f597fc4d5a83646dc1b390dad510412cb558","sellTxId":"3c6b27dfdb83c322fd07bb42401daf2fbe14ee2d"}
{"index": {"_index":"leo","_id":"3626331"}}
	{"id":3626331,"type":"buy","buyer":"zerace","seller":"ctpsb","symbol":"LEO","quantity":"2.928","price":"0.14589799","timestamp":1654589733,"volume":"0.42718931","buyTxId":"3ac1f597fc4d5a83646dc1b390dad510412cb558","sellTxId":"57e977d520e17262bd75c8e152783765a5ad3e3b"}
{"index": {"_index":"leo","_id":"3626332"}}
	{"id":3626332,"type":"buy","buyer":"zerace","seller":"leomaker","symbol":"LEO","quantity":"2.678","price":"0.14589800","timestamp":1654589733,"volume":"0.39071484","buyTxId":"3ac1f597fc4d5a83646dc1b390dad510412cb558","sellTxId":"3390d6f100d37815005beea5acdccb151eb1711b"}
{"index": {"_index":"leo","_id":"3626333"}}
	{"id":3626333,"type":"buy","buyer":"zerace","seller":"leomaker","symbol":"LEO","quantity":"2.710","price":"0.14589900","timestamp":1654589733,"volume":"0.39538629","buyTxId":"3ac1f597fc4d5a83646dc1b390dad510412cb558","sellTxId":"830867afec92cc755a66ed0a79c8b0147efe00f4"}
{"index": {"_index":"leo","_id":"3626334"}}
	{"id":3626334,"type":"buy","buyer":"zerace","seller":"leomaker","symbol":"LEO","quantity":"2.737","price":"0.14599400","timestamp":1654589733,"volume":"0.39958558","buyTxId":"3ac1f597fc4d5a83646dc1b390dad510412cb558","sellTxId":"af6292936853515b2241b3c0f33191d53b300550"}
{"index": {"_index":"leo","_id":"3626335"}}
	{"id":3626335,"type":"buy","buyer":"zerace","seller":"leomaker","symbol":"LEO","quantity":"2.770","price":"0.14599500","timestamp":1654589733,"volume":"0.40440615","buyTxId":"3ac1f597fc4d5a83646dc1b390dad510412cb558","sellTxId":"107680e59f96b50eb85e7d0e392789d5d2fb3ab4"}
{"index": {"_index":"leo","_id":"3626336"}}
	{"id":3626336,"type":"buy","buyer":"zerace","seller":"leomaker","symbol":"LEO","quantity":"2.802","price":"0.14599600","timestamp":1654589733,"volume":"0.40908079","buyTxId":"3ac1f597fc4d5a83646dc1b390dad510412cb558","sellTxId":"44087905e49d2f54a8f2d2edd26e8b9c76710319"}
{"index": {"_index":"leo","_id":"3626337"}}
	{"id":3626337,"type":"buy","buyer":"zerace","seller":"leomaker","symbol":"LEO","quantity":"2.834","price":"0.14599700","timestamp":1654589733,"volume":"0.41375550","buyTxId":"3ac1f597fc4d5a83646dc1b390dad510412cb558","sellTxId":"6391f46eb1586addbdee5544ce40ab1f0ed1ad89"}
{"index": {"_index":"leo","_id":"3626338"}}
	{"id":3626338,"type":"buy","buyer":"zerace","seller":"leomaker","symbol":"LEO","quantity":"2.865","price":"0.14599800","timestamp":1654589733,"volume":"0.41828427","buyTxId":"3ac1f597fc4d5a83646dc1b390dad510412cb558","sellTxId":"c790372a06dda87cbf2214821d64af615d8bcc28"}
{"index": {"_index":"leo","_id":"3626339"}}
	{"id":3626339,"type":"buy","buyer":"zerace","seller":"leomaker","symbol":"LEO","quantity":"1.227","price":"0.14599900","timestamp":1654589733,"volume":"0.17914077","buyTxId":"3ac1f597fc4d5a83646dc1b390dad510412cb558","sellTxId":"676fcf428755a6886e0d41402a99a2cb70fec9f0"}
{"index": {"_index":"leo","_id":"3626340"}}
	{"id":3626340,"type":"sell","buyer":"zerace","seller":"konvik","symbol":"LEO","quantity":"45.500","price":"0.14800000","timestamp":1654589736,"volume":"6.73400000","buyTxId":"3ac1f597fc4d5a83646dc1b390dad510412cb558","sellTxId":"9c841747156b88f66177ba3fef4d3b3c3ec160f4-1"}
{"index": {"_index":"leo","_id":"3626352"}}
	{"id":3626352,"type":"sell","buyer":"zerace","seller":"svirus","symbol":"LEO","quantity":"15.000","price":"0.14600000","timestamp":1654589802,"volume":"2.19000000","buyTxId":"b58891ac62885237c572a9eb4c5a725486d8b863","sellTxId":"c646aba08b08177d7b3da458c71d243ed2a0a5ea-1"}
{"index": {"_index":"leo","_id":"3626356"}}
	{"id":3626356,"type":"sell","buyer":"zerace","seller":"svirus","symbol":"LEO","quantity":"15.000","price":"0.14300000","timestamp":1654589832,"volume":"2.14500000","buyTxId":"98e30a465bbb2de4495a5e0a1a38fffabd3df81e","sellTxId":"597fb9b8d5c102da283d7fb165fbcd20441eb1e8-1"}
{"index": {"_index":"leo","_id":"3626593"}}
	{"id":3626593,"type":"buy","buyer":"nathen007","seller":"pi-trader","symbol":"LEO","quantity":"11.550","price":"0.14799999","timestamp":1654593321,"volume":"1.70950993","buyTxId":"043dd3530dfb39d21c1ee2b5adcaa770914bbf0e","sellTxId":"c3a5342f625757e59edea5216784f668e37b7cd3-6"}
{"index": {"_index":"leo","_id":"3626700"}}
	{"id":3626700,"type":"sell","buyer":"zerace","seller":"svirus","symbol":"LEO","quantity":"15.000","price":"0.14200000","timestamp":1654595049,"volume":"2.13000000","buyTxId":"af0cc6cc0b60c4b4744110e26f1dbf172f215b2f","sellTxId":"57960fefa5fc93651fbef2221fdee042c99ad097-1"}
{"index": {"_index":"leo","_id":"3626701"}}
	{"id":3626701,"type":"sell","buyer":"zerace","seller":"svirus","symbol":"LEO","quantity":"20.000","price":"0.14200000","timestamp":1654595049,"volume":"2.84000000","buyTxId":"8fa9f9784728e19afd7014913bdc11056711b02b","sellTxId":"57960fefa5fc93651fbef2221fdee042c99ad097-1"}
{"index": {"_index":"leo","_id":"3626702"}}
	{"id":3626702,"type":"sell","buyer":"leomaker","seller":"pjansen","symbol":"LEO","quantity":"0.306","price":"0.13967200","timestamp":1654595061,"volume":"0.04273963","buyTxId":"b0e2ffd2383bada846ba892288ae03b297e0a399","sellTxId":"2b056fa681ac786cc1fe31f1792e254fc603a8e1"}
{"index": {"_index":"leo","_id":"3626703"}}
	{"id":3626703,"type":"sell","buyer":"keeideas","seller":"pjansen","symbol":"LEO","quantity":"34.694","price":"0.13967000","timestamp":1654595061,"volume":"4.84571098","buyTxId":"67fcefdb8166c86ed8e9002782c1f6aca6e362c5","sellTxId":"2b056fa681ac786cc1fe31f1792e254fc603a8e1"}
{"index": {"_index":"leo","_id":"3626946"}}
	{"id":3626946,"type":"sell","buyer":"pi-trader","seller":"toofasteddie","symbol":"LEO","quantity":"4.002","price":"0.13968401","timestamp":1654598769,"volume":"0.55901541","buyTxId":"1ae2be751467343d0a4149b52c0c4f734e94f47f-2","sellTxId":"1cd56df25ecf5c3a3c88b9e9db49c900b0315d1e"}
{"index": {"_index":"leo","_id":"3627444"}}
	{"id":3627444,"type":"sell","buyer":"olympicdragon","seller":"rubencress","symbol":"LEO","quantity":"25.000","price":"0.14000000","timestamp":1654605951,"volume":"3.50000000","buyTxId":"ca405cb10d7a431530653af873ef010f65717c17","sellTxId":"e766cab1d6834ecd8ac27ae3dacadf7e3aff6535"}
{"index": {"_index":"leo","_id":"3627445"}}
	{"id":3627445,"type":"sell","buyer":"leomaker","seller":"rubencress","symbol":"LEO","quantity":"1.078","price":"0.13969300","timestamp":1654605951,"volume":"0.15058905","buyTxId":"f55e732874313a2cfb3f353f6029ebeee9d6f9aa","sellTxId":"e766cab1d6834ecd8ac27ae3dacadf7e3aff6535"}
{"index": {"_index":"leo","_id":"3627446"}}
	{"id":3627446,"type":"sell","buyer":"edkarnie","seller":"rubencress","symbol":"LEO","quantity":"50.000","price":"0.13969100","timestamp":1654605951,"volume":"6.98455000","buyTxId":"15048b3694ce0026ed9a40c5e51416bfc588a530","sellTxId":"e766cab1d6834ecd8ac27ae3dacadf7e3aff6535"}
{"index": {"_index":"leo","_id":"3627447"}}
	{"id":3627447,"type":"sell","buyer":"leomaker","seller":"rubencress","symbol":"LEO","quantity":"1.116","price":"0.13969000","timestamp":1654605951,"volume":"0.15589404","buyTxId":"52054d3a76af3ced17a3a02dec6f8fe88d7bf037","sellTxId":"e766cab1d6834ecd8ac27ae3dacadf7e3aff6535"}
{"index": {"_index":"leo","_id":"3627448"}}
	{"id":3627448,"type":"sell","buyer":"leomaker","seller":"rubencress","symbol":"LEO","quantity":"1.143","price":"0.13968800","timestamp":1654605951,"volume":"0.15966338","buyTxId":"51af74922ea3e361cd65249f4dfaaac8ece9d11d","sellTxId":"e766cab1d6834ecd8ac27ae3dacadf7e3aff6535"}
{"index": {"_index":"leo","_id":"3627449"}}
	{"id":3627449,"type":"sell","buyer":"leomaker","seller":"rubencress","symbol":"LEO","quantity":"1.173","price":"0.13968600","timestamp":1654605951,"volume":"0.16385168","buyTxId":"cad200f62308a9301ad81d9cbccbd4d0193852f7","sellTxId":"e766cab1d6834ecd8ac27ae3dacadf7e3aff6535"}
{"index": {"_index":"leo","_id":"3627450"}}
	{"id":3627450,"type":"sell","buyer":"leomaker","seller":"rubencress","symbol":"LEO","quantity":"1.203","price":"0.13968400","timestamp":1654605951,"volume":"0.16803985","buyTxId":"6510ef4f84f91bf98320a10dab27511fe55e0da3","sellTxId":"e766cab1d6834ecd8ac27ae3dacadf7e3aff6535"}
{"index": {"_index":"leo","_id":"3627451"}}
	{"id":3627451,"type":"sell","buyer":"leomaker","seller":"rubencress","symbol":"LEO","quantity":"1.233","price":"0.13968200","timestamp":1654605951,"volume":"0.17222791","buyTxId":"a456455922dd02ea1e77ff5100764b5446e9625d","sellTxId":"e766cab1d6834ecd8ac27ae3dacadf7e3aff6535"}
{"index": {"_index":"leo","_id":"3627452"}}
	{"id":3627452,"type":"sell","buyer":"leomaker","seller":"rubencress","symbol":"LEO","quantity":"1.264","price":"0.13968000","timestamp":1654605951,"volume":"0.17655552","buyTxId":"fdaf46e2d4a5ce7236ac7df47a7115b48d068be3","sellTxId":"e766cab1d6834ecd8ac27ae3dacadf7e3aff6535"}
{"index": {"_index":"leo","_id":"3627453"}}
	{"id":3627453,"type":"sell","buyer":"leomaker","seller":"rubencress","symbol":"LEO","quantity":"1.296","price":"0.13967800","timestamp":1654605951,"volume":"0.18102269","buyTxId":"3d03a38c3c6c53ded7c59ed659d5db5aee617952","sellTxId":"e766cab1d6834ecd8ac27ae3dacadf7e3aff6535"}
{"index": {"_index":"leo","_id":"3627454"}}
	{"id":3627454,"type":"sell","buyer":"leomaker","seller":"rubencress","symbol":"LEO","quantity":"1.328","price":"0.13967600","timestamp":1654605951,"volume":"0.18548973","buyTxId":"f5433a9028cbba28fda3c0bb48c58460ea6258f0","sellTxId":"e766cab1d6834ecd8ac27ae3dacadf7e3aff6535"}
{"index": {"_index":"leo","_id":"3627455"}}
	{"id":3627455,"type":"sell","buyer":"leomaker","seller":"rubencress","symbol":"LEO","quantity":"1.362","price":"0.13967400","timestamp":1654605951,"volume":"0.19023599","buyTxId":"5c50dcbf617ee6af5c54ec03ab50e7e371452184","sellTxId":"e766cab1d6834ecd8ac27ae3dacadf7e3aff6535"}
{"index": {"_index":"leo","_id":"3627456"}}
	{"id":3627456,"type":"sell","buyer":"leomaker","seller":"rubencress","symbol":"LEO","quantity":"1.397","price":"0.13967200","timestamp":1654605951,"volume":"0.19512178","buyTxId":"645626dd0d1dad235169d520897c8e2c940f87b5","sellTxId":"e766cab1d6834ecd8ac27ae3dacadf7e3aff6535"}
{"index": {"_index":"leo","_id":"3627457"}}
	{"id":3627457,"type":"sell","buyer":"keeideas","seller":"rubencress","symbol":"LEO","quantity":"14.719","price":"0.13967000","timestamp":1654605951,"volume":"2.05580273","buyTxId":"67fcefdb8166c86ed8e9002782c1f6aca6e362c5","sellTxId":"e766cab1d6834ecd8ac27ae3dacadf7e3aff6535"}
{"index": {"_index":"leo","_id":"3627458"}}
	{"id":3627458,"type":"buy","buyer":"whatsup","seller":"barmus81","symbol":"LEO","quantity":"19.000","price":"0.14737875","timestamp":1654605966,"volume":"2.80019625","buyTxId":"0df5a08776e6cadd3001869b416091773977234e","sellTxId":"e01aa62cffccba2d0c2f995242625a1b79b19af4"}
{"index": {"_index":"leo","_id":"3627563"}}
	{"id":3627563,"type":"sell","buyer":"pi-trader","seller":"berthold","symbol":"LEO","quantity":"0.660","price":"0.13967401","timestamp":1654606926,"volume":"0.09218485","buyTxId":"d7322166eef6cb9ae80b6c936841c8d018f550d2-1","sellTxId":"faad3ab6c043091824cb87cc80d0ff34e7be0eae"}
{"index": {"_index":"leo","_id":"3627609"}}
	{"id":3627609,"type":"sell","buyer":"pi-trader","seller":"konvik","symbol":"LEO","quantity":"272.445","price":"0.13967401","timestamp":1654607292,"volume":"38.05348565","buyTxId":"44c0217513aee7ba3e51895b49fa9e85428f7405-2","sellTxId":"c2eb80a7f28f54cd13c60044e6857b862edf2122-1"}
{"index": {"_index":"leo","_id":"3627610"}}
	{"id":3627610,"type":"sell","buyer":"leomaker","seller":"konvik","symbol":"LEO","quantity":"1.028","price":"0.13967400","timestamp":1654607310,"volume":"0.14358487","buyTxId":"c4d6a7ae7f787eaa405e8c7893ee286f973d882d","sellTxId":"d431a3fa26baa77524454e2c2954a1119f5a3503-1"}
{"index": {"_index":"leo","_id":"3627611"}}
	{"id":3627611,"type":"sell","buyer":"leomaker","seller":"konvik","symbol":"LEO","quantity":"1.054","price":"0.13967200","timestamp":1654607310,"volume":"0.14721429","buyTxId":"825d387c4fd3cad8549c31e890b7e4b12089e44b","sellTxId":"d431a3fa26baa77524454e2c2954a1119f5a3503-1"}
{"index": {"_index":"leo","_id":"3627612"}}
	{"id":3627612,"type":"sell","buyer":"keeideas","seller":"konvik","symbol":"LEO","quantity":"271.978","price":"0.13967000","timestamp":1654607310,"volume":"37.98716726","buyTxId":"67fcefdb8166c86ed8e9002782c1f6aca6e362c5","sellTxId":"d431a3fa26baa77524454e2c2954a1119f5a3503-1"}
{"index": {"_index":"leo","_id":"3627637"}}
	{"id":3627637,"type":"sell","buyer":"keeideas","seller":"lotto-de","symbol":"LEO","quantity":"1.067","price":"0.13967000","timestamp":1654607544,"volume":"0.14902789","buyTxId":"67fcefdb8166c86ed8e9002782c1f6aca6e362c5","sellTxId":"6caa2164244ee9e627e068522efa640b0b30e76b"}
{"index": {"_index":"leo","_id":"3627685"}}
	{"id":3627685,"type":"sell","buyer":"keeideas","seller":"investyourvote","symbol":"LEO","quantity":"0.659","price":"0.13967000","timestamp":1654607982,"volume":"0.09204253","buyTxId":"67fcefdb8166c86ed8e9002782c1f6aca6e362c5","sellTxId":"df86139e6e73368110f7f2e7cb0fb6adf7dce539"}
{"index": {"_index":"leo","_id":"3627722"}}
	{"id":3627722,"type":"sell","buyer":"rtonline","seller":"investinthefutur","symbol":"LEO","quantity":"1.333","price":"0.13967010","timestamp":1654608540,"volume":"0.18618024","buyTxId":"2256b1cc9810a39a93e3de1b6a1661a101e25dbb","sellTxId":"6a084a636d0b39c8ce5183aaf5a1da66cc47cf6a"}
{"index": {"_index":"leo","_id":"3627789"}}
	{"id":3627789,"type":"sell","buyer":"leomaker","seller":"centtrail","symbol":"LEO","quantity":"0.014","price":"0.13967200","timestamp":1654608954,"volume":"0.00195541","buyTxId":"13c5a4b68af16348a6931b0e5c2eeaf2bad7aea4","sellTxId":"aa053796ddf574247c6181393eab454b765b5cb4"}
{"index": {"_index":"leo","_id":"3627847"}}
	{"id":3627847,"type":"sell","buyer":"leomaker","seller":"leontr","symbol":"LEO","quantity":"0.220","price":"0.13967200","timestamp":1654609635,"volume":"0.03072784","buyTxId":"13c5a4b68af16348a6931b0e5c2eeaf2bad7aea4","sellTxId":"2428f740ea5267238ba8f42679f730f4b4ded091"}
{"index": {"_index":"leo","_id":"3627851"}}
	{"id":3627851,"type":"sell","buyer":"leomaker","seller":"steem82868","symbol":"LEO","quantity":"0.036","price":"0.13967200","timestamp":1654609674,"volume":"0.00502819","buyTxId":"13c5a4b68af16348a6931b0e5c2eeaf2bad7aea4","sellTxId":"17c76f89770f64ea1692a8b37550f845a2075bfa"}
{"index": {"_index":"leo","_id":"3627905"}}
	{"id":3627905,"type":"sell","buyer":"leomaker","seller":"pleo1542","symbol":"LEO","quantity":"0.709","price":"0.13967200","timestamp":1654610199,"volume":"0.09902745","buyTxId":"13c5a4b68af16348a6931b0e5c2eeaf2bad7aea4","sellTxId":"f6e56a68403601237f1a1b917b3bba0ead7d7a75"}
{"index": {"_index":"leo","_id":"3627914"}}
	{"id":3627914,"type":"buy","buyer":"whatsup","seller":"pleo1542","symbol":"LEO","quantity":"5.000","price":"0.13967200","timestamp":1654610295,"volume":"0.69836000","buyTxId":"24f9be69dafd04feae2bc4e6a13a57d2e9265124","sellTxId":"f6e56a68403601237f1a1b917b3bba0ead7d7a75"}
{"index": {"_index":"leo","_id":"3627925"}}
	{"id":3627925,"type":"buy","buyer":"leomaker","seller":"pleo1542","symbol":"LEO","quantity":"0.954","price":"0.13967200","timestamp":1654610454,"volume":"0.13324709","buyTxId":"89dbf79cb199faa3ed7c42cf66542aef04783697","sellTxId":"f6e56a68403601237f1a1b917b3bba0ead7d7a75"}
{"index": {"_index":"leo","_id":"3628006"}}
	{"id":3628006,"type":"buy","buyer":"leomaker","seller":"pleo1542","symbol":"LEO","quantity":"0.933","price":"0.13967200","timestamp":1654611093,"volume":"0.13031398","buyTxId":"68b3c03b673256e427abf4d586206b478b2027c9","sellTxId":"f6e56a68403601237f1a1b917b3bba0ead7d7a75"}
{"index": {"_index":"leo","_id":"3628010"}}
	{"id":3628010,"type":"sell","buyer":"rtonline","seller":"tothebatpoles","symbol":"LEO","quantity":"35.273","price":"0.13967010","timestamp":1654611138,"volume":"4.92658344","buyTxId":"2256b1cc9810a39a93e3de1b6a1661a101e25dbb","sellTxId":"836e8a3ec01bdb384a14627934d5d2d666c7bf61"}
{"index": {"_index":"leo","_id":"3628014"}}
	{"id":3628014,"type":"sell","buyer":"rtonline","seller":"anna89","symbol":"LEO","quantity":"9.028","price":"0.13967010","timestamp":1654611195,"volume":"1.26094166","buyTxId":"2256b1cc9810a39a93e3de1b6a1661a101e25dbb","sellTxId":"a5d169d9b6470f11946d6a10575ad76db44c2832"}
{"index": {"_index":"leo","_id":"3628115"}}
	{"id":3628115,"type":"sell","buyer":"rtonline","seller":"cliffagreen","symbol":"LEO","quantity":"0.273","price":"0.13967010","timestamp":1654612734,"volume":"0.03812994","buyTxId":"2256b1cc9810a39a93e3de1b6a1661a101e25dbb","sellTxId":"ee41dd928ba88ed384643bb509b8dbf80df84fa0"}
{"index": {"_index":"leo","_id":"3628126"}}
	{"id":3628126,"type":"sell","buyer":"rtonline","seller":"rose98734","symbol":"LEO","quantity":"0.933","price":"0.13967010","timestamp":1654612836,"volume":"0.13031220","buyTxId":"2256b1cc9810a39a93e3de1b6a1661a101e25dbb","sellTxId":"df984cde05327c900172e4905ac75d58a770ae57"}
{"index": {"_index":"leo","_id":"3628150"}}
	{"id":3628150,"type":"buy","buyer":"smurk","seller":"pleo1542","symbol":"LEO","quantity":"1.568","price":"0.13967200","timestamp":1654613286,"volume":"0.21900570","buyTxId":"799e656e1a4fde5d2b5f537307eac5990bf0bbe2","sellTxId":"f6e56a68403601237f1a1b917b3bba0ead7d7a75"}
{"index": {"_index":"leo","_id":"3628245"}}
	{"id":3628245,"type":"sell","buyer":"leomaker","seller":"pjansen","symbol":"LEO","quantity":"0.886","price":"0.14000200","timestamp":1654614285,"volume":"0.12404177","buyTxId":"4929d74d443ae9414f5faf67c7aa0f6cf35fdbda","sellTxId":"e789256d83d303b39ed9979682a52c7978e8ab9a"}
{"index": {"_index":"leo","_id":"3628246"}}
	{"id":3628246,"type":"sell","buyer":"rtonline","seller":"pjansen","symbol":"LEO","quantity":"34.940","price":"0.14000010","timestamp":1654614285,"volume":"4.89160349","buyTxId":"cbe5efb9b6dcc8897c23b9bf254fb3fec2191eb5","sellTxId":"e789256d83d303b39ed9979682a52c7978e8ab9a"}
{"index": {"_index":"leo","_id":"3628258"}}
	{"id":3628258,"type":"sell","buyer":"rtonline","seller":"pjansen","symbol":"LEO","quantity":"15.060","price":"0.14000010","timestamp":1654614324,"volume":"2.10840151","buyTxId":"cbe5efb9b6dcc8897c23b9bf254fb3fec2191eb5","sellTxId":"fc666e6da8cbe3c42b0eb16f7893f4a82b5fa99f"}
{"index": {"_index":"leo","_id":"3628259"}}
	{"id":3628259,"type":"sell","buyer":"smurk","seller":"pjansen","symbol":"LEO","quantity":"10.432","price":"0.14000000","timestamp":1654614324,"volume":"1.46048000","buyTxId":"799e656e1a4fde5d2b5f537307eac5990bf0bbe2","sellTxId":"fc666e6da8cbe3c42b0eb16f7893f4a82b5fa99f"}
{"index": {"_index":"leo","_id":"3628260"}}
	{"id":3628260,"type":"sell","buyer":"rtonline","seller":"pjansen","symbol":"LEO","quantity":"10.321","price":"0.13967010","timestamp":1654614324,"volume":"1.44153510","buyTxId":"2256b1cc9810a39a93e3de1b6a1661a101e25dbb","sellTxId":"fc666e6da8cbe3c42b0eb16f7893f4a82b5fa99f"}
{"index": {"_index":"leo","_id":"3628272"}}
	{"id":3628272,"type":"sell","buyer":"rtonline","seller":"assasinos3","symbol":"LEO","quantity":"12.839","price":"0.13967010","timestamp":1654614549,"volume":"1.79322441","buyTxId":"2256b1cc9810a39a93e3de1b6a1661a101e25dbb","sellTxId":"075ceb45a754a12f1b2eccdb339d8d0218e5ec88"}
{"index": {"_index":"leo","_id":"3628275"}}
	{"id":3628275,"type":"sell","buyer":"keeideas","seller":"assasinos3","symbol":"LEO","quantity":"13.049","price":"0.13967000","timestamp":1654614579,"volume":"1.82255383","buyTxId":"67fcefdb8166c86ed8e9002782c1f6aca6e362c5","sellTxId":"04be1253c28e6138fe53f0e9ea8b43f8bbde28c7"}
{"index": {"_index":"leo","_id":"3628276"}}
	{"id":3628276,"type":"sell","buyer":"leomaker","seller":"assasinos3","symbol":"LEO","quantity":"1.008","price":"0.13961400","timestamp":1654614579,"volume":"0.14073091","buyTxId":"e11f6420bb55e145d18680f009440c331a8b004e","sellTxId":"04be1253c28e6138fe53f0e9ea8b43f8bbde28c7"}
{"index": {"_index":"leo","_id":"3628277"}}
	{"id":3628277,"type":"sell","buyer":"foxon","seller":"assasinos3","symbol":"LEO","quantity":"14.568","price":"0.13961200","timestamp":1654614579,"volume":"2.03386762","buyTxId":"d28dc2112b5dbf0e8ee1816acea3e81dfa033a32","sellTxId":"04be1253c28e6138fe53f0e9ea8b43f8bbde28c7"}
{"index": {"_index":"leo","_id":"3628579"}}
	{"id":3628579,"type":"sell","buyer":"leomaker","seller":"svirus","symbol":"LEO","quantity":"0.890","price":"0.13961400","timestamp":1654618032,"volume":"0.12425646","buyTxId":"ddb4893bd4863d6d9a31e8b5a73af46b0cc94b73","sellTxId":"b0478bf80d0c730a4a65030b9c6f6fd16478044e-1"}
{"index": {"_index":"leo","_id":"3628580"}}
	{"id":3628580,"type":"sell","buyer":"rtonline","seller":"svirus","symbol":"LEO","quantity":"50.000","price":"0.13961400","timestamp":1654618032,"volume":"6.98070000","buyTxId":"fcf26ef4dd9816f488a962a4d5b511b51a1d61ed","sellTxId":"b0478bf80d0c730a4a65030b9c6f6fd16478044e-1"}
{"index": {"_index":"leo","_id":"3628581"}}
	{"id":3628581,"type":"sell","buyer":"foxon","seller":"konvik","symbol":"LEO","quantity":"485.432","price":"0.13961200","timestamp":1654618032,"volume":"67.77213238","buyTxId":"d28dc2112b5dbf0e8ee1816acea3e81dfa033a32","sellTxId":"b69f78f3df927ec63171b6d8ff836aeaf7e59873-1"}
{"index": {"_index":"leo","_id":"3628582"}}
	{"id":3628582,"type":"sell","buyer":"beco132","seller":"konvik","symbol":"LEO","quantity":"14.000","price":"0.13961100","timestamp":1654618032,"volume":"1.95455400","buyTxId":"c32b645cf5cfc1817bde6f327b4da29538ed02dc","sellTxId":"b69f78f3df927ec63171b6d8ff836aeaf7e59873-1"}
{"index": {"_index":"leo","_id":"3628583"}}
	{"id":3628583,"type":"sell","buyer":"beco132","seller":"konvik","symbol":"LEO","quantity":"14.000","price":"0.13960800","timestamp":1654618032,"volume":"1.95451200","buyTxId":"f4597b3d1ec2927dc758a105a2db47a7c98fb06d","sellTxId":"b69f78f3df927ec63171b6d8ff836aeaf7e59873-1"}
{"index": {"_index":"leo","_id":"3628584"}}
	{"id":3628584,"type":"sell","buyer":"beco132","seller":"konvik","symbol":"LEO","quantity":"14.000","price":"0.13960800","timestamp":1654618032,"volume":"1.95451200","buyTxId":"415b617f6bc70e6532eff5b8b3a0623da25d045d","sellTxId":"b69f78f3df927ec63171b6d8ff836aeaf7e59873-1"}
{"index": {"_index":"leo","_id":"3628585"}}
	{"id":3628585,"type":"sell","buyer":"beco132","seller":"konvik","symbol":"LEO","quantity":"14.000","price":"0.13960600","timestamp":1654618032,"volume":"1.95448400","buyTxId":"febd57564ae36ae20445c839182379cd9d2622d2","sellTxId":"b69f78f3df927ec63171b6d8ff836aeaf7e59873-1"}
{"index": {"_index":"leo","_id":"3628589"}}
	{"id":3628589,"type":"buy","buyer":"rihc94","seller":"rimosbot","symbol":"LEO","quantity":"22.023","price":"0.14688881","timestamp":1654618326,"volume":"3.235","buyTxId":"9cea301e340f791cef72bebe8b5c8459e0c5c729","sellTxId":"d82e5902063bfb94efccdc323f5e4785e3c313b9"}
{"index": {"_index":"leo","_id":"3628611"}}
	{"id":3628611,"type":"buy","buyer":"investing-dude","seller":"hive-combine","symbol":"LEO","quantity":"382.380","price":"0.14687862","timestamp":1654618551,"volume":"56.16344672","buyTxId":"31a075c70681b3e0968d7db546529dba13c35dcf","sellTxId":"0f3192e6bf1ae986939913d767744a67c700db18"}
{"index": {"_index":"leo","_id":"3628612"}}
	{"id":3628612,"type":"buy","buyer":"investing-dude","seller":"pi-trader","symbol":"LEO","quantity":"82.620","price":"0.14687866","timestamp":1654618551,"volume":"12.13511489","buyTxId":"31a075c70681b3e0968d7db546529dba13c35dcf","sellTxId":"2983581d3e98e8a3974880f7b8b5d96ccf7052b1-1"}
{"index": {"_index":"leo","_id":"3628645"}}
	{"id":3628645,"type":"sell","buyer":"leomaker","seller":"elizabethbit","symbol":"LEO","quantity":"1.032","price":"0.13700200","timestamp":1654618902,"volume":"0.14138606","buyTxId":"9e9b6e3fbcaefe879e5d25aa85e9c9da33604fc1","sellTxId":"7a371dfd2b12134d387be47e44e21f8fd8ce24a4"}
{"index": {"_index":"leo","_id":"3628647"}}
	{"id":3628647,"type":"buy","buyer":"konvik","seller":"elizabethbit","symbol":"LEO","quantity":"74.055","price":"0.13700006","timestamp":1654618908,"volume":"10.14553944","buyTxId":"47f0c91542e589194d101e18a919093f2b8221ef-0","sellTxId":"7a371dfd2b12134d387be47e44e21f8fd8ce24a4"}
{"index": {"_index":"leo","_id":"3628697"}}
	{"id":3628697,"type":"sell","buyer":"leomaker","seller":"zerace","symbol":"LEO","quantity":"1.004","price":"0.13700200","timestamp":1654619538,"volume":"0.13755001","buyTxId":"042eef2cf1c8d599068dd2cb5123a5f509b20075","sellTxId":"a5eb53e7b3ed22766d20478b2b603c38ade9d694"}
{"index": {"_index":"leo","_id":"3628698"}}
	{"id":3628698,"type":"sell","buyer":"hive-combine","seller":"zerace","symbol":"LEO","quantity":"482.996","price":"0.13700004","timestamp":1654619538,"volume":"66.17047132","buyTxId":"00c88704aaf177a70785ecf7bb2679ca7c994c7d","sellTxId":"a5eb53e7b3ed22766d20478b2b603c38ade9d694"}
{"index": {"_index":"leo","_id":"3628784"}}
	{"id":3628784,"type":"sell","buyer":"leomaker","seller":"silvertop","symbol":"LEO","quantity":"0.975","price":"0.13700200","timestamp":1654620009,"volume":"0.13357695","buyTxId":"dbec929170217845d6fe2feac36161e4a62eab32","sellTxId":"cb09657985156e939df140c1eaa6701d6f40b4f4"}
{"index": {"_index":"leo","_id":"3628785"}}
	{"id":3628785,"type":"sell","buyer":"hive-combine","seller":"silvertop","symbol":"LEO","quantity":"12.995","price":"0.13700004","timestamp":1654620009,"volume":"1.78031552","buyTxId":"00c88704aaf177a70785ecf7bb2679ca7c994c7d","sellTxId":"cb09657985156e939df140c1eaa6701d6f40b4f4"}
{"index": {"_index":"leo","_id":"3628800"}}
	{"id":3628800,"type":"sell","buyer":"fit.zone","seller":"silvertop","symbol":"LEO","quantity":"59.432","price":"0.13700000","timestamp":1654620129,"volume":"8.14218400","buyTxId":"9fc610617bf78d59d20a623fdcf42789c9c5eb5e","sellTxId":"b879fb1ae10250ec8d219c83a5faccd239c64c35"}
{"index": {"_index":"leo","_id":"3628928"}}
	{"id":3628928,"type":"sell","buyer":"fit.zone","seller":"curatorcat.leo","symbol":"LEO","quantity":"0.607","price":"0.13700000","timestamp":1654620999,"volume":"0.08315900","buyTxId":"9fc610617bf78d59d20a623fdcf42789c9c5eb5e","sellTxId":"f764e33aae4c8104660f350b53576d8f6873c40e"}
{"index": {"_index":"leo","_id":"3628940"}}
	{"id":3628940,"type":"sell","buyer":"fit.zone","seller":"thatplaneguy","symbol":"LEO","quantity":"9.352","price":"0.13700000","timestamp":1654621104,"volume":"1.28122400","buyTxId":"9fc610617bf78d59d20a623fdcf42789c9c5eb5e","sellTxId":"f352201abbd7955c3dc2b5edc39ab10ce71f3aa5"}
{"index": {"_index":"leo","_id":"3629033"}}
	{"id":3629033,"type":"sell","buyer":"fit.zone","seller":"boscohage","symbol":"LEO","quantity":"0.900","price":"0.13700000","timestamp":1654621701,"volume":"0.12330000","buyTxId":"9fc610617bf78d59d20a623fdcf42789c9c5eb5e","sellTxId":"7b2c5e51c62584a5f94bed0d7e87497d3ff05fca"}
{"index": {"_index":"leo","_id":"3629324"}}
	{"id":3629324,"type":"sell","buyer":"leomaker","seller":"bearbear613","symbol":"LEO","quantity":"0.947","price":"0.13700200","timestamp":1654625295,"volume":"0.12974089","buyTxId":"73e9462ddaaaa49e3d77d5a7f80e2589dd3fcd1a","sellTxId":"3e154d331fb4f2001b0885172b374637e91b8cdb"}
{"index": {"_index":"leo","_id":"3629332"}}
	{"id":3629332,"type":"sell","buyer":"rtonline","seller":"joseph23","symbol":"LEO","quantity":"2.750","price":"0.13700010","timestamp":1654625439,"volume":"0.37675028","buyTxId":"1851ab56a30351b230370597e706bc120282c651","sellTxId":"e79ce17a21f555129d2658cc453ef100dde97db8"}
{"index": {"_index":"leo","_id":"3629339"}}
	{"id":3629339,"type":"buy","buyer":"leomaker","seller":"bearbear613","symbol":"LEO","quantity":"0.914","price":"0.13700019","timestamp":1654625496,"volume":"0.12521817","buyTxId":"261813a0135fba50d6a32c9053ff96ca4460418c","sellTxId":"3e154d331fb4f2001b0885172b374637e91b8cdb"}
{"index": {"_index":"leo","_id":"3629366"}}
	{"id":3629366,"type":"buy","buyer":"pjansen","seller":"bearbear613","symbol":"LEO","quantity":"14.520","price":"0.13700019","timestamp":1654625712,"volume":"1.9893","buyTxId":"d7a121edd01eacb00aabc78ce2a196b9efe9b663","sellTxId":"3e154d331fb4f2001b0885172b374637e91b8cdb"}
{"index": {"_index":"leo","_id":"3629375"}}
	{"id":3629375,"type":"buy","buyer":"brando28","seller":"pi-trader","symbol":"LEO","quantity":"23.771","price":"0.14648990","timestamp":1654625805,"volume":"3.48221141","buyTxId":"19d8fc342b3cacc908e6655561727ea4dba7efdc","sellTxId":"96e3ed4352389f13fca3eaff10706f3249af8f74-11"}
{"index": {"_index":"leo","_id":"3629391"}}
	{"id":3629391,"type":"sell","buyer":"rtonline","seller":"acesontop","symbol":"LEO","quantity":"38","price":"0.13700010","timestamp":1654625925,"volume":"5.20600380","buyTxId":"1851ab56a30351b230370597e706bc120282c651","sellTxId":"79da30cb6ff01c48e5c9a928d4165a04285a6f79"}
{"index": {"_index":"leo","_id":"3629597"}}
	{"id":3629597,"type":"sell","buyer":"leomaker","seller":"bilpcoinbpc","symbol":"LEO","quantity":"0.115","price":"0.13700200","timestamp":1654627491,"volume":"0.01575523","buyTxId":"c161019f7dc1e91d4c105fb864583d1711662578","sellTxId":"040d9642865b19281f1d7b5bbe1f0a83a3a4772c"}
{"index": {"_index":"leo","_id":"3629846"}}
	{"id":3629846,"type":"sell","buyer":"leomaker","seller":"jjprac","symbol":"LEO","quantity":"0.774","price":"0.13700200","timestamp":1654629852,"volume":"0.10603955","buyTxId":"c161019f7dc1e91d4c105fb864583d1711662578","sellTxId":"f93d3b99957dff9b25e5f32ff6e7d27459409bf6"}
{"index": {"_index":"leo","_id":"3629847"}}
	{"id":3629847,"type":"sell","buyer":"ammonite","seller":"jjprac","symbol":"LEO","quantity":"24.273","price":"0.13700200","timestamp":1654629852,"volume":"3.32544955","buyTxId":"fa96d614ca6dce996febeaed59aca46a0272bc41","sellTxId":"f93d3b99957dff9b25e5f32ff6e7d27459409bf6"}
{"index": {"_index":"leo","_id":"3629964"}}
	{"id":3629964,"type":"sell","buyer":"marvinix","seller":"shadowmyst","symbol":"LEO","quantity":"0.053","price":"0.13700290","timestamp":1654631106,"volume":"0.00726115","buyTxId":"cbff9fc01e015828bb97d5d8482c9f3a4118e2f4","sellTxId":"6a33f245fcc72234cc42426272ba29cac79738ec"}
{"index": {"_index":"leo","_id":"3630053"}}
	{"id":3630053,"type":"buy","buyer":"dswap","seller":"pi-trader","symbol":"LEO","quantity":"1.505","price":"0.14615689","timestamp":1654631607,"volume":"0.22000000","buyTxId":"ad78c8f3b8a380c8e37a236dde16e5f7214e1fd2","sellTxId":"89e7efda78fbbdfa1eb0529e075c331f3abf5ab3-3"}
{"index": {"_index":"leo","_id":"3630066"}}
	{"id":3630066,"type":"buy","buyer":"dswap","seller":"mazurbits","symbol":"LEO","quantity":"35.220","price":"0.14614677","timestamp":1654631748,"volume":"5.14735802","buyTxId":"aa323011db585b620a304b5168893503237c7842","sellTxId":"d68e86ac4a57eb07e3813fae4484449769f53696"}
{"index": {"_index":"leo","_id":"3630122"}}
	{"id":3630122,"type":"buy","buyer":"dswap","seller":"mazurbits","symbol":"LEO","quantity":"19.748","price":"0.14613586","timestamp":1654632108,"volume":"2.88600000","buyTxId":"089ad1d48217df5fb974ecc53c853520b43784fd","sellTxId":"21baeb2d94c4bd29fcba0327c00901cebc06010d"}
{"index": {"_index":"leo","_id":"3630547"}}
	{"id":3630547,"type":"sell","buyer":"leomaker","seller":"cursephantom","symbol":"LEO","quantity":"0.368","price":"0.13700800","timestamp":1654636392,"volume":"0.05041894","buyTxId":"672c720fb9167c701f4f64164743043aa9a6db9a","sellTxId":"11365dfb18d1d8b3f05a49394d533dc2a5a943b5"}
{"index": {"_index":"leo","_id":"3630578"}}
	{"id":3630578,"type":"sell","buyer":"leomaker","seller":"ghua","symbol":"LEO","quantity":"0.396","price":"0.13700800","timestamp":1654636866,"volume":"0.05425517","buyTxId":"672c720fb9167c701f4f64164743043aa9a6db9a","sellTxId":"3413b6d470fb299c0d6741b624db3de41d0c8a65"}
{"index": {"_index":"leo","_id":"3630785"}}
	{"id":3630785,"type":"buy","buyer":"jk6276","seller":"pi-trader","symbol":"LEO","quantity":"22.515","price":"0.14577864","timestamp":1654639479,"volume":"3.28233547","buyTxId":"a046055cfa70036b87667f1e389c31ae8ff74ca7","sellTxId":"a0d352000b9ebce3dee99f300d46cda3edccee3f-1"}
{"index": {"_index":"leo","_id":"3630787"}}
	{"id":3630787,"type":"sell","buyer":"leomaker","seller":"edusan","symbol":"LEO","quantity":"0.058","price":"0.13700800","timestamp":1654639512,"volume":"0.00794646","buyTxId":"672c720fb9167c701f4f64164743043aa9a6db9a","sellTxId":"3565ae3f49e5b94d8c478cea17000bc1a8ff8319"}
{"index": {"_index":"leo","_id":"3630793"}}
	{"id":3630793,"type":"buy","buyer":"he-index","seller":"edusan","symbol":"LEO","quantity":"1.730","price":"0.13700713","timestamp":1654639566,"volume":"0.23702233","buyTxId":"e79ffb4bd3c00012846490c8c6d0b21ed8fa8398","sellTxId":"3565ae3f49e5b94d8c478cea17000bc1a8ff8319"}
{"index": {"_index":"leo","_id":"3630811"}}
	{"id":3630811,"type":"buy","buyer":"leomaker","seller":"edusan","symbol":"LEO","quantity":"0.033","price":"0.13700713","timestamp":1654640022,"volume":"0.00452124","buyTxId":"fcfb882e71fd3875c5653657b535af1419237fc8","sellTxId":"3565ae3f49e5b94d8c478cea17000bc1a8ff8319"}
{"index": {"_index":"leo","_id":"3630924"}}
	{"id":3630924,"type":"sell","buyer":"leomaker","seller":"cheftony","symbol":"LEO","quantity":"0.759","price":"0.13700800","timestamp":1654642158,"volume":"0.10398907","buyTxId":"fcfb882e71fd3875c5653657b535af1419237fc8","sellTxId":"9eafed2610a864415e65c2380683f48e28acbbe1"}
{"index": {"_index":"leo","_id":"3630925"}}
	{"id":3630925,"type":"sell","buyer":"mmrx","seller":"cheftony","symbol":"LEO","quantity":"10.028","price":"0.13700711","timestamp":1654642158,"volume":"1.37390730","buyTxId":"MM-P-18076741-65067653-3-37-0","sellTxId":"9eafed2610a864415e65c2380683f48e28acbbe1"}
{"index": {"_index":"leo","_id":"3630926"}}
	{"id":3630926,"type":"sell","buyer":"marvinix","seller":"cheftony","symbol":"LEO","quantity":"10.000","price":"0.13700710","timestamp":1654642158,"volume":"1.37007100","buyTxId":"a344e02498cb0bfbab6d891d9b03f9ad32a7ccf0","sellTxId":"9eafed2610a864415e65c2380683f48e28acbbe1"}
{"index": {"_index":"leo","_id":"3630927"}}
	{"id":3630927,"type":"sell","buyer":"rtonline","seller":"cheftony","symbol":"LEO","quantity":"14.402","price":"0.13700600","timestamp":1654642158,"volume":"1.97316041","buyTxId":"0220c440dda292aaa4736fd48f550f72e90f9220","sellTxId":"9eafed2610a864415e65c2380683f48e28acbbe1"}
{"index": {"_index":"leo","_id":"3631150"}}
	{"id":3631150,"type":"sell","buyer":"leomaker","seller":"jphamer1","symbol":"LEO","quantity":"0.769","price":"0.13700800","timestamp":1654644813,"volume":"0.10535915","buyTxId":"a079a10d759aef1b23244aa2463c4209f8b1f730","sellTxId":"24edae8f5da42b16392014bb7762235cb663b0f3"}
{"index": {"_index":"leo","_id":"3631151"}}
	{"id":3631151,"type":"sell","buyer":"rtonline","seller":"jphamer1","symbol":"LEO","quantity":"36.598","price":"0.13700600","timestamp":1654644813,"volume":"5.01414559","buyTxId":"0220c440dda292aaa4736fd48f550f72e90f9220","sellTxId":"24edae8f5da42b16392014bb7762235cb663b0f3"}
{"index": {"_index":"leo","_id":"3631152"}}
	{"id":3631152,"type":"sell","buyer":"leomaker","seller":"jphamer1","symbol":"LEO","quantity":"0.848","price":"0.13700500","timestamp":1654644813,"volume":"0.11618024","buyTxId":"9893f04dea41b2c0457eee9efd81317ae9831218","sellTxId":"24edae8f5da42b16392014bb7762235cb663b0f3"}
{"index": {"_index":"leo","_id":"3631153"}}
	{"id":3631153,"type":"sell","buyer":"marvinix","seller":"jphamer1","symbol":"LEO","quantity":"9.947","price":"0.13700290","timestamp":1654644813,"volume":"1.36276785","buyTxId":"cbff9fc01e015828bb97d5d8482c9f3a4118e2f4","sellTxId":"24edae8f5da42b16392014bb7762235cb663b0f3"}
{"index": {"_index":"leo","_id":"3631154"}}
	{"id":3631154,"type":"sell","buyer":"khaleesii","seller":"jphamer1","symbol":"LEO","quantity":"16.892","price":"0.13700290","timestamp":1654644813,"volume":"2.31425299","buyTxId":"eef415a95fdcbdd03e50356aa9f8aa1af521a9e9","sellTxId":"24edae8f5da42b16392014bb7762235cb663b0f3"}
{"index": {"_index":"leo","_id":"3631163"}}
	{"id":3631163,"type":"sell","buyer":"khaleesii","seller":"ackza","symbol":"LEO","quantity":"5.000","price":"0.13700290","timestamp":1654644993,"volume":"0.68501450","buyTxId":"eef415a95fdcbdd03e50356aa9f8aa1af521a9e9","sellTxId":"7ad69f6ee324a18a7e0122447dbcec22c564f550"}
{"index": {"_index":"leo","_id":"3631393"}}
	{"id":3631393,"type":"buy","buyer":"whatsup","seller":"mazurbits","symbol":"LEO","quantity":"34.000","price":"0.14519993","timestamp":1654647660,"volume":"4.93679762","buyTxId":"eecf611399f1ff2c53c9d933d23cce96cf7a76f6","sellTxId":"2a091af196681f1c2dd539a06b9d9de809e36578"}
{"index": {"_index":"leo","_id":"3631546"}}
	{"id":3631546,"type":"buy","buyer":"whatsup","seller":"pi-trader","symbol":"LEO","quantity":"35.000","price":"0.14498895","timestamp":1654649964,"volume":"5.07461325","buyTxId":"8dd0810f0d07674f36a8a7cd2065e3c43666175b","sellTxId":"de411e370bee25960c29cb75393c721db918778b-1"}
{"index": {"_index":"leo","_id":"3631567"}}
	{"id":3631567,"type":"sell","buyer":"leomaker","seller":"emergingabove","symbol":"LEO","quantity":"0.026","price":"0.13700500","timestamp":1654650180,"volume":"0.00356213","buyTxId":"b855fc8a93add001b21dddc2e9a8ed828db4f816","sellTxId":"8f9fae41c0c0488025cea05ba0000e80c6e57c69"}
{"index": {"_index":"leo","_id":"3631690"}}
	{"id":3631690,"type":"sell","buyer":"leomaker","seller":"steem82868","symbol":"LEO","quantity":"0.145","price":"0.13700500","timestamp":1654651233,"volume":"0.01986573","buyTxId":"b855fc8a93add001b21dddc2e9a8ed828db4f816","sellTxId":"3672c94d3abe87a86b0e36e4478fdfe29d57fee1"}
{"index": {"_index":"leo","_id":"3631771"}}
	{"id":3631771,"type":"sell","buyer":"leomaker","seller":"phoenixonhive","symbol":"LEO","quantity":"0.555","price":"0.13700500","timestamp":1654652472,"volume":"0.07603777","buyTxId":"b855fc8a93add001b21dddc2e9a8ed828db4f816","sellTxId":"0735d8fbccb2221d8789e8f657eccfaaef7eb680"}
{"index": {"_index":"leo","_id":"3631772"}}
	{"id":3631772,"type":"sell","buyer":"pi-trader","seller":"phoenixonhive","symbol":"LEO","quantity":"212.001","price":"0.13700291","timestamp":1654652472,"volume":"29.04475392","buyTxId":"24c6dcb7ef5d5f72fc72f1b13bde11fc0277e144-0","sellTxId":"0735d8fbccb2221d8789e8f657eccfaaef7eb680"}
