{"index": {"_index":"leo","_id":"1686487"}}
	{"id":1686487,"type":"sell","buyer":"solovey6o2","seller":"kachinhenry","symbol":"LEO","quantity":"59.000","price":"0.26006002","timestamp":1634011149,"volume":"15.34354118","buyTxId":"0938be55beac1c723d71d15a4a9a43fbd906ac5c","sellTxId":"48e472da585f0a118d6b735ecb62e9a82ea443e5"}
{"index": {"_index":"leo","_id":"1686497"}}
	{"id":1686497,"type":"sell","buyer":"solovey6o2","seller":"esmeesmith","symbol":"LEO","quantity":"3","price":"0.26006002","timestamp":1634011284,"volume":"0.78018006","buyTxId":"0938be55beac1c723d71d15a4a9a43fbd906ac5c","sellTxId":"c9ff2b5095f7d42fd992792c8f8d73c43560bd15"}
{"index": {"_index":"leo","_id":"1686502"}}
	{"id":1686502,"type":"sell","buyer":"solovey6o2","seller":"chireerocks","symbol":"LEO","quantity":"17.631","price":"0.26006002","timestamp":1634011422,"volume":"4.58511821","buyTxId":"0938be55beac1c723d71d15a4a9a43fbd906ac5c","sellTxId":"3b19969fe1be86ad22241de214c38251c99ab9b5"}
{"index": {"_index":"leo","_id":"1686507"}}
	{"id":1686507,"type":"sell","buyer":"solovey6o2","seller":"unorgmilitia","symbol":"LEO","quantity":"9.266","price":"0.26006002","timestamp":1634011560,"volume":"2.40971615","buyTxId":"0938be55beac1c723d71d15a4a9a43fbd906ac5c","sellTxId":"52e85d5ac44054422fbb305efd8e9c59f2449a9c"}
{"index": {"_index":"leo","_id":"1686514"}}
	{"id":1686514,"type":"sell","buyer":"solovey6o2","seller":"brofi-market","symbol":"LEO","quantity":"0.001","price":"0.26006002","timestamp":1634011749,"volume":"0.00026006","buyTxId":"0938be55beac1c723d71d15a4a9a43fbd906ac5c","sellTxId":"3fc9f50ece7fd4b3670e1f2281063428f6b320b2"}
{"index": {"_index":"leo","_id":"1686541"}}
	{"id":1686541,"type":"buy","buyer":"bitcoinflood","seller":"leeyh2","symbol":"LEO","quantity":"8.208","price":"0.27890000","timestamp":1634012103,"volume":"2.28921120","buyTxId":"30367bf2be1b0f77a7349110636cbb101f067428","sellTxId":"b55e3631f561696a78bcde09035b031202745326"}
{"index": {"_index":"leo","_id":"1686542"}}
	{"id":1686542,"type":"buy","buyer":"bitcoinflood","seller":"brofi-market","symbol":"LEO","quantity":"0.001","price":"0.27890000","timestamp":1634012103,"volume":"0.00027890","buyTxId":"30367bf2be1b0f77a7349110636cbb101f067428","sellTxId":"b7745a8fb37bc3e59d0228d9861576df968ec006"}
{"index": {"_index":"leo","_id":"1686543"}}
	{"id":1686543,"type":"sell","buyer":"bitcoinflood","seller":"genet","symbol":"LEO","quantity":"2.651","price":"0.27890000","timestamp":1634012106,"volume":"0.73936390","buyTxId":"30367bf2be1b0f77a7349110636cbb101f067428","sellTxId":"d7ecbff3a88834e4232c6dd3e396ef2b81d4a756-1"}
{"index": {"_index":"leo","_id":"1686568"}}
	{"id":1686568,"type":"sell","buyer":"solovey6o2","seller":"hive.pizza","symbol":"LEO","quantity":"1.129","price":"0.26006002","timestamp":1634012532,"volume":"0.29360776","buyTxId":"0938be55beac1c723d71d15a4a9a43fbd906ac5c","sellTxId":"ce454bae47b58cf0739fb794eff89f51578a512a"}
{"index": {"_index":"leo","_id":"1686643"}}
	{"id":1686643,"type":"sell","buyer":"mmrx","seller":"nuthman","symbol":"LEO","quantity":"1.976","price":"0.26006003","timestamp":1634013918,"volume":"0.51387862","buyTxId":"MM-P-11226019-58211131-3-40-0","sellTxId":"3cc306493f2868578d2313b0825f50fc46db3dc6"}
{"index": {"_index":"leo","_id":"1686656"}}
	{"id":1686656,"type":"sell","buyer":"mmrx","seller":"victoriabsb","symbol":"LEO","quantity":"3.060","price":"0.26006003","timestamp":1634014026,"volume":"0.79578369","buyTxId":"MM-P-11226019-58211131-3-40-0","sellTxId":"ba8421a3b7608460e693302874fb9d5378667bbc"}
{"index": {"_index":"leo","_id":"1686705"}}
	{"id":1686705,"type":"buy","buyer":"whatsup","seller":"leomaker","symbol":"LEO","quantity":"0.768","price":"0.27998900","timestamp":1634014677,"volume":"0.21503155","buyTxId":"0e2e91e44d2ec31cbcce9541331994b281445521","sellTxId":"f4bd137ce515dce0b096563dbdf39241a5eee8bd"}
{"index": {"_index":"leo","_id":"1686706"}}
	{"id":1686706,"type":"sell","buyer":"whatsup","seller":"svirus","symbol":"LEO","quantity":"46.230","price":"0.27998900","timestamp":1634014680,"volume":"12.94389147","buyTxId":"0e2e91e44d2ec31cbcce9541331994b281445521","sellTxId":"01efa9fd9a7b15c25cfb56b2d65a9dcc3921fa6c-1"}
{"index": {"_index":"leo","_id":"1686707"}}
	{"id":1686707,"type":"sell","buyer":"whatsup","seller":"konvik","symbol":"LEO","quantity":"0.002","price":"0.27998900","timestamp":1634014680,"volume":"0.00055998","buyTxId":"0e2e91e44d2ec31cbcce9541331994b281445521","sellTxId":"0b64c9805d0ee5c7b53c0124a82cb7477435385e-1"}
{"index": {"_index":"leo","_id":"1686745"}}
	{"id":1686745,"type":"buy","buyer":"gogreenbuddy","seller":"leomaker","symbol":"LEO","quantity":"0.669","price":"0.27998900","timestamp":1634015511,"volume":"0.18731264","buyTxId":"c3b9d3f918970cc9d46188658c09b6ce5ae179c4","sellTxId":"8567ce30e14a106df0777b84a81a47a27f1d5ec8"}
{"index": {"_index":"leo","_id":"1686746"}}
	{"id":1686746,"type":"buy","buyer":"gogreenbuddy","seller":"mmrx","symbol":"LEO","quantity":"5.036","price":"0.27998997","timestamp":1634015511,"volume":"1.41002949","buyTxId":"c3b9d3f918970cc9d46188658c09b6ce5ae179c4","sellTxId":"MM-P-11226419-58211531-3-40-0"}
{"index": {"_index":"leo","_id":"1686747"}}
	{"id":1686747,"type":"buy","buyer":"gogreenbuddy","seller":"solovey6o2","symbol":"LEO","quantity":"67.599","price":"0.27998998","timestamp":1634015511,"volume":"18.92704266","buyTxId":"c3b9d3f918970cc9d46188658c09b6ce5ae179c4","sellTxId":"6894e70a4df6198f89e468c95c1b68ce9dc655aa"}
{"index": {"_index":"leo","_id":"1686748"}}
	{"id":1686748,"type":"buy","buyer":"gogreenbuddy","seller":"solovey6o2","symbol":"LEO","quantity":"20.631","price":"0.27998998","timestamp":1634015511,"volume":"5.77647328","buyTxId":"c3b9d3f918970cc9d46188658c09b6ce5ae179c4","sellTxId":"aab6617d3f653557197483848e9fc8326d3b62dc"}
{"index": {"_index":"leo","_id":"1686749"}}
	{"id":1686749,"type":"buy","buyer":"gogreenbuddy","seller":"enginemaker","symbol":"LEO","quantity":"106.065","price":"0.27999000","timestamp":1634015511,"volume":"29.69713935","buyTxId":"c3b9d3f918970cc9d46188658c09b6ce5ae179c4","sellTxId":"MM-P-11218931-58204041-3-1-1"}
{"index": {"_index":"leo","_id":"1686800"}}
	{"id":1686800,"type":"buy","buyer":"lefty619","seller":"leomaker","symbol":"LEO","quantity":"0.646","price":"0.27998900","timestamp":1634016240,"volume":"0.18087289","buyTxId":"91099d7fb1c616d9cba1180bfa2b344c87bb2c92","sellTxId":"8ff7dfc69645b9a86b3d9edfa38569e375dc5fe2"}
{"index": {"_index":"leo","_id":"1686801"}}
	{"id":1686801,"type":"buy","buyer":"lefty619","seller":"enginemaker","symbol":"LEO","quantity":"393.935","price":"0.27999000","timestamp":1634016240,"volume":"110.29786065","buyTxId":"91099d7fb1c616d9cba1180bfa2b344c87bb2c92","sellTxId":"MM-P-11218931-58204041-3-1-1"}
{"index": {"_index":"leo","_id":"1686802"}}
	{"id":1686802,"type":"buy","buyer":"lefty619","seller":"leomaker","symbol":"LEO","quantity":"0.628","price":"0.27999900","timestamp":1634016240,"volume":"0.17583937","buyTxId":"91099d7fb1c616d9cba1180bfa2b344c87bb2c92","sellTxId":"0ccff310a5fea71f2bf0763bf7aba7a877e2c9eb"}
{"index": {"_index":"leo","_id":"1686803"}}
	{"id":1686803,"type":"buy","buyer":"lefty619","seller":"mathowl","symbol":"LEO","quantity":"50.000","price":"0.28000000","timestamp":1634016240,"volume":"14.00000000","buyTxId":"91099d7fb1c616d9cba1180bfa2b344c87bb2c92","sellTxId":"1baab22345fc6865b30bcc487a845bcabcc4f347"}
{"index": {"_index":"leo","_id":"1686804"}}
	{"id":1686804,"type":"buy","buyer":"lefty619","seller":"toofasteddie","symbol":"LEO","quantity":"4.522","price":"0.28001899","timestamp":1634016240,"volume":"1.26624587","buyTxId":"91099d7fb1c616d9cba1180bfa2b344c87bb2c92","sellTxId":"c58e60edd8ac476758198bfe4bfe483455b88b6d"}
{"index": {"_index":"leo","_id":"1686805"}}
	{"id":1686805,"type":"buy","buyer":"lefty619","seller":"leomaker","symbol":"LEO","quantity":"0.010","price":"0.28001900","timestamp":1634016240,"volume":"0.00280019","buyTxId":"91099d7fb1c616d9cba1180bfa2b344c87bb2c92","sellTxId":"5594653bcaaa074d3a2e6e532333d968e9022c1d"}
{"index": {"_index":"leo","_id":"1686806"}}
	{"id":1686806,"type":"buy","buyer":"lefty619","seller":"leomaker","symbol":"LEO","quantity":"0.010","price":"0.28002900","timestamp":1634016240,"volume":"0.00280029","buyTxId":"91099d7fb1c616d9cba1180bfa2b344c87bb2c92","sellTxId":"2197cf7a6b77e20df6a1316853351982cc60ada4"}
{"index": {"_index":"leo","_id":"1686807"}}
	{"id":1686807,"type":"buy","buyer":"lefty619","seller":"myothuzar","symbol":"LEO","quantity":"200.000","price":"0.28003000","timestamp":1634016240,"volume":"56.00600000","buyTxId":"91099d7fb1c616d9cba1180bfa2b344c87bb2c92","sellTxId":"72e07974beb09552c79f35a941288bcba766f934"}
{"index": {"_index":"leo","_id":"1686808"}}
	{"id":1686808,"type":"buy","buyer":"lefty619","seller":"leomaker","symbol":"LEO","quantity":"0.012","price":"0.28004300","timestamp":1634016240,"volume":"0.00336052","buyTxId":"91099d7fb1c616d9cba1180bfa2b344c87bb2c92","sellTxId":"80020fddb87fd096b9fa119560d721cc66b41cce"}
{"index": {"_index":"leo","_id":"1686809"}}
	{"id":1686809,"type":"buy","buyer":"lefty619","seller":"leomaker","symbol":"LEO","quantity":"226.237","price":"0.28200000","timestamp":1634016240,"volume":"63.79883400","buyTxId":"91099d7fb1c616d9cba1180bfa2b344c87bb2c92","sellTxId":"ca789e78b84d7907bb1cb250ddd2f7139fef34a1"}
{"index": {"_index":"leo","_id":"1686811"}}
	{"id":1686811,"type":"sell","buyer":"mmrx","seller":"oks2crypto","symbol":"LEO","quantity":"0.925","price":"0.26006003","timestamp":1634016294,"volume":"0.24055553","buyTxId":"MM-P-11226019-58211131-3-40-0","sellTxId":"66b2ad083c0754067e21e01a4ec786fb24e4cd4d"}
{"index": {"_index":"leo","_id":"1686851"}}
	{"id":1686851,"type":"sell","buyer":"mmrx","seller":"ash","symbol":"LEO","quantity":"17","price":"0.26006003","timestamp":1634017251,"volume":"4.42102051","buyTxId":"MM-P-11226019-58211131-3-40-0","sellTxId":"f5af63f5f709df464dc0203b7df34a3ebd921b8f"}
{"index": {"_index":"leo","_id":"1686934"}}
	{"id":1686934,"type":"sell","buyer":"mmrx","seller":"barks","symbol":"LEO","quantity":"10.222","price":"0.26006003","timestamp":1634018142,"volume":"2.65833363","buyTxId":"MM-P-11226019-58211131-3-40-0","sellTxId":"097af9b2711409c1fca89e496c4c8f49b3190d69"}
{"index": {"_index":"leo","_id":"1686944"}}
	{"id":1686944,"type":"buy","buyer":"oldtimer","seller":"leomaker","symbol":"LEO","quantity":"0.581","price":"0.28198700","timestamp":1634018301,"volume":"0.16383445","buyTxId":"dccba09ed42df9e97b358ab6f2582058b5c9994c","sellTxId":"1ecd9ce0c3892225a161ef96feda8c56ec84264e"}
{"index": {"_index":"leo","_id":"1686945"}}
	{"id":1686945,"type":"buy","buyer":"oldtimer","seller":"mmrx","symbol":"LEO","quantity":"17.925","price":"0.28198799","timestamp":1634018301,"volume":"5.05463472","buyTxId":"dccba09ed42df9e97b358ab6f2582058b5c9994c","sellTxId":"MM-P-11227716-58212828-3-40-0"}
{"index": {"_index":"leo","_id":"1686946"}}
	{"id":1686946,"type":"buy","buyer":"oldtimer","seller":"leomaker","symbol":"LEO","quantity":"0.602","price":"0.28198800","timestamp":1634018301,"volume":"0.16975678","buyTxId":"dccba09ed42df9e97b358ab6f2582058b5c9994c","sellTxId":"3c0356322170dbb0c294f7ac3e9a7ca3520755d0"}
{"index": {"_index":"leo","_id":"1686947"}}
	{"id":1686947,"type":"buy","buyer":"oldtimer","seller":"chekohler","symbol":"LEO","quantity":"4.435","price":"0.28198800","timestamp":1634018301,"volume":"1.25061678","buyTxId":"dccba09ed42df9e97b358ab6f2582058b5c9994c","sellTxId":"83ef579b9da95a40fc2fb5ad2c0e8a32b34fe3f7"}
{"index": {"_index":"leo","_id":"1686948"}}
	{"id":1686948,"type":"buy","buyer":"oldtimer","seller":"leomaker","symbol":"LEO","quantity":"0.623","price":"0.28198900","timestamp":1634018301,"volume":"0.17567915","buyTxId":"dccba09ed42df9e97b358ab6f2582058b5c9994c","sellTxId":"11d118d7139dbf19840102413e2c5513ee2713f7"}
{"index": {"_index":"leo","_id":"1686949"}}
	{"id":1686949,"type":"buy","buyer":"oldtimer","seller":"ctpsb","symbol":"LEO","quantity":"1.651","price":"0.28198900","timestamp":1634018301,"volume":"0.46556384","buyTxId":"dccba09ed42df9e97b358ab6f2582058b5c9994c","sellTxId":"b8dee0d635519b586ed9b85e2684fc56752e1d4b"}
{"index": {"_index":"leo","_id":"1686950"}}
	{"id":1686950,"type":"buy","buyer":"oldtimer","seller":"enginemaker","symbol":"LEO","quantity":"151.183","price":"0.28199000","timestamp":1634018301,"volume":"42.63209417","buyTxId":"dccba09ed42df9e97b358ab6f2582058b5c9994c","sellTxId":"MM-P-11227216-58212328-3-1-0"}
{"index": {"_index":"leo","_id":"1686968"}}
	{"id":1686968,"type":"sell","buyer":"mmrx","seller":"jeniffer23","symbol":"LEO","quantity":"0.604","price":"0.26006003","timestamp":1634018502,"volume":"0.15707626","buyTxId":"MM-P-11226019-58211131-3-40-0","sellTxId":"85bb8b3b4b074447d46c71bd1be1349dec04bbc7"}
{"index": {"_index":"leo","_id":"1687085"}}
	{"id":1687085,"type":"buy","buyer":"solymi","seller":"leomaker","symbol":"LEO","quantity":"0.562","price":"0.28198900","timestamp":1634020122,"volume":"0.15847782","buyTxId":"d567b5d2216ad43f1631de42c73650220e07ab43","sellTxId":"8a93cd85904610cda15ac666ce1b4b15178f9048"}
{"index": {"_index":"leo","_id":"1687086"}}
	{"id":1687086,"type":"buy","buyer":"solymi","seller":"mmrx","symbol":"LEO","quantity":"10.826","price":"0.28198999","timestamp":1634020122,"volume":"3.05282363","buyTxId":"d567b5d2216ad43f1631de42c73650220e07ab43","sellTxId":"MM-P-11227916-58213028-3-40-0"}
{"index": {"_index":"leo","_id":"1687087"}}
	{"id":1687087,"type":"buy","buyer":"solymi","seller":"enginemaker","symbol":"LEO","quantity":"243.940","price":"0.28199000","timestamp":1634020122,"volume":"68.78869855","buyTxId":"d567b5d2216ad43f1631de42c73650220e07ab43","sellTxId":"MM-P-11227216-58212328-3-1-0"}
{"index": {"_index":"leo","_id":"1687149"}}
	{"id":1687149,"type":"buy","buyer":"svirus","seller":"kolbjorn","symbol":"LEO","quantity":"43.440","price":"0.26006006","timestamp":1634021031,"volume":"11.29700901","buyTxId":"7e620d30a04f05c1f64af3a1481b2e724ffcbf62-0","sellTxId":"8382e217d4e0360a490fcddc71aa93c2bb8fd30c"}
{"index": {"_index":"leo","_id":"1687150"}}
	{"id":1687150,"type":"buy","buyer":"genet","seller":"kolbjorn","symbol":"LEO","quantity":"0.007","price":"0.26006006","timestamp":1634021031,"volume":"0.00182042","buyTxId":"e9b350752eafaf72feef8fee8c6c4a89669b8b4e-0","sellTxId":"8382e217d4e0360a490fcddc71aa93c2bb8fd30c"}
{"index": {"_index":"leo","_id":"1687341"}}
	{"id":1687341,"type":"sell","buyer":"solovey6o2","seller":"notak","symbol":"LEO","quantity":"15.000","price":"0.26006002","timestamp":1634025666,"volume":"3.90090030","buyTxId":"f0498214691faa09ab3ace04da13f63ddd152435","sellTxId":"7f5c5ff3e16cfe64a75922642374b42635973617"}
{"index": {"_index":"leo","_id":"1687353"}}
	{"id":1687353,"type":"sell","buyer":"solovey6o2","seller":"notesfortrader","symbol":"LEO","quantity":"0.105","price":"0.26006002","timestamp":1634025888,"volume":"0.02730630","buyTxId":"f0498214691faa09ab3ace04da13f63ddd152435","sellTxId":"3a95bc198d4e025c1a957f5fc38f651f34878d8d"}
{"index": {"_index":"leo","_id":"1687387"}}
	{"id":1687387,"type":"sell","buyer":"solovey6o2","seller":"trumpman","symbol":"LEO","quantity":"1.555","price":"0.26006002","timestamp":1634026443,"volume":"0.40439333","buyTxId":"f0498214691faa09ab3ace04da13f63ddd152435","sellTxId":"9058f1470772ce6de53a2f71093ecb4292c3eb85"}
{"index": {"_index":"leo","_id":"1687526"}}
	{"id":1687526,"type":"sell","buyer":"solovey6o2","seller":"citimillz","symbol":"LEO","quantity":"2.088","price":"0.26006002","timestamp":1634029239,"volume":"0.54300532","buyTxId":"f0498214691faa09ab3ace04da13f63ddd152435","sellTxId":"b38efb5fff4ac02b638bcd77484e09ac2d40af8c"}
{"index": {"_index":"leo","_id":"1687544"}}
	{"id":1687544,"type":"buy","buyer":"solymi","seller":"leomaker","symbol":"LEO","quantity":"0.542","price":"0.28198900","timestamp":1634029704,"volume":"0.15283804","buyTxId":"13f1faeb3e038224fda7635fa2261cfad7afbffd","sellTxId":"8784a339f547b073af55518749cec3c02afd2fc1"}
{"index": {"_index":"leo","_id":"1687545"}}
	{"id":1687545,"type":"buy","buyer":"solymi","seller":"solovey6o2","symbol":"LEO","quantity":"25.396","price":"0.28198998","timestamp":1634029704,"volume":"7.16141753","buyTxId":"13f1faeb3e038224fda7635fa2261cfad7afbffd","sellTxId":"d65def19e8979e383bc8b1267544e6bee9e900e5"}
{"index": {"_index":"leo","_id":"1687546"}}
	{"id":1687546,"type":"buy","buyer":"solymi","seller":"enginemaker","symbol":"LEO","quantity":"104.877","price":"0.28199000","timestamp":1634029704,"volume":"29.57426523","buyTxId":"13f1faeb3e038224fda7635fa2261cfad7afbffd","sellTxId":"MM-P-11227216-58212328-3-1-0"}
{"index": {"_index":"leo","_id":"1687547"}}
	{"id":1687547,"type":"buy","buyer":"solymi","seller":"leomaker","symbol":"LEO","quantity":"223.799","price":"0.28200000","timestamp":1634029704,"volume":"63.11147920","buyTxId":"13f1faeb3e038224fda7635fa2261cfad7afbffd","sellTxId":"ca789e78b84d7907bb1cb250ddd2f7139fef34a1"}
{"index": {"_index":"leo","_id":"1687634"}}
	{"id":1687634,"type":"buy","buyer":"juanmiguelsalas","seller":"leomaker","symbol":"LEO","quantity":"0.509","price":"0.28198900","timestamp":1634031054,"volume":"0.14353240","buyTxId":"8cd663baeb581e7e8f9a1a1de8105bd1d009802a","sellTxId":"5af19e278e35c9d74a4c2d3ad9a23f5d1b0b5d42"}
{"index": {"_index":"leo","_id":"1687635"}}
	{"id":1687635,"type":"buy","buyer":"juanmiguelsalas","seller":"enginemaker","symbol":"LEO","quantity":"31.491","price":"0.28199000","timestamp":1634031054,"volume":"8.88014709","buyTxId":"8cd663baeb581e7e8f9a1a1de8105bd1d009802a","sellTxId":"MM-P-11231705-58216817-3-1-0"}
{"index": {"_index":"leo","_id":"1687656"}}
	{"id":1687656,"type":"sell","buyer":"solovey6o2","seller":"lionsuit","symbol":"LEO","quantity":"0.055","price":"0.26006002","timestamp":1634031558,"volume":"0.01430330","buyTxId":"f0498214691faa09ab3ace04da13f63ddd152435","sellTxId":"65c212c8be1ab95f1357e4cb1db22a8ad0a7d3da"}
{"index": {"_index":"leo","_id":"1687678"}}
	{"id":1687678,"type":"sell","buyer":"solovey6o2","seller":"buildahouse","symbol":"LEO","quantity":"0.016","price":"0.26006002","timestamp":1634032041,"volume":"0.00416096","buyTxId":"f0498214691faa09ab3ace04da13f63ddd152435","sellTxId":"265bf08870dd8214dcf834b6ef0b890641af806a"}
{"index": {"_index":"leo","_id":"1687902"}}
	{"id":1687902,"type":"sell","buyer":"janasilver","seller":"ultm8x","symbol":"LEO","quantity":"6.763","price":"0.26006045","timestamp":1634034939,"volume":"1.75878882","buyTxId":"8be88c63b072ae278bdbe5d3fa3ec71442031553","sellTxId":"32069d24b140aa6dd0d3401d09b7606667e65875"}
{"index": {"_index":"leo","_id":"1687969"}}
	{"id":1687969,"type":"buy","buyer":"finguru","seller":"leomaker","symbol":"LEO","quantity":"0.472","price":"0.28197900","timestamp":1634036133,"volume":"0.13309409","buyTxId":"e7004937df8043fec17701a0fc11dfef53ee8201","sellTxId":"cfb4705434457f35fa6e5646cc48514dc5c6cc10"}
{"index": {"_index":"leo","_id":"1687970"}}
	{"id":1687970,"type":"buy","buyer":"finguru","seller":"enginemaker","symbol":"LEO","quantity":"8.094","price":"0.28198000","timestamp":1634036133,"volume":"2.28250294","buyTxId":"e7004937df8043fec17701a0fc11dfef53ee8201","sellTxId":"MM-P-11233103-58218215-3-1-0"}
{"index": {"_index":"leo","_id":"1688066"}}
	{"id":1688066,"type":"sell","buyer":"janasilver","seller":"globetrottergcc","symbol":"LEO","quantity":"7.626","price":"0.26006045","timestamp":1634037582,"volume":"1.98322099","buyTxId":"8be88c63b072ae278bdbe5d3fa3ec71442031553","sellTxId":"9872910d667dc994f7a3001da50a9cf5a3ff8074"}
{"index": {"_index":"leo","_id":"1688113"}}
	{"id":1688113,"type":"sell","buyer":"janasilver","seller":"bobodan","symbol":"LEO","quantity":"5.611","price":"0.26006045","timestamp":1634038665,"volume":"1.45919918","buyTxId":"8be88c63b072ae278bdbe5d3fa3ec71442031553","sellTxId":"e1c9c8a2ce2142e43f3495081d67c189903455ba"}
{"index": {"_index":"leo","_id":"1688114"}}
	{"id":1688114,"type":"sell","buyer":"solovey6o2","seller":"bobodan","symbol":"LEO","quantity":"6.632","price":"0.26006002","timestamp":1634038665,"volume":"1.72471805","buyTxId":"f0498214691faa09ab3ace04da13f63ddd152435","sellTxId":"e1c9c8a2ce2142e43f3495081d67c189903455ba"}
{"index": {"_index":"leo","_id":"1688265"}}
	{"id":1688265,"type":"buy","buyer":"taseli","seller":"leomaker","symbol":"LEO","quantity":"0.457","price":"0.28197900","timestamp":1634040930,"volume":"0.12886440","buyTxId":"a6c8cab2247d02bf89df12934b4ad1ba0a145bad","sellTxId":"f9caf64da9e0a70b52fe2a06c11386b56ae766c4"}
{"index": {"_index":"leo","_id":"1688266"}}
	{"id":1688266,"type":"buy","buyer":"taseli","seller":"enginemaker","symbol":"LEO","quantity":"6.635","price":"0.28198000","timestamp":1634040930,"volume":"1.87113560","buyTxId":"a6c8cab2247d02bf89df12934b4ad1ba0a145bad","sellTxId":"MM-P-11233103-58218215-3-1-0"}
{"index": {"_index":"leo","_id":"1688376"}}
	{"id":1688376,"type":"sell","buyer":"solovey6o2","seller":"pixelfan","symbol":"LEO","quantity":"0.423","price":"0.26100002","timestamp":1634042157,"volume":"0.11040301","buyTxId":"2fea63199f9694ce840bb2fb488dad236de73c8b","sellTxId":"622116aa1e2aeb5f0a9972d035ea9aa88c7a6e44"}
{"index": {"_index":"leo","_id":"1688418"}}
	{"id":1688418,"type":"sell","buyer":"solovey6o2","seller":"alive.chat","symbol":"LEO","quantity":"0.006","price":"0.26100002","timestamp":1634042457,"volume":"0.00156600","buyTxId":"2fea63199f9694ce840bb2fb488dad236de73c8b","sellTxId":"0359ca4be916ff7a8d6f03edc0d637d568639b15"}
{"index": {"_index":"leo","_id":"1688562"}}
	{"id":1688562,"type":"buy","buyer":"kairu-sama","seller":"irisworld","symbol":"LEO","quantity":"6.800","price":"0.28197800","timestamp":1634043783,"volume":"1.91745040","buyTxId":"a8bb50cedd5a95629533bbaef99f735477c7b0dd","sellTxId":"101aa4c48e287a06c836c77f13c2624684d0079b"}
{"index": {"_index":"leo","_id":"1688563"}}
	{"id":1688563,"type":"buy","buyer":"kairu-sama","seller":"leomaker","symbol":"LEO","quantity":"0.448","price":"0.28197900","timestamp":1634043783,"volume":"0.12632659","buyTxId":"a8bb50cedd5a95629533bbaef99f735477c7b0dd","sellTxId":"3364b4998e57453aa851a386afc69d5d5625eacc"}
{"index": {"_index":"leo","_id":"1688564"}}
	{"id":1688564,"type":"sell","buyer":"kairu-sama","seller":"genet","symbol":"LEO","quantity":"109.077","price":"0.28197900","timestamp":1634043786,"volume":"30.75742338","buyTxId":"a8bb50cedd5a95629533bbaef99f735477c7b0dd","sellTxId":"b9729e24fa04dfc72c6754e6c61607611d1708fe-1"}
{"index": {"_index":"leo","_id":"1688569"}}
	{"id":1688569,"type":"buy","buyer":"darmst5339","seller":"enginemaker","symbol":"LEO","quantity":"2.000","price":"0.28198000","timestamp":1634043846,"volume":"0.56396000","buyTxId":"813a9707621d74e5a0e9f0975599a0c3bd0c866c","sellTxId":"MM-P-11233103-58218215-3-1-0"}
{"index": {"_index":"leo","_id":"1688580"}}
	{"id":1688580,"type":"sell","buyer":"krunkypuram","seller":"svirus","symbol":"LEO","quantity":"555.000","price":"0.26959002","timestamp":1634044005,"volume":"149.62246110","buyTxId":"5df0c13cdcfe00069a1a827cae44157b12eaefd0","sellTxId":"1b1541f9a2a392f9232f7e702b7181ff6ae64470-1"}
{"index": {"_index":"leo","_id":"1688630"}}
	{"id":1688630,"type":"buy","buyer":"solovey6o2","seller":"cryptonotes","symbol":"LEO","quantity":"0.210","price":"0.26100004","timestamp":1634044770,"volume":"0.05481001","buyTxId":"fc8147532e1b6ab26a769144196dd9b2d20303df","sellTxId":"cd367eedf30738cf99660144d26e5c6cc6920a12"}
{"index": {"_index":"leo","_id":"1689058"}}
	{"id":1689058,"type":"sell","buyer":"solovey6o2","seller":"richardcrill","symbol":"LEO","quantity":"153.948","price":"0.26100003","timestamp":1634052072,"volume":"40.18043262","buyTxId":"5fc51fe5ca4d1852d24deaa854f76cb1de18ea4b","sellTxId":"8ae1b82da94a9859610e84a0f054f1d38748b536"}
{"index": {"_index":"leo","_id":"1689059"}}
	{"id":1689059,"type":"sell","buyer":"pi-trader","seller":"richardcrill","symbol":"LEO","quantity":"266.052","price":"0.26100001","timestamp":1634052072,"volume":"69.43957466","buyTxId":"d461632c2140155adff2dd1cd2224e0e3eda3a38-3","sellTxId":"8ae1b82da94a9859610e84a0f054f1d38748b536"}
{"index": {"_index":"leo","_id":"1689099"}}
	{"id":1689099,"type":"sell","buyer":"pi-trader","seller":"accelerator","symbol":"LEO","quantity":"7.570","price":"0.26100003","timestamp":1634052396,"volume":"1.97577023","buyTxId":"d0235601111128b6e6cdc2e46f8fecfa56ae612d-4","sellTxId":"287182b0f8a23db137404e12cc7ab61360595144"}
{"index": {"_index":"leo","_id":"1689102"}}
	{"id":1689102,"type":"sell","buyer":"pi-trader","seller":"automaton","symbol":"LEO","quantity":"1.664","price":"0.26100003","timestamp":1634052438,"volume":"0.43430405","buyTxId":"237ed24d75f7d0ca59050cca57df2511ab0f2681-6","sellTxId":"1e00661c41a7898635bd71c450f382e24a0e2c32"}
{"index": {"_index":"leo","_id":"1689103"}}
	{"id":1689103,"type":"sell","buyer":"pi-trader","seller":"ministickupboy","symbol":"LEO","quantity":"0.084","price":"0.26100003","timestamp":1634052438,"volume":"0.02192400","buyTxId":"237ed24d75f7d0ca59050cca57df2511ab0f2681-6","sellTxId":"85efaf9dde96fdd63a27032228d9f0ac14a7f094"}
{"index": {"_index":"leo","_id":"1689244"}}
	{"id":1689244,"type":"buy","buyer":"clixy","seller":"leomaker","symbol":"LEO","quantity":"0.414","price":"0.26999900","timestamp":1634055237,"volume":"0.11177959","buyTxId":"4ab0df9691c03cc8e778f10ea87400cf30b03c06","sellTxId":"b08b3c076e6c196fcb735e108bf8abbb2c1109d4"}
{"index": {"_index":"leo","_id":"1689246"}}
	{"id":1689246,"type":"buy","buyer":"clixy","seller":"jmsansan.leo","symbol":"LEO","quantity":"10.000","price":"0.27000000","timestamp":1634055297,"volume":"2.70000000","buyTxId":"35cba46acf25ba1a329d22bc14b6bf509f2d348b","sellTxId":"95222ed2ba7708e35dabdeee92918406f51b9d18"}
{"index": {"_index":"leo","_id":"1689252"}}
	{"id":1689252,"type":"buy","buyer":"clixy","seller":"jmsansan.leo","symbol":"LEO","quantity":"0.980","price":"0.27000000","timestamp":1634055393,"volume":"0.26460000","buyTxId":"6fd1134b4f602ee8687e0803d8cee881099b9184","sellTxId":"95222ed2ba7708e35dabdeee92918406f51b9d18"}
{"index": {"_index":"leo","_id":"1689287"}}
	{"id":1689287,"type":"buy","buyer":"clixy","seller":"jmsansan.leo","symbol":"LEO","quantity":"2.000","price":"0.27000000","timestamp":1634055663,"volume":"0.54000000","buyTxId":"9df4636d1b534a7d2b58c0dcb2e4ba1c8286d5e9","sellTxId":"95222ed2ba7708e35dabdeee92918406f51b9d18"}
{"index": {"_index":"leo","_id":"1689417"}}
	{"id":1689417,"type":"sell","buyer":"pi-trader","seller":"ajanaku","symbol":"LEO","quantity":"50.000","price":"0.26100003","timestamp":1634056521,"volume":"13.05000150","buyTxId":"d0cfe5477a3ec0a07e1b49d47df7bc2547ac74e3-4","sellTxId":"3bd3b7be8863a686e448c4c4546227588220b904"}
{"index": {"_index":"leo","_id":"1689555"}}
	{"id":1689555,"type":"sell","buyer":"pi-trader","seller":"reddragonfly","symbol":"LEO","quantity":"0.006","price":"0.26100002","timestamp":1634057733,"volume":"0.00156600","buyTxId":"e40fa196597620f5470119ad256567cd205c6e07-2","sellTxId":"b8c9c8442137456141c491b5dd6c574c04af1e32"}
{"index": {"_index":"leo","_id":"1689621"}}
	{"id":1689621,"type":"sell","buyer":"pi-trader","seller":"silvertop","symbol":"LEO","quantity":"13.915","price":"0.26100002","timestamp":1634058210,"volume":"3.63181528","buyTxId":"4830ac2e3bc5ce4cc34ededc148b0749d0d65422-3","sellTxId":"f00057cf1bbc2424bc0471ca0b6b17bf4a8b24fc"}
{"index": {"_index":"leo","_id":"1689624"}}
	{"id":1689624,"type":"sell","buyer":"pi-trader","seller":"stevethevagabond","symbol":"LEO","quantity":"4.630","price":"0.26100002","timestamp":1634058249,"volume":"1.20843009","buyTxId":"25503b7b984dc5ef2f48538779cefd4499c84792-4","sellTxId":"e970c83a3db3d65c096b7ec081e14b06e0ac83f0"}
{"index": {"_index":"leo","_id":"1689661"}}
	{"id":1689661,"type":"buy","buyer":"desertfox88","seller":"jmsansan.leo","symbol":"LEO","quantity":"4.832","price":"0.27000000","timestamp":1634058852,"volume":"1.30464000","buyTxId":"cb4a9c18569fa5e36df29f6ac1b04c74f9a6b877","sellTxId":"95222ed2ba7708e35dabdeee92918406f51b9d18"}
{"index": {"_index":"leo","_id":"1689662"}}
	{"id":1689662,"type":"sell","buyer":"desertfox88","seller":"svirus","symbol":"LEO","quantity":"94.160","price":"0.27000000","timestamp":1634058855,"volume":"25.42320000","buyTxId":"cb4a9c18569fa5e36df29f6ac1b04c74f9a6b877","sellTxId":"bee51ea9d8ddd34bafa21fc682ba7c1f585d0aa4-1"}
{"index": {"_index":"leo","_id":"1689663"}}
	{"id":1689663,"type":"sell","buyer":"desertfox88","seller":"genet","symbol":"LEO","quantity":"0.008","price":"0.27000000","timestamp":1634058855,"volume":"0.00216000","buyTxId":"cb4a9c18569fa5e36df29f6ac1b04c74f9a6b877","sellTxId":"dbd06b67ab76834556fb00a011269aef198bcfdf-1"}
{"index": {"_index":"leo","_id":"1689682"}}
	{"id":1689682,"type":"buy","buyer":"nyxlabs","seller":"leomaker","symbol":"LEO","quantity":"0.431","price":"0.28197900","timestamp":1634059155,"volume":"0.12153295","buyTxId":"549724e3c8c14ee60f621b648ee916950858797d","sellTxId":"94f43c483a9465cbcb23ad9afb507ef01e9e8003"}
{"index": {"_index":"leo","_id":"1689683"}}
	{"id":1689683,"type":"buy","buyer":"nyxlabs","seller":"solovey6o2","symbol":"LEO","quantity":"59.569","price":"0.28197998","timestamp":1634059155,"volume":"16.79726543","buyTxId":"549724e3c8c14ee60f621b648ee916950858797d","sellTxId":"2b4e689b5b7b8ba0c60591e1c37a21decdc21f30"}
{"index": {"_index":"leo","_id":"1689713"}}
	{"id":1689713,"type":"buy","buyer":"globalcurrencies","seller":"leomaker","symbol":"LEO","quantity":"0.396","price":"0.28197900","timestamp":1634059743,"volume":"0.11166368","buyTxId":"e278113f678437b3d8a0bb7a50e0ab85d80e8df2","sellTxId":"8425d9ba360e4c37aee3693554da1261da00de11"}
{"index": {"_index":"leo","_id":"1689714"}}
	{"id":1689714,"type":"buy","buyer":"globalcurrencies","seller":"solovey6o2","symbol":"LEO","quantity":"105.469","price":"0.28197998","timestamp":1634059743,"volume":"29.74014651","buyTxId":"e278113f678437b3d8a0bb7a50e0ab85d80e8df2","sellTxId":"2b4e689b5b7b8ba0c60591e1c37a21decdc21f30"}
{"index": {"_index":"leo","_id":"1689715"}}
	{"id":1689715,"type":"buy","buyer":"globalcurrencies","seller":"enginemaker","symbol":"LEO","quantity":"483.271","price":"0.28198000","timestamp":1634059743,"volume":"136.27275658","buyTxId":"e278113f678437b3d8a0bb7a50e0ab85d80e8df2","sellTxId":"MM-P-11233103-58218215-3-1-0"}
{"index": {"_index":"leo","_id":"1689716"}}
	{"id":1689716,"type":"buy","buyer":"globalcurrencies","seller":"leomaker","symbol":"LEO","quantity":"0.491","price":"0.28198900","timestamp":1634059743,"volume":"0.13845660","buyTxId":"e278113f678437b3d8a0bb7a50e0ab85d80e8df2","sellTxId":"a9e0b5e1d50a83b6e578eb2e09f80df69e4f3ba1"}
{"index": {"_index":"leo","_id":"1689717"}}
	{"id":1689717,"type":"buy","buyer":"globalcurrencies","seller":"leomaker","symbol":"LEO","quantity":"549.964","price":"0.28200000","timestamp":1634059743,"volume":"155.08984800","buyTxId":"e278113f678437b3d8a0bb7a50e0ab85d80e8df2","sellTxId":"ca789e78b84d7907bb1cb250ddd2f7139fef34a1"}
{"index": {"_index":"leo","_id":"1689718"}}
	{"id":1689718,"type":"buy","buyer":"globalcurrencies","seller":"apoloo1","symbol":"LEO","quantity":"0.426","price":"0.28200000","timestamp":1634059743,"volume":"0.12013200","buyTxId":"e278113f678437b3d8a0bb7a50e0ab85d80e8df2","sellTxId":"2a037f4db33c0f203532aeb0c06064b2111d962f"}
{"index": {"_index":"leo","_id":"1689719"}}
	{"id":1689719,"type":"buy","buyer":"globalcurrencies","seller":"ganjafarmer","symbol":"LEO","quantity":"0.901","price":"0.28382132","timestamp":1634059743,"volume":"0.25572301","buyTxId":"e278113f678437b3d8a0bb7a50e0ab85d80e8df2","sellTxId":"61b6c5f376044196a978e00a787540809f6e75bd"}
{"index": {"_index":"leo","_id":"1689720"}}
	{"id":1689720,"type":"buy","buyer":"globalcurrencies","seller":"archon-drips","symbol":"LEO","quantity":"0.002","price":"0.28382132","timestamp":1634059743,"volume":"0.00056764","buyTxId":"e278113f678437b3d8a0bb7a50e0ab85d80e8df2","sellTxId":"c2a63f604bc43e97270c6c212c6358fa8db7d657"}
{"index": {"_index":"leo","_id":"1689721"}}
	{"id":1689721,"type":"buy","buyer":"globalcurrencies","seller":"ctpsb","symbol":"LEO","quantity":"3.775","price":"0.28383133","timestamp":1634059743,"volume":"1.07146327","buyTxId":"e278113f678437b3d8a0bb7a50e0ab85d80e8df2","sellTxId":"716aa31adf1f8d21b129066cd1633d05886b4589"}
{"index": {"_index":"leo","_id":"1689722"}}
	{"id":1689722,"type":"buy","buyer":"globalcurrencies","seller":"ripazha","symbol":"LEO","quantity":"155.305","price":"0.28385133","timestamp":1634059743,"volume":"44.08353081","buyTxId":"e278113f678437b3d8a0bb7a50e0ab85d80e8df2","sellTxId":"67c3e5ce1c150cf3fb7f99f3542216a6a4e410a8-2"}
{"index": {"_index":"leo","_id":"1689734"}}
	{"id":1689734,"type":"sell","buyer":"pi-trader","seller":"cccf","symbol":"LEO","quantity":"3.020","price":"0.26100005","timestamp":1634059890,"volume":"0.78822015","buyTxId":"801c1fe44ea191f0a085c9928bb7233f73f591b8-3","sellTxId":"24613089eb19e534a6c11ff9945b5df7be90aa33"}
{"index": {"_index":"leo","_id":"1689740"}}
	{"id":1689740,"type":"buy","buyer":"globalcurrencies","seller":"leomaker","symbol":"LEO","quantity":"0.384","price":"0.28384000","timestamp":1634059974,"volume":"0.10899456","buyTxId":"81c3350edf405d6fdd89b68c30b46c345f16c3e3","sellTxId":"9b6c51693c1d3c585b834a59e1ea81d95a838dc2"}
{"index": {"_index":"leo","_id":"1689741"}}
	{"id":1689741,"type":"buy","buyer":"globalcurrencies","seller":"enginemaker","symbol":"LEO","quantity":"500.000","price":"0.28384133","timestamp":1634059974,"volume":"141.92066500","buyTxId":"81c3350edf405d6fdd89b68c30b46c345f16c3e3","sellTxId":"MM-P-11241683-58226798-3-1-0"}
{"index": {"_index":"leo","_id":"1689742"}}
	{"id":1689742,"type":"buy","buyer":"globalcurrencies","seller":"ripazha","symbol":"LEO","quantity":"296.797","price":"0.28385133","timestamp":1634059974,"volume":"84.24622319","buyTxId":"81c3350edf405d6fdd89b68c30b46c345f16c3e3","sellTxId":"67c3e5ce1c150cf3fb7f99f3542216a6a4e410a8-2"}
{"index": {"_index":"leo","_id":"1689743"}}
	{"id":1689743,"type":"buy","buyer":"globalcurrencies","seller":"ctpsb","symbol":"LEO","quantity":"1.679","price":"0.28398154","timestamp":1634059974,"volume":"0.47680501","buyTxId":"81c3350edf405d6fdd89b68c30b46c345f16c3e3","sellTxId":"bd47a8cd2b268f42ff5b33a0c61711045ecc458e"}
{"index": {"_index":"leo","_id":"1689744"}}
	{"id":1689744,"type":"sell","buyer":"globalcurrencies","seller":"konvik","symbol":"LEO","quantity":"200.940","price":"0.28398154","timestamp":1634059977,"volume":"57.06325065","buyTxId":"81c3350edf405d6fdd89b68c30b46c345f16c3e3","sellTxId":"f9b6c1877225c8617b5bcf8ff1458aada96832dc-1"}
{"index": {"_index":"leo","_id":"1689745"}}
	{"id":1689745,"type":"sell","buyer":"globalcurrencies","seller":"genet","symbol":"LEO","quantity":"0.200","price":"0.28398154","timestamp":1634059977,"volume":"0.05679631","buyTxId":"81c3350edf405d6fdd89b68c30b46c345f16c3e3","sellTxId":"7ab545b4ccebe39e2ca2d48c612ceb330ca7e5ae-1"}
{"index": {"_index":"leo","_id":"1689747"}}
	{"id":1689747,"type":"sell","buyer":"globalcurrencies","seller":"svirus","symbol":"LEO","quantity":"500.000","price":"0.28562800","timestamp":1634060049,"volume":"142.81400000","buyTxId":"72245858df7086fd056ac6e3f1c71e3a0ad82fee","sellTxId":"e0ec09c18b905e4a8b758f496f3e28fccf7f146a-1"}
{"index": {"_index":"leo","_id":"1689750"}}
	{"id":1689750,"type":"sell","buyer":"pi-trader","seller":"pharaoh1","symbol":"LEO","quantity":"0.227","price":"0.26100005","timestamp":1634060100,"volume":"0.05924701","buyTxId":"b8e513d88c64f9fc53e96e63227c9e3279bc7d3b-3","sellTxId":"5457a6223e9ec410e28d2a6169f1b8d5b9d18561"}
{"index": {"_index":"leo","_id":"1689825"}}
	{"id":1689825,"type":"buy","buyer":"walterjay","seller":"beco132","symbol":"LEO","quantity":"7.369","price":"0.29062800","timestamp":1634060808,"volume":"2.14163773","buyTxId":"5cdfd83edc4fa296537261d65eabf5eeaba86df3","sellTxId":"56cf14fa51558c468a2891da165a4925c7ece678"}
{"index": {"_index":"leo","_id":"1689826"}}
	{"id":1689826,"type":"buy","buyer":"walterjay","seller":"leomaker","symbol":"LEO","quantity":"0.372","price":"0.29999900","timestamp":1634060808,"volume":"0.11159963","buyTxId":"5cdfd83edc4fa296537261d65eabf5eeaba86df3","sellTxId":"b164e86c24a8a4681fdfefd1ad4cf8ea9705526c"}
{"index": {"_index":"leo","_id":"1689827"}}
	{"id":1689827,"type":"buy","buyer":"walterjay","seller":"forexbrokr","symbol":"LEO","quantity":"87.000","price":"0.30000000","timestamp":1634060808,"volume":"26.10000000","buyTxId":"5cdfd83edc4fa296537261d65eabf5eeaba86df3","sellTxId":"46830184e74d69648a31d893eeaa1455fc05e417"}
{"index": {"_index":"leo","_id":"1689828"}}
	{"id":1689828,"type":"buy","buyer":"walterjay","seller":"beco132","symbol":"LEO","quantity":"4.697","price":"0.30505200","timestamp":1634060808,"volume":"1.43282924","buyTxId":"5cdfd83edc4fa296537261d65eabf5eeaba86df3","sellTxId":"3f8abbbf6fe07c2815560f24c508ef947902a95d"}
{"index": {"_index":"leo","_id":"1689829"}}
	{"id":1689829,"type":"buy","buyer":"walterjay","seller":"gracefieldhub","symbol":"LEO","quantity":"35.097","price":"0.33000000","timestamp":1634060808,"volume":"11.58201000","buyTxId":"5cdfd83edc4fa296537261d65eabf5eeaba86df3","sellTxId":"d3dde2212b03669cb46158263ccf46a49720ee63"}
{"index": {"_index":"leo","_id":"1689830"}}
	{"id":1689830,"type":"buy","buyer":"walterjay","seller":"accelerator","symbol":"LEO","quantity":"6.390","price":"0.34500000","timestamp":1634060808,"volume":"2.20455000","buyTxId":"5cdfd83edc4fa296537261d65eabf5eeaba86df3","sellTxId":"0e95eb67ee72f55ab7b9f6b08d121577c5bc0001"}
{"index": {"_index":"leo","_id":"1689831"}}
	{"id":1689831,"type":"buy","buyer":"walterjay","seller":"beco132","symbol":"LEO","quantity":"4.311","price":"0.35716800","timestamp":1634060808,"volume":"1.53975125","buyTxId":"5cdfd83edc4fa296537261d65eabf5eeaba86df3","sellTxId":"fa269936ce84111586593f37a244d9c82b819a57"}
{"index": {"_index":"leo","_id":"1689832"}}
	{"id":1689832,"type":"buy","buyer":"walterjay","seller":"enginemaker","symbol":"LEO","quantity":"354.764","price":"0.35799000","timestamp":1634060808,"volume":"127.00196436","buyTxId":"5cdfd83edc4fa296537261d65eabf5eeaba86df3","sellTxId":"MM-P-11241783-58226898-3-1-0"}
{"index": {"_index":"leo","_id":"1689871"}}
	{"id":1689871,"type":"sell","buyer":"pi-trader","seller":"cosmictriage","symbol":"LEO","quantity":"0.003","price":"0.26100008","timestamp":1634061372,"volume":"0.00078300","buyTxId":"3dcb86bf4ae32e171aeb72876c63e07552cb55e6-1","sellTxId":"d520db39d89fec4a6e0efaf6d4f9e079ac910bd2"}
{"index": {"_index":"leo","_id":"1689880"}}
	{"id":1689880,"type":"buy","buyer":"peerfinance","seller":"leomaker","symbol":"LEO","quantity":"0.361","price":"0.35798900","timestamp":1634061510,"volume":"0.12923403","buyTxId":"65a1d63b16851656e402f738f85c6e6e117fed86","sellTxId":"87cb49ec4f9bbe18fc67edaabc4ed2119ada1816"}
{"index": {"_index":"leo","_id":"1689881"}}
	{"id":1689881,"type":"buy","buyer":"peerfinance","seller":"enginemaker","symbol":"LEO","quantity":"1.279","price":"0.35799000","timestamp":1634061510,"volume":"0.45786921","buyTxId":"65a1d63b16851656e402f738f85c6e6e117fed86","sellTxId":"MM-P-11241783-58226898-3-1-0"}
{"index": {"_index":"leo","_id":"1689908"}}
	{"id":1689908,"type":"sell","buyer":"solovey6o2","seller":"stickupofficial1","symbol":"LEO","quantity":"0.276","price":"0.26100004","timestamp":1634061849,"volume":"0.07203601","buyTxId":"767ad6a76b83c64fae58175e42c0838428b80b60","sellTxId":"27484f71ba9929c3789937fa6b03f3d8d210ffbb"}
{"index": {"_index":"leo","_id":"1689969"}}
	{"id":1689969,"type":"buy","buyer":"diverse","seller":"stayoutoftherz","symbol":"LEO","quantity":"7.800","price":"0.35700000","timestamp":1634062506,"volume":"2.78460000","buyTxId":"0d34fa044d9506d8330b6a45b242c96e53587f4d","sellTxId":"d850d0996b4b8760e5e55d80326a7b25a1a6b5cb"}
{"index": {"_index":"leo","_id":"1689975"}}
	{"id":1689975,"type":"buy","buyer":"diverse","seller":"leomaker","symbol":"LEO","quantity":"0.348","price":"0.35798900","timestamp":1634062584,"volume":"0.12458017","buyTxId":"1263a78f6d9e9dd5d5f025b01e3844e32a2d508a","sellTxId":"2ea67c74a4fbc0ef82f2c7344e81b1df0867b288"}
{"index": {"_index":"leo","_id":"1689976"}}
	{"id":1689976,"type":"buy","buyer":"diverse","seller":"enginemaker","symbol":"LEO","quantity":"3.202","price":"0.35799000","timestamp":1634062584,"volume":"1.14628398","buyTxId":"1263a78f6d9e9dd5d5f025b01e3844e32a2d508a","sellTxId":"MM-P-11241783-58226898-3-1-0"}
{"index": {"_index":"leo","_id":"1690025"}}
	{"id":1690025,"type":"sell","buyer":"solovey6o2","seller":"archon-drips","symbol":"LEO","quantity":"0.002","price":"0.26100007","timestamp":1634063118,"volume":"0.00052200","buyTxId":"2dd81c558b3d932fe2b8a632347b526a4204ef08","sellTxId":"2d62aa06f6825cd4823b0b4a9ba9348a0872d3f0"}
{"index": {"_index":"leo","_id":"1690070"}}
	{"id":1690070,"type":"sell","buyer":"pi-trader","seller":"lifeskills-tv","symbol":"LEO","quantity":"9.598","price":"0.26107307","timestamp":1634063916,"volume":"2.50577933","buyTxId":"4e219c666013ebc712dcb3794996e0f8d0257358-5","sellTxId":"013c0b2e84a128e5d78397dca780e06882faacf5"}
{"index": {"_index":"leo","_id":"1690128"}}
	{"id":1690128,"type":"sell","buyer":"pi-trader","seller":"jjprac","symbol":"LEO","quantity":"15.775","price":"0.26107307","timestamp":1634064729,"volume":"4.11842768","buyTxId":"146cd18a382fc8c168ca85ec2352d8d9f062b910-3","sellTxId":"7bf9b6956c21e6c4b0bcea3f7e00eec30f048dbd"}
{"index": {"_index":"leo","_id":"1690156"}}
	{"id":1690156,"type":"sell","buyer":"solovey6o2","seller":"magnacarta","symbol":"LEO","quantity":"0.389","price":"0.26107303","timestamp":1634065209,"volume":"0.10155741","buyTxId":"c603b00de20995d71b74531d55b1dd41137553cc","sellTxId":"6036d22ab8b64efaf1a04f81b7e36363ecefd280"}
{"index": {"_index":"leo","_id":"1690325"}}
	{"id":1690325,"type":"buy","buyer":"nyxlabs","seller":"leomaker","symbol":"LEO","quantity":"0.325","price":"0.35699900","timestamp":1634067921,"volume":"0.11602468","buyTxId":"a7cde66e9c57c495e15907272677f3e1b57e9a79","sellTxId":"e21aba51be4366ad2250e6c9b662b1518d70eab8"}
{"index": {"_index":"leo","_id":"1690326"}}
	{"id":1690326,"type":"buy","buyer":"nyxlabs","seller":"lallo","symbol":"LEO","quantity":"17.000","price":"0.35700000","timestamp":1634067921,"volume":"6.06900000","buyTxId":"a7cde66e9c57c495e15907272677f3e1b57e9a79","sellTxId":"1bf9fc39f6aa57d95015d4ec38805c039e253276"}
{"index": {"_index":"leo","_id":"1690327"}}
	{"id":1690327,"type":"sell","buyer":"nyxlabs","seller":"genet","symbol":"LEO","quantity":"2.675","price":"0.35700000","timestamp":1634067924,"volume":"0.95497500","buyTxId":"a7cde66e9c57c495e15907272677f3e1b57e9a79","sellTxId":"0512e49b28c0cbbbe13f48f115e653363b729050-1"}
{"index": {"_index":"leo","_id":"1690330"}}
	{"id":1690330,"type":"sell","buyer":"pi-trader","seller":"acesontop","symbol":"LEO","quantity":"42","price":"0.26107309","timestamp":1634068014,"volume":"10.96506978","buyTxId":"097450653609fd6457ac01dc0b85b5657ca4ffe4-2","sellTxId":"d47b614b136c37b6cc013b604fb98c4b9a0a28cb"}
{"index": {"_index":"leo","_id":"1690331"}}
	{"id":1690331,"type":"buy","buyer":"peerfinance","seller":"leomaker","symbol":"LEO","quantity":"0.336","price":"0.35798900","timestamp":1634068023,"volume":"0.12028430","buyTxId":"02b43e3d7ea44bf456b1eb3a16f2fb7d0f905c90","sellTxId":"5bbf032c7423b238ccc7cdba28cfb40361f58fcb"}
{"index": {"_index":"leo","_id":"1690332"}}
	{"id":1690332,"type":"buy","buyer":"peerfinance","seller":"archon-drips","symbol":"LEO","quantity":"0.002","price":"0.35798900","timestamp":1634068023,"volume":"0.00071598","buyTxId":"02b43e3d7ea44bf456b1eb3a16f2fb7d0f905c90","sellTxId":"b3d4f4093a3c460dc4fe653fae246e6d5d3d7c66"}
{"index": {"_index":"leo","_id":"1690333"}}
	{"id":1690333,"type":"buy","buyer":"peerfinance","seller":"enginemaker","symbol":"LEO","quantity":"118.542","price":"0.35799000","timestamp":1634068023,"volume":"42.43685058","buyTxId":"02b43e3d7ea44bf456b1eb3a16f2fb7d0f905c90","sellTxId":"MM-P-11241783-58226898-3-1-0"}
{"index": {"_index":"leo","_id":"1690345"}}
	{"id":1690345,"type":"sell","buyer":"pi-trader","seller":"tommyl33","symbol":"LEO","quantity":"6.775","price":"0.26107309","timestamp":1634068281,"volume":"1.76877018","buyTxId":"51ac8d8155100181e27f149cf0c372b838234d0d-2","sellTxId":"3d8d05e57d7f77ad8410642a66eba4ae93d5721e"}
{"index": {"_index":"leo","_id":"1690348"}}
	{"id":1690348,"type":"sell","buyer":"solovey6o2","seller":"ironshield","symbol":"LEO","quantity":"13.115","price":"0.26107311","timestamp":1634068362,"volume":"3.42397384","buyTxId":"c7176d572d3a549160b5ab6f94fa974ad6045b30","sellTxId":"c139a910b9c6461d3c38a48b58c687f8fb643f16"}
{"index": {"_index":"leo","_id":"1690410"}}
	{"id":1690410,"type":"sell","buyer":"pi-trader","seller":"revise.leo","symbol":"LEO","quantity":"30.000","price":"0.26107312","timestamp":1634069319,"volume":"7.83219360","buyTxId":"749db06e840f7e6a0832a6f0779dbe5d75db808d-1","sellTxId":"8fb7448e9f8e49ed6b15ee9178ee87849244ceff"}
{"index": {"_index":"leo","_id":"1690413"}}
	{"id":1690413,"type":"sell","buyer":"pi-trader","seller":"brofi-market","symbol":"LEO","quantity":"1.145","price":"0.26107309","timestamp":1634069370,"volume":"0.29892869","buyTxId":"996c514768575dd04c77844ba12c321eee2ecbc3-4","sellTxId":"c75c687f4fbfca66ca7f2e902a1aab987fe27ae1"}
{"index": {"_index":"leo","_id":"1690418"}}
	{"id":1690418,"type":"buy","buyer":"seckorama","seller":"leomaker","symbol":"LEO","quantity":"0.304","price":"0.35798900","timestamp":1634069403,"volume":"0.10882866","buyTxId":"e93450dde11d84a4f7168777eeea815fde842a1a","sellTxId":"90648c37c27d6c875fcab11d4b9cfa29c034193a"}
{"index": {"_index":"leo","_id":"1690419"}}
	{"id":1690419,"type":"buy","buyer":"seckorama","seller":"brofi-market","symbol":"LEO","quantity":"1.145","price":"0.35798900","timestamp":1634069403,"volume":"0.40989741","buyTxId":"e93450dde11d84a4f7168777eeea815fde842a1a","sellTxId":"0373e4c791ad072ae2d2bcc5f334acc9e3d64afd"}
{"index": {"_index":"leo","_id":"1690420"}}
	{"id":1690420,"type":"buy","buyer":"seckorama","seller":"enginemaker","symbol":"LEO","quantity":"1.551","price":"0.35799000","timestamp":1634069403,"volume":"0.55524249","buyTxId":"e93450dde11d84a4f7168777eeea815fde842a1a","sellTxId":"MM-P-11241783-58226898-3-1-0"}
{"index": {"_index":"leo","_id":"1690508"}}
	{"id":1690508,"type":"sell","buyer":"pi-trader","seller":"archon-drips","symbol":"LEO","quantity":"0.001","price":"0.29211701","timestamp":1634070318,"volume":"0.00029212","buyTxId":"6458cc7353baba4b06c0b97b64931323fc3a5ab6-3","sellTxId":"acba81a75f46ec559a9931ee4236fa37bb695c3c"}
{"index": {"_index":"leo","_id":"1690513"}}
	{"id":1690513,"type":"sell","buyer":"pi-trader","seller":"readthisplease","symbol":"LEO","quantity":"10.000","price":"0.29211701","timestamp":1634070369,"volume":"2.92117010","buyTxId":"1b5113682b9429b358b022329a6953255184f3bb-3","sellTxId":"d50e1a9b93375a8df6904b85b7c25c454a580484"}
{"index": {"_index":"leo","_id":"1690546"}}
	{"id":1690546,"type":"buy","buyer":"genet","seller":"nuthman","symbol":"LEO","quantity":"0.992","price":"0.29212000","timestamp":1634070786,"volume":"0.28978304","buyTxId":"3df746d418094c6414178a2a4842be28f24a2200-0","sellTxId":"dd7ee8dc979b069ffe849d3b9f2b9569b45c9c74"}
{"index": {"_index":"leo","_id":"1690586"}}
	{"id":1690586,"type":"sell","buyer":"solovey6o2","seller":"jk6276","symbol":"LEO","quantity":"30.042","price":"0.29211706","timestamp":1634071350,"volume":"8.77578072","buyTxId":"c608d225ef5ade041ab7572592180bdd92042ef4","sellTxId":"1fda7b29f709326dbb5de9d8dd3ceb0b124fb806"}
{"index": {"_index":"leo","_id":"1690798"}}
	{"id":1690798,"type":"sell","buyer":"pi-trader","seller":"aotearoa","symbol":"LEO","quantity":"0.012","price":"0.29211704","timestamp":1634074989,"volume":"0.00350540","buyTxId":"ac050078171b8b76c3dfbf96ddaaead81f6eb05d-3","sellTxId":"f7900f4f512d8beb1dbb6b87f9cc0c820a0841fd"}
{"index": {"_index":"leo","_id":"1690819"}}
	{"id":1690819,"type":"buy","buyer":"a1-shroom-spores","seller":"leeyh2","symbol":"LEO","quantity":"11.857","price":"0.30990000","timestamp":1634075229,"volume":"3.67448430","buyTxId":"95f3a2ce76d22e329957c848f089d166a570ce65","sellTxId":"633d26abe889af74b23a18227cc7d6975e693133"}
{"index": {"_index":"leo","_id":"1690820"}}
	{"id":1690820,"type":"buy","buyer":"a1-shroom-spores","seller":"pfwaus","symbol":"LEO","quantity":"4.147","price":"0.31000000","timestamp":1634075277,"volume":"1.28557000","buyTxId":"3e899c1a337b938310429f449b4a85cc3d2f5650","sellTxId":"4c9a524e83073810ce7144a0907abc4f68a126f1"}
{"index": {"_index":"leo","_id":"1690882"}}
	{"id":1690882,"type":"sell","buyer":"a1-shroom-spores","seller":"opinizeunltd","symbol":"LEO","quantity":"0.053","price":"0.31000000","timestamp":1634076639,"volume":"0.01643000","buyTxId":"3e899c1a337b938310429f449b4a85cc3d2f5650","sellTxId":"735fcb461692f72cdc17533887ef05e460ad8931"}
{"index": {"_index":"leo","_id":"1690967"}}
	{"id":1690967,"type":"buy","buyer":"svirus","seller":"xawi","symbol":"LEO","quantity":"29.210","price":"0.29211707","timestamp":1634078586,"volume":"8.53273961","buyTxId":"a5c37fdc33b783d1f9efac3f1d9240d8ca8f2c6c-0","sellTxId":"6a3766a5e3741f45ea11a5e90982f3c9c7a81f34"}
{"index": {"_index":"leo","_id":"1690968"}}
	{"id":1690968,"type":"buy","buyer":"konvik","seller":"xawi","symbol":"LEO","quantity":"0.007","price":"0.29211707","timestamp":1634078586,"volume":"0.00204482","buyTxId":"f076db1ab08da3b72eb0b5f74d62b54629b56b47-0","sellTxId":"6a3766a5e3741f45ea11a5e90982f3c9c7a81f34"}
{"index": {"_index":"leo","_id":"1690969"}}
	{"id":1690969,"type":"sell","buyer":"konvik","seller":"jhonasanagon","symbol":"LEO","quantity":"2.212","price":"0.29211707","timestamp":1634078589,"volume":"0.64616296","buyTxId":"f076db1ab08da3b72eb0b5f74d62b54629b56b47-0","sellTxId":"966fac5fea41af708759242d0f853d201dce6ab3"}
{"index": {"_index":"leo","_id":"1691009"}}
	{"id":1691009,"type":"sell","buyer":"pi-trader","seller":"captaincryptic","symbol":"LEO","quantity":"2.195","price":"0.29211704","timestamp":1634079318,"volume":"0.64119690","buyTxId":"2755edfd5e4b2b20e829a6503c7678910a4d9b92-1","sellTxId":"3efea78971d8fb06968957c5cf71e5452c85cd1b"}
{"index": {"_index":"leo","_id":"1691012"}}
	{"id":1691012,"type":"sell","buyer":"solovey6o2","seller":"brettpullen","symbol":"LEO","quantity":"95.658","price":"0.29211706","timestamp":1634079375,"volume":"27.94333373","buyTxId":"c2955067bdf37f7fa4b6aee1637890adf311f0dc","sellTxId":"62351bca2926d346bdc21a757b322ac798a21ce3"}
{"index": {"_index":"leo","_id":"1691013"}}
	{"id":1691013,"type":"buy","buyer":"konvik","seller":"brettpullen","symbol":"LEO","quantity":"204.342","price":"0.29211704","timestamp":1634079378,"volume":"59.69178019","buyTxId":"f8b3d172b877e376365c74d56485b09422e017ba-0","sellTxId":"62351bca2926d346bdc21a757b322ac798a21ce3"}
{"index": {"_index":"leo","_id":"1691015"}}
	{"id":1691015,"type":"buy","buyer":"svirus","seller":"brettpullen","symbol":"LEO","quantity":"204.340","price":"0.29211704","timestamp":1634079411,"volume":"59.69119595","buyTxId":"b996d69cb34ab68b9bcd976e294251a4ca071b42-0","sellTxId":"edac3f0961ca33753e89868f6bb5d4d820361d28"}
{"index": {"_index":"leo","_id":"1691016"}}
	{"id":1691016,"type":"buy","buyer":"konvik","seller":"brettpullen","symbol":"LEO","quantity":"0.004","price":"0.29211704","timestamp":1634079411,"volume":"0.00116847","buyTxId":"87f48d32412acc72705da97abbf7b11b4b6e532a-0","sellTxId":"edac3f0961ca33753e89868f6bb5d4d820361d28"}
{"index": {"_index":"leo","_id":"1691028"}}
	{"id":1691028,"type":"buy","buyer":"svirus","seller":"brettpullen","symbol":"LEO","quantity":"408.680","price":"0.29211704","timestamp":1634079711,"volume":"119.38239191","buyTxId":"9c546acee23601584cebd1fbd215fb83ab1f4b6d-0","sellTxId":"4a742201423932921ab44277ab45ad681e915d42"}
{"index": {"_index":"leo","_id":"1691029"}}
	{"id":1691029,"type":"buy","buyer":"konvik","seller":"brettpullen","symbol":"LEO","quantity":"0.006","price":"0.29211704","timestamp":1634079711,"volume":"0.00175270","buyTxId":"9f1dd39d4826af1d43104561748bd1f56f02d6a4-0","sellTxId":"4a742201423932921ab44277ab45ad681e915d42"}
{"index": {"_index":"leo","_id":"1691045"}}
	{"id":1691045,"type":"sell","buyer":"pi-trader","seller":"brettpullen","symbol":"LEO","quantity":"300.000","price":"0.29211701","timestamp":1634079822,"volume":"87.63510300","buyTxId":"e54572bab0ee1767f8e7ee5620c2f8261c609b3e-3","sellTxId":"bc83fddd6199d78f2fef82f78d6355db10c1c46f"}
{"index": {"_index":"leo","_id":"1691049"}}
	{"id":1691049,"type":"sell","buyer":"pi-trader","seller":"brettpullen","symbol":"LEO","quantity":"1.221","price":"0.29211701","timestamp":1634079864,"volume":"0.35667487","buyTxId":"ae16c4863fe77318cffb7a43c0cbdad0cf3013cd-1","sellTxId":"6130e5003bb71b07750e96c4bf4061d51b4d2047"}
{"index": {"_index":"leo","_id":"1691056"}}
	{"id":1691056,"type":"sell","buyer":"pi-trader","seller":"brettpullen","symbol":"LEO","quantity":"298.779","price":"0.29211701","timestamp":1634079960,"volume":"87.27842813","buyTxId":"b90d5cf75caf8b16fea71bcf5ea414cb6f8fe6be-4","sellTxId":"064780aabf1fc16cf41f668e58fff16f15b19f96"}
{"index": {"_index":"leo","_id":"1691114"}}
	{"id":1691114,"type":"sell","buyer":"pi-trader","seller":"alinalazareva","symbol":"LEO","quantity":"0.087","price":"0.29211701","timestamp":1634080563,"volume":"0.02541418","buyTxId":"47c9225271fa758f4499f1946e5fdda841a73c59-5","sellTxId":"890852b385e680b32f7650faf23f8f69127c7fd7"}
{"index": {"_index":"leo","_id":"1691135"}}
	{"id":1691135,"type":"buy","buyer":"justinparke","seller":"opinizeunltd","symbol":"LEO","quantity":"0.557","price":"0.31000000","timestamp":1634080815,"volume":"0.17267000","buyTxId":"3f3416e494894218bf7b796accc2a5acd55f2158","sellTxId":"735fcb461692f72cdc17533887ef05e460ad8931"}
{"index": {"_index":"leo","_id":"1691136"}}
	{"id":1691136,"type":"buy","buyer":"justinparke","seller":"beco132","symbol":"LEO","quantity":"4.523","price":"0.32179700","timestamp":1634080815,"volume":"1.45548783","buyTxId":"3f3416e494894218bf7b796accc2a5acd55f2158","sellTxId":"653ab85466a2d55055616a786a6f7360ba7ca5ad"}
{"index": {"_index":"leo","_id":"1691137"}}
	{"id":1691137,"type":"buy","buyer":"justinparke","seller":"archon-drips","symbol":"LEO","quantity":"0.001","price":"0.32179700","timestamp":1634080815,"volume":"0.00032180","buyTxId":"3f3416e494894218bf7b796accc2a5acd55f2158","sellTxId":"c2fe253eb7a30b15e15ce9741e508185972ea7e3"}
{"index": {"_index":"leo","_id":"1691138"}}
	{"id":1691138,"type":"buy","buyer":"justinparke","seller":"leomaker","symbol":"LEO","quantity":"0.294","price":"0.35798900","timestamp":1634080815,"volume":"0.10524877","buyTxId":"3f3416e494894218bf7b796accc2a5acd55f2158","sellTxId":"9093272c4562b72967b335332249710008827290"}
{"index": {"_index":"leo","_id":"1691139"}}
	{"id":1691139,"type":"buy","buyer":"justinparke","seller":"enginemaker","symbol":"LEO","quantity":"20.662","price":"0.35799000","timestamp":1634080815,"volume":"7.39678938","buyTxId":"3f3416e494894218bf7b796accc2a5acd55f2158","sellTxId":"MM-P-11241783-58226898-3-1-0"}
{"index": {"_index":"leo","_id":"1691140"}}
	{"id":1691140,"type":"buy","buyer":"justinparke","seller":"solovey6o2","symbol":"LEO","quantity":"43.823","price":"0.35799998","timestamp":1634080815,"volume":"15.68863312","buyTxId":"3f3416e494894218bf7b796accc2a5acd55f2158","sellTxId":"24a659c7edf78fa281bf3d8239865f81e8225adc"}
{"index": {"_index":"leo","_id":"1691141"}}
	{"id":1691141,"type":"buy","buyer":"justinparke","seller":"solovey6o2","symbol":"LEO","quantity":"95.659","price":"0.35799998","timestamp":1634080815,"volume":"34.24592009","buyTxId":"3f3416e494894218bf7b796accc2a5acd55f2158","sellTxId":"b80ca81be7c7709d23bb9713642c73db1ba83099"}
{"index": {"_index":"leo","_id":"1691142"}}
	{"id":1691142,"type":"buy","buyer":"justinparke","seller":"leomaker","symbol":"LEO","quantity":"8.229","price":"0.35800000","timestamp":1634080815,"volume":"2.94610288","buyTxId":"3f3416e494894218bf7b796accc2a5acd55f2158","sellTxId":"ecb1bd73e2ed66c00f5140a2f6ed3b7a3e8c2e5c"}
{"index": {"_index":"leo","_id":"1691290"}}
	{"id":1691290,"type":"buy","buyer":"manniman","seller":"leomaker","symbol":"LEO","quantity":"0.464","price":"0.35798900","timestamp":1634083590,"volume":"0.16610690","buyTxId":"67eaeba8742b600d27ddf91b5c44424e246219fa","sellTxId":"4154b78b68ab5ba73d35fc048d6a162ed5e90337"}
{"index": {"_index":"leo","_id":"1691291"}}
	{"id":1691291,"type":"buy","buyer":"manniman","seller":"enginemaker","symbol":"LEO","quantity":"99.536","price":"0.35799000","timestamp":1634083590,"volume":"35.63289264","buyTxId":"67eaeba8742b600d27ddf91b5c44424e246219fa","sellTxId":"MM-P-11248669-58233786-3-1-0"}
{"index": {"_index":"leo","_id":"1691308"}}
	{"id":1691308,"type":"sell","buyer":"pi-trader","seller":"brofi-market","symbol":"LEO","quantity":"0.251","price":"0.29211704","timestamp":1634083803,"volume":"0.07332138","buyTxId":"49c0960cc9d142a32425f70ae4307dffec2cf529-4","sellTxId":"534cdcc54e9978b31c44408b4078d1d38ca78724"}
{"index": {"_index":"leo","_id":"1691374"}}
	{"id":1691374,"type":"sell","buyer":"pi-trader","seller":"matrixspinor","symbol":"LEO","quantity":"0.821","price":"0.29211704","timestamp":1634084958,"volume":"0.23982809","buyTxId":"f847d8f50ca47e8ffe14a912d147f14796cb5951-3","sellTxId":"86de32273b26203e96c991b4af88c02c27e1c154"}
{"index": {"_index":"leo","_id":"1691474"}}
	{"id":1691474,"type":"sell","buyer":"pi-trader","seller":"travelwritemoney","symbol":"LEO","quantity":"0.694","price":"0.29211707","timestamp":1634086392,"volume":"0.20272925","buyTxId":"72e312350e473b154664f91ff0b7f430581f2c17-3","sellTxId":"7853006885dee811a6e6b51b8c785a859196c0c9"}
{"index": {"_index":"leo","_id":"1691537"}}
	{"id":1691537,"type":"buy","buyer":"pi-trader","seller":"paulmoon410","symbol":"LEO","quantity":"0.793","price":"0.29211707","timestamp":1634087295,"volume":"0.23164884","buyTxId":"0c255308f1aae33bb9362d860d8c44352c30299e-4","sellTxId":"d17208e3404d37e305870ab01b816362605e8e6e"}
{"index": {"_index":"leo","_id":"1691551"}}
	{"id":1691551,"type":"sell","buyer":"pi-trader","seller":"quinnertronics","symbol":"LEO","quantity":"0.756","price":"0.29211704","timestamp":1634087634,"volume":"0.22084048","buyTxId":"56e9d9a0e9b2349cd1eee32be3be6ac3996f8925-5","sellTxId":"1555d8b40d86dd0814c76dfbd05d57933de1b8eb"}
{"index": {"_index":"leo","_id":"1691676"}}
	{"id":1691676,"type":"sell","buyer":"coininstant","seller":"magnacarta","symbol":"LEO","quantity":"0.001","price":"0.29213000","timestamp":1634090760,"volume":"0.00029213","buyTxId":"0b528c50c9ff5f2869f2030990d22506e8a9983a","sellTxId":"41572e740e6993ebb8c85409d583a367d9bfaca7"}
{"index": {"_index":"leo","_id":"1691677"}}
	{"id":1691677,"type":"sell","buyer":"pi-trader","seller":"magnacarta","symbol":"LEO","quantity":"0.073","price":"0.29211704","timestamp":1634090760,"volume":"0.02132454","buyTxId":"43f9800fd66f605b6c06d5a4bb26668be189c065-1","sellTxId":"41572e740e6993ebb8c85409d583a367d9bfaca7"}
{"index": {"_index":"leo","_id":"1691681"}}
	{"id":1691681,"type":"sell","buyer":"pi-trader","seller":"magnacarta","symbol":"LEO","quantity":"3.424","price":"0.29211701","timestamp":1634090856,"volume":"1.00020864","buyTxId":"31d5a712b80632b224c6e2796cb2edd24a69075f-1","sellTxId":"99b3f35a18dac205322ab3cec90563db972416e2"}
{"index": {"_index":"leo","_id":"1691682"}}
	{"id":1691682,"type":"sell","buyer":"pi-trader","seller":"magnacarta","symbol":"LEO","quantity":"0.576","price":"0.29211707","timestamp":1634090916,"volume":"0.16825943","buyTxId":"ad8916452d4ca7cf9942f4c409410f6837a6677d-1","sellTxId":"b29432676d25b09196458e01e0bfd3ab1c6ad6f8"}
{"index": {"_index":"leo","_id":"1691736"}}
	{"id":1691736,"type":"sell","buyer":"solovey6o2","seller":"eythorphoto","symbol":"LEO","quantity":"0.066","price":"0.29211706","timestamp":1634092284,"volume":"0.01927973","buyTxId":"ee040dffe6cc59f86a4af65f5c449bb2495e2fd4","sellTxId":"3e3b1f8e9abcc4bc8f98c27dcb8a7c7367cc343a"}
