{"index": {"_index":"leo","_id":"1440672"}}
	{"id":1440672,"type":"buy","buyer":"nedsaying123","seller":"freebornsociety","symbol":"LEO","quantity":"15.694","price":"0.49898800","timestamp":1630205820,"volume":"7.83111767","buyTxId":"84fb774937610c2ad59f7b6efb788e868deed731","sellTxId":"MM-P-9960952-56944557-3-4-0"}
{"index": {"_index":"leo","_id":"1440673"}}
	{"id":1440673,"type":"sell","buyer":"nedsaying123","seller":"konvik","symbol":"LEO","quantity":"100.413","price":"0.49898800","timestamp":1630205823,"volume":"50.10488204","buyTxId":"84fb774937610c2ad59f7b6efb788e868deed731","sellTxId":"cd65af373b8811bf800fff877ad7d9ac744c0063-1"}
{"index": {"_index":"leo","_id":"1440681"}}
	{"id":1440681,"type":"sell","buyer":"nedsaying123","seller":"ackza","symbol":"LEO","quantity":"100.000","price":"0.49898800","timestamp":1630205970,"volume":"49.89880000","buyTxId":"84fb774937610c2ad59f7b6efb788e868deed731","sellTxId":"a7910f93e7a5e8198419f5cf7b8572cd74f2e6f4"}
{"index": {"_index":"leo","_id":"1440800"}}
	{"id":1440800,"type":"buy","buyer":"nedsaying123","seller":"leomaker","symbol":"LEO","quantity":"16.725","price":"0.49908800","timestamp":1630208346,"volume":"8.34724680","buyTxId":"2fcd61089771ac0b349094a8635cd5c7ae1293c5","sellTxId":"2ebb820b8e151796f500b3c9bbb1208d1ca44cef"}
{"index": {"_index":"leo","_id":"1440802"}}
	{"id":1440802,"type":"buy","buyer":"melbourneswest","seller":"leomaker","symbol":"LEO","quantity":"16.646","price":"0.49918900","timestamp":1630208436,"volume":"8.30950009","buyTxId":"5407caf20838fbbc331225e3fca5553ef15f7b6c","sellTxId":"c176da93adb248d07c8d01637b44bb534b5c2753"}
{"index": {"_index":"leo","_id":"1440803"}}
	{"id":1440803,"type":"sell","buyer":"melbourneswest","seller":"brettpullen","symbol":"LEO","quantity":"0.232","price":"0.49918900","timestamp":1630208457,"volume":"0.11581185","buyTxId":"5407caf20838fbbc331225e3fca5553ef15f7b6c","sellTxId":"b952c2709e0541b35e28a9c982875e948590bd70"}
{"index": {"_index":"leo","_id":"1440843"}}
	{"id":1440843,"type":"sell","buyer":"melbourneswest","seller":"brettpullen","symbol":"LEO","quantity":"5.692","price":"0.49918900","timestamp":1630209360,"volume":"2.84138379","buyTxId":"5407caf20838fbbc331225e3fca5553ef15f7b6c","sellTxId":"0cf8f5e44153fc47a90fa1fe3d352d4b3eddf640"}
{"index": {"_index":"leo","_id":"1440845"}}
	{"id":1440845,"type":"sell","buyer":"ripazha","seller":"brettpullen","symbol":"LEO","quantity":"5500.000","price":"0.49908801","timestamp":1630209456,"volume":"2744.98405500","buyTxId":"0ae30b6b4f5170530cd1b84bc78fa84008ce68fc-3","sellTxId":"1502ab6f4305dca6169cbdec2af150623961ea39"}
{"index": {"_index":"leo","_id":"1441183"}}
	{"id":1441183,"type":"sell","buyer":"mmmmkkkk311","seller":"victoriabsb","symbol":"LEO","quantity":"0.404","price":"0.49909801","timestamp":1630217484,"volume":"0.20163560","buyTxId":"MM-P-9964991-56948610-3-17-0","sellTxId":"aea8abda42832345f90fe43ac336007485ce191e"}
{"index": {"_index":"leo","_id":"1441194"}}
	{"id":1441194,"type":"sell","buyer":"mmmmkkkk311","seller":"whickey","symbol":"LEO","quantity":"0.977","price":"0.49909801","timestamp":1630217904,"volume":"0.48761876","buyTxId":"MM-P-9964991-56948610-3-17-0","sellTxId":"0a023a9337367df4bbd60b709eeba0ba4818717c"}
{"index": {"_index":"leo","_id":"1441258"}}
	{"id":1441258,"type":"sell","buyer":"mmmmkkkk311","seller":"trumpman","symbol":"LEO","quantity":"6.500","price":"0.49909801","timestamp":1630218909,"volume":"3.24413707","buyTxId":"MM-P-9964991-56948610-3-17-0","sellTxId":"6dbb618f3fc489fb7144b21f66b9a822608d4d4f"}
{"index": {"_index":"leo","_id":"1441322"}}
	{"id":1441322,"type":"sell","buyer":"mmmmkkkk311","seller":"lammbock","symbol":"LEO","quantity":"2.201","price":"0.49909801","timestamp":1630219923,"volume":"1.09851472","buyTxId":"MM-P-9964991-56948610-3-17-0","sellTxId":"431ea5673040682e04c76ac05a11a8d1444bfb54"}
{"index": {"_index":"leo","_id":"1441330"}}
	{"id":1441330,"type":"buy","buyer":"cwow2","seller":"jelly13","symbol":"LEO","quantity":"6.774","price":"0.49928976","timestamp":1630220073,"volume":"3.38218883","buyTxId":"ce151b723b30407f726360d8a0c0e2f9813653fb","sellTxId":"e7120bfd625a9ab3f4755156ee1f0bbbecf537ae"}
{"index": {"_index":"leo","_id":"1441344"}}
	{"id":1441344,"type":"sell","buyer":"cwow2","seller":"kolbjorn","symbol":"LEO","quantity":"12.659","price":"0.49928976","timestamp":1630220535,"volume":"6.32050907","buyTxId":"ce151b723b30407f726360d8a0c0e2f9813653fb","sellTxId":"1820e42719899998ba965563057e5fac953c8e83"}
{"index": {"_index":"leo","_id":"1441345"}}
	{"id":1441345,"type":"sell","buyer":"mmmmkkkk311","seller":"kolbjorn","symbol":"LEO","quantity":"7.010","price":"0.49909801","timestamp":1630220535,"volume":"3.49867705","buyTxId":"MM-P-9964991-56948610-3-17-0","sellTxId":"1820e42719899998ba965563057e5fac953c8e83"}
{"index": {"_index":"leo","_id":"1441418"}}
	{"id":1441418,"type":"buy","buyer":"anadolu","seller":"leomaker","symbol":"LEO","quantity":"12.946","price":"0.49933900","timestamp":1630222365,"volume":"6.46444269","buyTxId":"ec2fd1fb03becdcc388d3ac01e9990108c59db39","sellTxId":"515280c003531d9a6b615a8b89e3611880e72c8d"}
{"index": {"_index":"leo","_id":"1441419"}}
	{"id":1441419,"type":"buy","buyer":"anadolu","seller":"matheusggr","symbol":"LEO","quantity":"1.621","price":"0.50000000","timestamp":1630222365,"volume":"0.81050000","buyTxId":"ec2fd1fb03becdcc388d3ac01e9990108c59db39","sellTxId":"a867aea8bfa482101eef103e8385a31a9e5aa14c"}
{"index": {"_index":"leo","_id":"1441435"}}
	{"id":1441435,"type":"sell","buyer":"anadolu","seller":"ctpsb","symbol":"LEO","quantity":"19.590","price":"0.50000000","timestamp":1630222818,"volume":"9.79500000","buyTxId":"ec2fd1fb03becdcc388d3ac01e9990108c59db39","sellTxId":"edd39d7d9e19ed747b4c4aef388814fcb2e4facf"}
{"index": {"_index":"leo","_id":"1441512"}}
	{"id":1441512,"type":"sell","buyer":"anadolu","seller":"ctpsb","symbol":"LEO","quantity":"1.002","price":"0.50000000","timestamp":1630224141,"volume":"0.50100000","buyTxId":"ec2fd1fb03becdcc388d3ac01e9990108c59db39","sellTxId":"ac5cbb2e7a135d907d7bfc30e408342ea74149df"}
{"index": {"_index":"leo","_id":"1441537"}}
	{"id":1441537,"type":"sell","buyer":"anadolu","seller":"brofi-market","symbol":"LEO","quantity":"1.600","price":"0.50000000","timestamp":1630224570,"volume":"0.80000000","buyTxId":"ec2fd1fb03becdcc388d3ac01e9990108c59db39","sellTxId":"01da30262855197227fde962d8fe8b5a6cd922aa"}
{"index": {"_index":"leo","_id":"1441553"}}
	{"id":1441553,"type":"buy","buyer":"invest4free","seller":"onealfa.leo","symbol":"LEO","quantity":"18.000","price":"0.50086798","timestamp":1630224837,"volume":"9.01562364","buyTxId":"0824d8a638bf89a3da58563277b75231fe7e0a63","sellTxId":"e05235e0efc97f8caadd620f7d154e1f33831d05"}
{"index": {"_index":"leo","_id":"1441576"}}
	{"id":1441576,"type":"sell","buyer":"anadolu","seller":"barski","symbol":"LEO","quantity":"2.819","price":"0.50000000","timestamp":1630225281,"volume":"1.40950000","buyTxId":"ec2fd1fb03becdcc388d3ac01e9990108c59db39","sellTxId":"d8ffccaf2394a4d3d19a2e87fbe1936c99398dd6"}
{"index": {"_index":"leo","_id":"1441613"}}
	{"id":1441613,"type":"sell","buyer":"anadolu","seller":"empoderat","symbol":"LEO","quantity":"10.422","price":"0.50000000","timestamp":1630225809,"volume":"5.21100000","buyTxId":"ec2fd1fb03becdcc388d3ac01e9990108c59db39","sellTxId":"ca877027e8b7ef00bad2b62361455be3fe67f8b6"}
{"index": {"_index":"leo","_id":"1441614"}}
	{"id":1441614,"type":"sell","buyer":"mmmmkkkk311","seller":"empoderat","symbol":"LEO","quantity":"133.179","price":"0.49909801","timestamp":1630225809,"volume":"66.46937387","buyTxId":"MM-P-9964991-56948610-3-17-0","sellTxId":"ca877027e8b7ef00bad2b62361455be3fe67f8b6"}
{"index": {"_index":"leo","_id":"1441615"}}
	{"id":1441615,"type":"sell","buyer":"he-index","seller":"empoderat","symbol":"LEO","quantity":"0.417","price":"0.49909801","timestamp":1630225809,"volume":"0.20812387","buyTxId":"b6347d48e6b7c9dc0d5391734ee3a93ffc71483f","sellTxId":"ca877027e8b7ef00bad2b62361455be3fe67f8b6"}
{"index": {"_index":"leo","_id":"1441616"}}
	{"id":1441616,"type":"sell","buyer":"ripazha","seller":"empoderat","symbol":"LEO","quantity":"87.982","price":"0.49908801","timestamp":1630225809,"volume":"43.91076130","buyTxId":"e991fabb63c2ca5d40acdf33f4acf8d17248a79e-3","sellTxId":"ca877027e8b7ef00bad2b62361455be3fe67f8b6"}
{"index": {"_index":"leo","_id":"1441621"}}
	{"id":1441621,"type":"sell","buyer":"freebornsociety","seller":"josediccus","symbol":"LEO","quantity":"9.000","price":"0.49918801","timestamp":1630225977,"volume":"4.49269209","buyTxId":"MM-P-9968122-56951746-3-4-0","sellTxId":"5466dbe08a08832068b5c145fe57d91ad50c342d"}
{"index": {"_index":"leo","_id":"1441638"}}
	{"id":1441638,"type":"buy","buyer":"abh12345","seller":"onealfa.leo","symbol":"LEO","quantity":"22.000","price":"0.50076796","timestamp":1630226409,"volume":"11.01689512","buyTxId":"c89f8e8a4099087d3526ad30f9e5d9dd30fba4b9","sellTxId":"74ce9a06ce453430860544fd46486f221321847d"}
{"index": {"_index":"leo","_id":"1441639"}}
	{"id":1441639,"type":"buy","buyer":"abh12345","seller":"freebornsociety","symbol":"LEO","quantity":"9.000","price":"0.50076798","timestamp":1630226409,"volume":"4.50691182","buyTxId":"c89f8e8a4099087d3526ad30f9e5d9dd30fba4b9","sellTxId":"MM-P-9968222-56951846-3-4-0"}
{"index": {"_index":"leo","_id":"1441640"}}
	{"id":1441640,"type":"buy","buyer":"abh12345","seller":"brofi-market","symbol":"LEO","quantity":"1.600","price":"0.50086798","timestamp":1630226409,"volume":"0.80138877","buyTxId":"c89f8e8a4099087d3526ad30f9e5d9dd30fba4b9","sellTxId":"04b7174a7ebc5138191a6be1ba23a61394ed0066"}
{"index": {"_index":"leo","_id":"1441641"}}
	{"id":1441641,"type":"buy","buyer":"abh12345","seller":"leomaker","symbol":"LEO","quantity":"12.662","price":"0.50086800","timestamp":1630226409,"volume":"6.34199062","buyTxId":"c89f8e8a4099087d3526ad30f9e5d9dd30fba4b9","sellTxId":"75de8d93829bc8dee857c67c776245d74dcab323"}
{"index": {"_index":"leo","_id":"1441642"}}
	{"id":1441642,"type":"buy","buyer":"abh12345","seller":"brofi-market","symbol":"LEO","quantity":"0.002","price":"0.50226973","timestamp":1630226409,"volume":"0.00100454","buyTxId":"c89f8e8a4099087d3526ad30f9e5d9dd30fba4b9","sellTxId":"a7b9d0803a777f89c1cb43574384ff3a8b87a912"}
{"index": {"_index":"leo","_id":"1441643"}}
	{"id":1441643,"type":"buy","buyer":"abh12345","seller":"enginemaker","symbol":"LEO","quantity":"100.000","price":"0.50226976","timestamp":1630226409,"volume":"50.22697600","buyTxId":"c89f8e8a4099087d3526ad30f9e5d9dd30fba4b9","sellTxId":"MM-P-9958620-56942219-3-1-0"}
{"index": {"_index":"leo","_id":"1441644"}}
	{"id":1441644,"type":"buy","buyer":"abh12345","seller":"chekohler","symbol":"LEO","quantity":"0.794","price":"0.50226977","timestamp":1630226409,"volume":"0.39880220","buyTxId":"c89f8e8a4099087d3526ad30f9e5d9dd30fba4b9","sellTxId":"c3c443a42774cdba8855baabff7296358b398e98"}
{"index": {"_index":"leo","_id":"1441645"}}
	{"id":1441645,"type":"buy","buyer":"abh12345","seller":"chekohler","symbol":"LEO","quantity":"4.936","price":"0.50227000","timestamp":1630226409,"volume":"2.47920472","buyTxId":"c89f8e8a4099087d3526ad30f9e5d9dd30fba4b9","sellTxId":"23aeb5925c30ad4cfaf6db5f107db30dfa5b913f"}
{"index": {"_index":"leo","_id":"1441646"}}
	{"id":1441646,"type":"buy","buyer":"abh12345","seller":"chekohler","symbol":"LEO","quantity":"4.346","price":"0.50227976","timestamp":1630226409,"volume":"2.18290784","buyTxId":"c89f8e8a4099087d3526ad30f9e5d9dd30fba4b9","sellTxId":"b7f781f131af0c38a8c2bbf731b7d0b10cf8f1a1"}
{"index": {"_index":"leo","_id":"1441647"}}
	{"id":1441647,"type":"buy","buyer":"abh12345","seller":"brofi-market","symbol":"LEO","quantity":"18.167","price":"0.50227976","timestamp":1630226409,"volume":"9.12491640","buyTxId":"c89f8e8a4099087d3526ad30f9e5d9dd30fba4b9","sellTxId":"c9a8a4ccbf15cd74b1c6dbecb7ccca8f126ce5f5"}
{"index": {"_index":"leo","_id":"1441648"}}
	{"id":1441648,"type":"buy","buyer":"abh12345","seller":"brofi-market","symbol":"LEO","quantity":"0.001","price":"0.50248997","timestamp":1630226409,"volume":"0.00050249","buyTxId":"c89f8e8a4099087d3526ad30f9e5d9dd30fba4b9","sellTxId":"55bb7b70aebb59af20051d63c1e7fb4a90649c93"}
{"index": {"_index":"leo","_id":"1441649"}}
	{"id":1441649,"type":"buy","buyer":"abh12345","seller":"accelerator","symbol":"LEO","quantity":"2.000","price":"0.50589900","timestamp":1630226409,"volume":"1.01179800","buyTxId":"c89f8e8a4099087d3526ad30f9e5d9dd30fba4b9","sellTxId":"edad4f5d4733c11dc83dced65b7ec20609dc82ce"}
{"index": {"_index":"leo","_id":"1441650"}}
	{"id":1441650,"type":"buy","buyer":"abh12345","seller":"leomaker","symbol":"LEO","quantity":"27.382","price":"0.50598900","timestamp":1630226409,"volume":"13.85499080","buyTxId":"c89f8e8a4099087d3526ad30f9e5d9dd30fba4b9","sellTxId":"83c1cd39924f12fa02e9422ed68e4d6a85edc335"}
{"index": {"_index":"leo","_id":"1441651"}}
	{"id":1441651,"type":"buy","buyer":"abh12345","seller":"sbi-tokens","symbol":"LEO","quantity":"625.146","price":"0.50600000","timestamp":1630226409,"volume":"316.32387600","buyTxId":"c89f8e8a4099087d3526ad30f9e5d9dd30fba4b9","sellTxId":"aa46666efb2f1098b71bf24da2f15ab17934fcb6"}
{"index": {"_index":"leo","_id":"1441652"}}
	{"id":1441652,"type":"buy","buyer":"abh12345","seller":"leomaker","symbol":"LEO","quantity":"3.899","price":"0.50671400","timestamp":1630226409,"volume":"1.97567789","buyTxId":"c89f8e8a4099087d3526ad30f9e5d9dd30fba4b9","sellTxId":"3c0c93b7c60d05dc6e86d9097251c10df200155e"}
{"index": {"_index":"leo","_id":"1441653"}}
	{"id":1441653,"type":"buy","buyer":"abh12345","seller":"leomaker","symbol":"LEO","quantity":"3.419","price":"0.50715400","timestamp":1630226409,"volume":"1.73395953","buyTxId":"c89f8e8a4099087d3526ad30f9e5d9dd30fba4b9","sellTxId":"c2238da9ba53979569400602ce932b64dbb13f09"}
{"index": {"_index":"leo","_id":"1441654"}}
	{"id":1441654,"type":"buy","buyer":"abh12345","seller":"brofi-market","symbol":"LEO","quantity":"17.641","price":"0.50726499","timestamp":1630226409,"volume":"8.94866169","buyTxId":"c89f8e8a4099087d3526ad30f9e5d9dd30fba4b9","sellTxId":"e1949147fc7ba1f4f7857f06a62f1cda480e33e9"}
{"index": {"_index":"leo","_id":"1441655"}}
	{"id":1441655,"type":"buy","buyer":"abh12345","seller":"leomaker","symbol":"LEO","quantity":"2.718","price":"0.50758500","timestamp":1630226409,"volume":"1.37961603","buyTxId":"c89f8e8a4099087d3526ad30f9e5d9dd30fba4b9","sellTxId":"38651fd5924bdd2b4af3d99285d936905e039b5f"}
{"index": {"_index":"leo","_id":"1441656"}}
	{"id":1441656,"type":"buy","buyer":"abh12345","seller":"leomaker","symbol":"LEO","quantity":"1.987","price":"0.50792500","timestamp":1630226409,"volume":"1.00924698","buyTxId":"c89f8e8a4099087d3526ad30f9e5d9dd30fba4b9","sellTxId":"684bfb4e33ad130a6b9c7e8c1e12f770e5b7c236"}
{"index": {"_index":"leo","_id":"1441657"}}
	{"id":1441657,"type":"buy","buyer":"abh12345","seller":"leomaker","symbol":"LEO","quantity":"22.803","price":"0.50803500","timestamp":1630226409,"volume":"11.58472211","buyTxId":"c89f8e8a4099087d3526ad30f9e5d9dd30fba4b9","sellTxId":"e5333a4d4334a2c04a252a542355cdab32cc2a8a"}
{"index": {"_index":"leo","_id":"1441658"}}
	{"id":1441658,"type":"buy","buyer":"abh12345","seller":"accelerator","symbol":"LEO","quantity":"2.000","price":"0.50824600","timestamp":1630226409,"volume":"1.01649200","buyTxId":"c89f8e8a4099087d3526ad30f9e5d9dd30fba4b9","sellTxId":"7042a056171a1d2c57aa8eaada6318c800b5e71c"}
{"index": {"_index":"leo","_id":"1441659"}}
	{"id":1441659,"type":"buy","buyer":"abh12345","seller":"leomaker","symbol":"LEO","quantity":"17.497","price":"0.50878700","timestamp":1630226409,"volume":"8.90224614","buyTxId":"c89f8e8a4099087d3526ad30f9e5d9dd30fba4b9","sellTxId":"d2030562b0d646ee0034d7cc7ddc340995e61a3f"}
{"index": {"_index":"leo","_id":"1441753"}}
	{"id":1441753,"type":"sell","buyer":"anadolu","seller":"jmsansan.leo","symbol":"LEO","quantity":"1.618","price":"0.50000000","timestamp":1630228440,"volume":"0.80900000","buyTxId":"76e694e5cde6ae93290d286beb6418f3599bbb47","sellTxId":"559fd343bc194bb1cbf4e21c3b3b5fa421a40e4a"}
{"index": {"_index":"leo","_id":"1441774"}}
	{"id":1441774,"type":"buy","buyer":"walterjay","seller":"onealfa.leo","symbol":"LEO","quantity":"22.000","price":"0.50878598","timestamp":1630228737,"volume":"11.19329156","buyTxId":"fa6e4fb9c4b77d989c1059dc5fc5fb7f25368911","sellTxId":"92cb1528f18170a40d0a4a204e0c54c542a947cd"}
{"index": {"_index":"leo","_id":"1441775"}}
	{"id":1441775,"type":"buy","buyer":"walterjay","seller":"leomaker","symbol":"LEO","quantity":"36.987","price":"0.50878600","timestamp":1630228737,"volume":"18.81846778","buyTxId":"fa6e4fb9c4b77d989c1059dc5fc5fb7f25368911","sellTxId":"f7190fa90f0cce91188fad2a9d692e4235b69cbc"}
{"index": {"_index":"leo","_id":"1441776"}}
	{"id":1441776,"type":"buy","buyer":"walterjay","seller":"leomaker","symbol":"LEO","quantity":"5.080","price":"0.50878700","timestamp":1630228737,"volume":"2.58463796","buyTxId":"fa6e4fb9c4b77d989c1059dc5fc5fb7f25368911","sellTxId":"d2030562b0d646ee0034d7cc7ddc340995e61a3f"}
{"index": {"_index":"leo","_id":"1441777"}}
	{"id":1441777,"type":"buy","buyer":"walterjay","seller":"danielsaori","symbol":"LEO","quantity":"6.890","price":"0.50889000","timestamp":1630228737,"volume":"3.50625210","buyTxId":"fa6e4fb9c4b77d989c1059dc5fc5fb7f25368911","sellTxId":"117be05fa70d36680c6678d39791481b833f1c51"}
{"index": {"_index":"leo","_id":"1441778"}}
	{"id":1441778,"type":"buy","buyer":"walterjay","seller":"rehan12","symbol":"LEO","quantity":"11.000","price":"0.50889000","timestamp":1630228737,"volume":"5.59779000","buyTxId":"fa6e4fb9c4b77d989c1059dc5fc5fb7f25368911","sellTxId":"5897e7e62748f0bd96dda30c83cb03ceac7c0ec9"}
{"index": {"_index":"leo","_id":"1441779"}}
	{"id":1441779,"type":"buy","buyer":"walterjay","seller":"leomaker","symbol":"LEO","quantity":"22.344","price":"0.50943700","timestamp":1630228737,"volume":"11.38286033","buyTxId":"fa6e4fb9c4b77d989c1059dc5fc5fb7f25368911","sellTxId":"e38463905fd1352b9638ec2c54bded4bdf8df487"}
{"index": {"_index":"leo","_id":"1441780"}}
	{"id":1441780,"type":"buy","buyer":"walterjay","seller":"leomaker","symbol":"LEO","quantity":"22.774","price":"0.50999700","timestamp":1630228737,"volume":"11.61467168","buyTxId":"fa6e4fb9c4b77d989c1059dc5fc5fb7f25368911","sellTxId":"4bb02ad3bc59619ed6a1022b2bc1fedb6d28f50e"}
{"index": {"_index":"leo","_id":"1441781"}}
	{"id":1441781,"type":"buy","buyer":"walterjay","seller":"enginemaker","symbol":"LEO","quantity":"100.000","price":"0.51050696","timestamp":1630228737,"volume":"51.05069600","buyTxId":"fa6e4fb9c4b77d989c1059dc5fc5fb7f25368911","sellTxId":"MM-P-9968878-56952503-3-1-0"}
{"index": {"_index":"leo","_id":"1441782"}}
	{"id":1441782,"type":"buy","buyer":"walterjay","seller":"leomaker","symbol":"LEO","quantity":"22.259","price":"0.51054700","timestamp":1630228737,"volume":"11.36426567","buyTxId":"fa6e4fb9c4b77d989c1059dc5fc5fb7f25368911","sellTxId":"2a95ac9817529664a55104dc1c9ea9f2205d205c"}
{"index": {"_index":"leo","_id":"1441783"}}
	{"id":1441783,"type":"buy","buyer":"walterjay","seller":"leomaker","symbol":"LEO","quantity":"21.661","price":"0.51109700","timestamp":1630228737,"volume":"11.07087212","buyTxId":"fa6e4fb9c4b77d989c1059dc5fc5fb7f25368911","sellTxId":"9d621f5a5be7aad3571f576c57fd8161ab20ec33"}
{"index": {"_index":"leo","_id":"1441784"}}
	{"id":1441784,"type":"buy","buyer":"walterjay","seller":"leomaker","symbol":"LEO","quantity":"33.579","price":"0.51221800","timestamp":1630228737,"volume":"17.19976822","buyTxId":"fa6e4fb9c4b77d989c1059dc5fc5fb7f25368911","sellTxId":"eaf5fd519d64cf7044e09bc7b864873cb089fcb0"}
{"index": {"_index":"leo","_id":"1441785"}}
	{"id":1441785,"type":"buy","buyer":"walterjay","seller":"chekohler","symbol":"LEO","quantity":"0.761","price":"0.51231888","timestamp":1630228737,"volume":"0.38987467","buyTxId":"fa6e4fb9c4b77d989c1059dc5fc5fb7f25368911","sellTxId":"32e2a06b9f3b9d4403422afffd876a57ccf044cf"}
{"index": {"_index":"leo","_id":"1441786"}}
	{"id":1441786,"type":"buy","buyer":"walterjay","seller":"ripazha","symbol":"LEO","quantity":"2794.665","price":"0.51262464","timestamp":1630228737,"volume":"1432.61413955","buyTxId":"fa6e4fb9c4b77d989c1059dc5fc5fb7f25368911","sellTxId":"5aab43adf5f4bcc9f14b667c72e36ca57f07ef3e-2"}
{"index": {"_index":"leo","_id":"1441949"}}
	{"id":1441949,"type":"sell","buyer":"anadolu","seller":"kraken99","symbol":"LEO","quantity":"12.309","price":"0.50000000","timestamp":1630231740,"volume":"6.15450000","buyTxId":"76e694e5cde6ae93290d286beb6418f3599bbb47","sellTxId":"bbb0e2cb218b35029d7fe239d52a7386884632fe"}
{"index": {"_index":"leo","_id":"1441960"}}
	{"id":1441960,"type":"sell","buyer":"anadolu","seller":"stickupboys","symbol":"LEO","quantity":"0.590","price":"0.50000000","timestamp":1630231953,"volume":"0.29500000","buyTxId":"76e694e5cde6ae93290d286beb6418f3599bbb47","sellTxId":"59ee7a7e9467ed4391cedd384e7f2e790d456129"}
{"index": {"_index":"leo","_id":"1442017"}}
	{"id":1442017,"type":"sell","buyer":"anadolu","seller":"vendata","symbol":"LEO","quantity":"17.746","price":"0.50000000","timestamp":1630233504,"volume":"8.87300000","buyTxId":"76e694e5cde6ae93290d286beb6418f3599bbb47","sellTxId":"6fb41c5f1d0c3de6d1b9182842ced16ee0694a0b"}
{"index": {"_index":"leo","_id":"1442079"}}
	{"id":1442079,"type":"sell","buyer":"asia-pl","seller":"enginemaker","symbol":"LEO","quantity":"0.420","price":"0.51241000","timestamp":1630235094,"volume":"0.21521220","buyTxId":"684402783748680a9d6ca34a210cd9537f321183","sellTxId":"MM-P-9971171-56954797-3-1-0"}
{"index": {"_index":"leo","_id":"1442121"}}
	{"id":1442121,"type":"sell","buyer":"asia-pl","seller":"konvik","symbol":"LEO","quantity":"101.556","price":"0.51238000","timestamp":1630235955,"volume":"52.03526328","buyTxId":"2e37fcebc20ad06b7facd31f23e7f08384ca221d","sellTxId":"0093237558c756f6147dcbb2cf21197aa3600240-1"}
{"index": {"_index":"leo","_id":"1442126"}}
	{"id":1442126,"type":"sell","buyer":"asia-pl","seller":"enginemaker","symbol":"LEO","quantity":"0.101","price":"0.51238000","timestamp":1630235994,"volume":"0.05175038","buyTxId":"2e37fcebc20ad06b7facd31f23e7f08384ca221d","sellTxId":"MM-P-9971471-56955097-3-1-0"}
{"index": {"_index":"leo","_id":"1442138"}}
	{"id":1442138,"type":"sell","buyer":"anadolu","seller":"finguru","symbol":"LEO","quantity":"17.737","price":"0.50000000","timestamp":1630236339,"volume":"8.86850000","buyTxId":"76e694e5cde6ae93290d286beb6418f3599bbb47","sellTxId":"fcc0feb7fcecfc7dbbd3bbccb79385ae4f98fb20"}
{"index": {"_index":"leo","_id":"1442145"}}
	{"id":1442145,"type":"sell","buyer":"mmmmkkkk311","seller":"finguru","symbol":"LEO","quantity":"20.036","price":"0.49909801","timestamp":1630236441,"volume":"9.99992773","buyTxId":"MM-P-9968182-56951806-3-17-0","sellTxId":"a1e1b26135154cdcb47d2016add2c253df53d46d"}
{"index": {"_index":"leo","_id":"1442146"}}
	{"id":1442146,"type":"sell","buyer":"enginemaker","seller":"finguru","symbol":"LEO","quantity":"31.011","price":"0.49909801","timestamp":1630236441,"volume":"15.47752839","buyTxId":"MM-P-9968380-56952004-3-1-0","sellTxId":"a1e1b26135154cdcb47d2016add2c253df53d46d"}
{"index": {"_index":"leo","_id":"1442227"}}
	{"id":1442227,"type":"sell","buyer":"freebornsociety","seller":"tomhall","symbol":"LEO","quantity":"27.599","price":"0.49919801","timestamp":1630238349,"volume":"13.77736588","buyTxId":"MM-P-9971811-56955437-3-4-0","sellTxId":"52a59e67db701b659a857c01aad88b85aa576e46"}
{"index": {"_index":"leo","_id":"1442252"}}
	{"id":1442252,"type":"sell","buyer":"enginemaker","seller":"brofi-market","symbol":"LEO","quantity":"0.001","price":"0.49909801","timestamp":1630238880,"volume":"0.00049910","buyTxId":"MM-P-9968380-56952004-3-1-0","sellTxId":"28b0e5973e4d0ebc28e668a5c34b52a2a36d7e27"}
{"index": {"_index":"leo","_id":"1442315"}}
	{"id":1442315,"type":"buy","buyer":"der-prophet","seller":"onealfa.leo","symbol":"LEO","quantity":"22.000","price":"0.49909998","timestamp":1630239804,"volume":"10.98019956","buyTxId":"f1c98ea6940067b54836828b9659bf986cc0463e","sellTxId":"d2da3b058e8b5aca291a07ff2bbf08465a2be526"}
{"index": {"_index":"leo","_id":"1442316"}}
	{"id":1442316,"type":"buy","buyer":"der-prophet","seller":"brofi-market","symbol":"LEO","quantity":"0.001","price":"0.49909998","timestamp":1630239804,"volume":"0.00049910","buyTxId":"f1c98ea6940067b54836828b9659bf986cc0463e","sellTxId":"bfad0800072ef4cbcf7ff002391a3d4ec6f0f7d5"}
{"index": {"_index":"leo","_id":"1442318"}}
	{"id":1442318,"type":"sell","buyer":"der-prophet","seller":"onealfa.leo","symbol":"LEO","quantity":"22.000","price":"0.49909998","timestamp":1630239813,"volume":"10.98019956","buyTxId":"f1c98ea6940067b54836828b9659bf986cc0463e","sellTxId":"767c149842869b97582f1c38ce0386af5c5f65a1"}
{"index": {"_index":"leo","_id":"1442319"}}
	{"id":1442319,"type":"sell","buyer":"der-prophet","seller":"onealfa.leo","symbol":"LEO","quantity":"22.000","price":"0.49909998","timestamp":1630239825,"volume":"10.98019956","buyTxId":"f1c98ea6940067b54836828b9659bf986cc0463e","sellTxId":"39c7c3dbb1225db8c87b309166ba763bafbf810b"}
{"index": {"_index":"leo","_id":"1442320"}}
	{"id":1442320,"type":"sell","buyer":"der-prophet","seller":"onealfa.leo","symbol":"LEO","quantity":"22.000","price":"0.49909998","timestamp":1630239834,"volume":"10.98019956","buyTxId":"f1c98ea6940067b54836828b9659bf986cc0463e","sellTxId":"5eb160de3ea01f5146b0f88da6215fd239421659"}
{"index": {"_index":"leo","_id":"1442321"}}
	{"id":1442321,"type":"sell","buyer":"der-prophet","seller":"onealfa.leo","symbol":"LEO","quantity":"19.999","price":"0.49909998","timestamp":1630239846,"volume":"9.98150050","buyTxId":"f1c98ea6940067b54836828b9659bf986cc0463e","sellTxId":"899f571c9d23fab75a7fc8e23536dbef164aa12f"}
{"index": {"_index":"leo","_id":"1442348"}}
	{"id":1442348,"type":"sell","buyer":"enginemaker","seller":"madmanmusic","symbol":"LEO","quantity":"1.918","price":"0.49909801","timestamp":1630240455,"volume":"0.95726998","buyTxId":"MM-P-9968380-56952004-3-1-0","sellTxId":"614372880826e0bb62639b29ec2e108d3cd3f3ea"}
{"index": {"_index":"leo","_id":"1442360"}}
	{"id":1442360,"type":"sell","buyer":"enginemaker","seller":"eturnerx","symbol":"LEO","quantity":"4.014","price":"0.49909801","timestamp":1630240950,"volume":"2.00337941","buyTxId":"MM-P-9968380-56952004-3-1-0","sellTxId":"d1061df0b31275c03909e1927b8e3fc347b596df"}
{"index": {"_index":"leo","_id":"1442621"}}
	{"id":1442621,"type":"buy","buyer":"steemstreems","seller":"onealfa.leo","symbol":"LEO","quantity":"2.001","price":"0.49909998","timestamp":1630245390,"volume":"0.99869906","buyTxId":"50fbe01273840a18b4660c2529aa7b84488b0adf","sellTxId":"899f571c9d23fab75a7fc8e23536dbef164aa12f"}
{"index": {"_index":"leo","_id":"1442622"}}
	{"id":1442622,"type":"buy","buyer":"steemstreems","seller":"tomhall","symbol":"LEO","quantity":"9.194","price":"0.49910000","timestamp":1630245390,"volume":"4.58872540","buyTxId":"50fbe01273840a18b4660c2529aa7b84488b0adf","sellTxId":"52a59e67db701b659a857c01aad88b85aa576e46"}
{"index": {"_index":"leo","_id":"1442623"}}
	{"id":1442623,"type":"buy","buyer":"steemstreems","seller":"enginemaker","symbol":"LEO","quantity":"34.650","price":"0.51214417","timestamp":1630245390,"volume":"17.74590193","buyTxId":"50fbe01273840a18b4660c2529aa7b84488b0adf","sellTxId":"MM-P-9974566-56958192-3-1-0"}
{"index": {"_index":"leo","_id":"1442638"}}
	{"id":1442638,"type":"buy","buyer":"boycharliefamily","seller":"onealfa.leo","symbol":"LEO","quantity":"21.000","price":"0.51194296","timestamp":1630245768,"volume":"10.75080216","buyTxId":"abf25c6e7322891be19091697ee71094d7c86bb7","sellTxId":"d49a0190d51cd7fadac7c1641060a8f376631124"}
{"index": {"_index":"leo","_id":"1442665"}}
	{"id":1442665,"type":"sell","buyer":"freebornsociety","seller":"azircon","symbol":"LEO","quantity":"300.421","price":"0.49930000","timestamp":1630246236,"volume":"150.00020530","buyTxId":"MM-P-9974706-56958332-3-4-0","sellTxId":"62b3c59d6f9f05b34d857bd20fff07969879a737"}
{"index": {"_index":"leo","_id":"1442666"}}
	{"id":1442666,"type":"sell","buyer":"leomaker","seller":"azircon","symbol":"LEO","quantity":"41.918","price":"0.49920000","timestamp":1630246236,"volume":"20.92546560","buyTxId":"cd777e0a80a6613a51291ce4676f9cbddb8343ed","sellTxId":"62b3c59d6f9f05b34d857bd20fff07969879a737"}
{"index": {"_index":"leo","_id":"1442667"}}
	{"id":1442667,"type":"sell","buyer":"enginemaker","seller":"azircon","symbol":"LEO","quantity":"200.353","price":"0.49911803","timestamp":1630246236,"volume":"99.99979466","buyTxId":"MM-P-9974866-56958492-3-1-0","sellTxId":"62b3c59d6f9f05b34d857bd20fff07969879a737"}
{"index": {"_index":"leo","_id":"1442668"}}
	{"id":1442668,"type":"sell","buyer":"ripazha","seller":"azircon","symbol":"LEO","quantity":"627.308","price":"0.49910803","timestamp":1630246236,"volume":"313.09446008","buyTxId":"16a1302c63e052ee027095745e3039b3c8a08959-3","sellTxId":"62b3c59d6f9f05b34d857bd20fff07969879a737"}
{"index": {"_index":"leo","_id":"1442669"}}
	{"id":1442669,"type":"sell","buyer":"sportsgeek","seller":"konvik","symbol":"LEO","quantity":"13.129","price":"0.51184000","timestamp":1630246287,"volume":"6.71994736","buyTxId":"c79997945cff187ce3c54f879b24c6ef108a01b8","sellTxId":"763aa957c8a5b855b595b1053f2ca3ad827ca498-1"}
{"index": {"_index":"leo","_id":"1442670"}}
	{"id":1442670,"type":"sell","buyer":"sportsgeek","seller":"freebornsociety","symbol":"LEO","quantity":"0.014","price":"0.51184000","timestamp":1630246314,"volume":"0.00716576","buyTxId":"c79997945cff187ce3c54f879b24c6ef108a01b8","sellTxId":"MM-P-9974905-56958532-3-4-1"}
{"index": {"_index":"leo","_id":"1442693"}}
	{"id":1442693,"type":"sell","buyer":"freebornsociety","seller":"romirspc","symbol":"LEO","quantity":"9.1","price":"0.49919800","timestamp":1630246743,"volume":"4.54270180","buyTxId":"MM-P-9975004-56958632-3-4-0","sellTxId":"2c4094d6a7d0e3c18129d057aa6595e4967f457a"}
{"index": {"_index":"leo","_id":"1442713"}}
	{"id":1442713,"type":"sell","buyer":"leomaker","seller":"jjprac","symbol":"LEO","quantity":"4.214","price":"0.49920000","timestamp":1630247019,"volume":"2.10362880","buyTxId":"88c93173a0b34cb92a215789e9db1274f993497e","sellTxId":"937d2741d0be0379175c96d54a53724fc7556cdd"}
{"index": {"_index":"leo","_id":"1442744"}}
	{"id":1442744,"type":"sell","buyer":"leomaker","seller":"chireerocks","symbol":"LEO","quantity":"5.206","price":"0.49920000","timestamp":1630247442,"volume":"2.59883520","buyTxId":"88c93173a0b34cb92a215789e9db1274f993497e","sellTxId":"f9d37559861004d8a66638cc9029685a1076f0fd"}
{"index": {"_index":"leo","_id":"1442810"}}
	{"id":1442810,"type":"sell","buyer":"leomaker","seller":"dsc-r2cornell","symbol":"LEO","quantity":"13.226","price":"0.49920000","timestamp":1630248255,"volume":"6.60241920","buyTxId":"88c93173a0b34cb92a215789e9db1274f993497e","sellTxId":"003c730365c4074c0fbe589244a32015f6a6eff8"}
{"index": {"_index":"leo","_id":"1442862"}}
	{"id":1442862,"type":"sell","buyer":"leomaker","seller":"egistar","symbol":"LEO","quantity":"0.962","price":"0.49920000","timestamp":1630248882,"volume":"0.48023040","buyTxId":"88c93173a0b34cb92a215789e9db1274f993497e","sellTxId":"7563951d1e3431169d0e56cf4e1bc7243d5917a1"}
{"index": {"_index":"leo","_id":"1443144"}}
	{"id":1443144,"type":"sell","buyer":"freebornsociety","seller":"themightyvolcano","symbol":"LEO","quantity":"177.371","price":"0.49950000","timestamp":1630251942,"volume":"88.59681450","buyTxId":"MM-P-9976703-56960331-3-4-0","sellTxId":"d13153be5b279c5ee2878ab71ef6ea5edc7635a6"}
{"index": {"_index":"leo","_id":"1443145"}}
	{"id":1443145,"type":"sell","buyer":"tokutaro22","seller":"themightyvolcano","symbol":"LEO","quantity":"1.805","price":"0.49940000","timestamp":1630251942,"volume":"0.90141700","buyTxId":"2f0b9b6af129f029f6498bb12797c1d7d4f3bbd7","sellTxId":"d13153be5b279c5ee2878ab71ef6ea5edc7635a6"}
{"index": {"_index":"leo","_id":"1443146"}}
	{"id":1443146,"type":"sell","buyer":"leomaker","seller":"themightyvolcano","symbol":"LEO","quantity":"13.796","price":"0.49920000","timestamp":1630251942,"volume":"6.88696320","buyTxId":"88c93173a0b34cb92a215789e9db1274f993497e","sellTxId":"d13153be5b279c5ee2878ab71ef6ea5edc7635a6"}
{"index": {"_index":"leo","_id":"1443183"}}
	{"id":1443183,"type":"sell","buyer":"leomaker","seller":"aiovo","symbol":"LEO","quantity":"0.490","price":"0.49920000","timestamp":1630252257,"volume":"0.24460800","buyTxId":"88c93173a0b34cb92a215789e9db1274f993497e","sellTxId":"a64cb757efabf7ca4b49e9a65578f75106ff1c52"}
{"index": {"_index":"leo","_id":"1443201"}}
	{"id":1443201,"type":"sell","buyer":"leomaker","seller":"revisesociology","symbol":"LEO","quantity":"2.590","price":"0.49920000","timestamp":1630252479,"volume":"1.29292800","buyTxId":"88c93173a0b34cb92a215789e9db1274f993497e","sellTxId":"f8e4524b2fbbdb0cdfd51f610aa0890d30f2c844"}
{"index": {"_index":"leo","_id":"1443202"}}
	{"id":1443202,"type":"sell","buyer":"enginemaker","seller":"revisesociology","symbol":"LEO","quantity":"12.410","price":"0.49909800","timestamp":1630252479,"volume":"6.19380618","buyTxId":"MM-P-9974964-56958592-3-1-0","sellTxId":"f8e4524b2fbbdb0cdfd51f610aa0890d30f2c844"}
{"index": {"_index":"leo","_id":"1443237"}}
	{"id":1443237,"type":"buy","buyer":"olympicdragon","seller":"onealfa.leo","symbol":"LEO","quantity":"2.945","price":"0.50931979","timestamp":1630252932,"volume":"1.5","buyTxId":"3568d279cf7a6f19da12d009dd727e2921e20e86","sellTxId":"552770da2707aaf53654e5444adeeba8b6ba1ebc"}
{"index": {"_index":"leo","_id":"1443294"}}
	{"id":1443294,"type":"sell","buyer":"leomaker","seller":"pouchon","symbol":"LEO","quantity":"39.024","price":"0.49910000","timestamp":1630253997,"volume":"19.47687840","buyTxId":"ae0ca3383ce26d7ce7ffade49657bf602cc440b6","sellTxId":"561f27c2a40b1fd1adff93c557bba913ad94533a"}
{"index": {"_index":"leo","_id":"1443295"}}
	{"id":1443295,"type":"sell","buyer":"enginemaker","seller":"pouchon","symbol":"LEO","quantity":"187.951","price":"0.49909800","timestamp":1630253997,"volume":"93.80596820","buyTxId":"MM-P-9974964-56958592-3-1-0","sellTxId":"561f27c2a40b1fd1adff93c557bba913ad94533a"}
{"index": {"_index":"leo","_id":"1443311"}}
	{"id":1443311,"type":"sell","buyer":"nedsaying123","seller":"freebornsociety","symbol":"LEO","quantity":"514.478","price":"0.49908800","timestamp":1630254114,"volume":"256.76979606","buyTxId":"2fcd61089771ac0b349094a8635cd5c7ae1293c5","sellTxId":"MM-P-9977502-56961130-3-4-0"}
{"index": {"_index":"leo","_id":"1443334"}}
	{"id":1443334,"type":"buy","buyer":"enginemaker","seller":"onealfa.leo","symbol":"LEO","quantity":"22.000","price":"0.49908998","timestamp":1630254294,"volume":"10.97997956","buyTxId":"MM-P-9977561-56961189-3-1-0","sellTxId":"cedc1b8f9ae82629b41387d457d886b0a700f6e7"}
{"index": {"_index":"leo","_id":"1443335"}}
	{"id":1443335,"type":"buy","buyer":"enginemaker","seller":"pouchon","symbol":"LEO","quantity":"18.758","price":"0.49909000","timestamp":1630254294,"volume":"9.36193022","buyTxId":"MM-P-9977561-56961189-3-1-0","sellTxId":"561f27c2a40b1fd1adff93c557bba913ad94533a"}
{"index": {"_index":"leo","_id":"1443348"}}
	{"id":1443348,"type":"sell","buyer":"enginemaker","seller":"stayoutoftherz","symbol":"LEO","quantity":"12.539","price":"0.49909800","timestamp":1630254315,"volume":"6.25818982","buyTxId":"MM-P-9977561-56961189-3-1-0","sellTxId":"c6175afe70ab276be58dd8b7dfbc1e00b82c65c1"}
{"index": {"_index":"leo","_id":"1443370"}}
	{"id":1443370,"type":"buy","buyer":"steemstreems","seller":"onealfa.leo","symbol":"LEO","quantity":"16.659","price":"0.50899971","timestamp":1630254585,"volume":"8.4795682","buyTxId":"f160ef1ddd06648f3aa14bfdfff31781410a575a","sellTxId":"33f2cc55df4a8cf488a7350260e085e6ad0f7f38"}
{"index": {"_index":"leo","_id":"1443381"}}
	{"id":1443381,"type":"sell","buyer":"freebornsociety","seller":"mawit07","symbol":"LEO","quantity":"7.838","price":"0.49919800","timestamp":1630254735,"volume":"3.91271392","buyTxId":"MM-P-9977601-56961229-3-4-0","sellTxId":"0f769183a0865ef9ea7bb5e03f0b547e5ab97d9c"}
{"index": {"_index":"leo","_id":"1443430"}}
	{"id":1443430,"type":"sell","buyer":"freebornsociety","seller":"pouchon","symbol":"LEO","quantity":"292.644","price":"0.49919800","timestamp":1630255116,"volume":"146.08729951","buyTxId":"MM-P-9977601-56961229-3-4-0","sellTxId":"4c8467278fcde886fabce82d843bcd62122e5c82"}
{"index": {"_index":"leo","_id":"1443431"}}
	{"id":1443431,"type":"sell","buyer":"enginemaker","seller":"pouchon","symbol":"LEO","quantity":"147.064","price":"0.49909800","timestamp":1630255116,"volume":"73.39934827","buyTxId":"MM-P-9977561-56961189-3-1-0","sellTxId":"4c8467278fcde886fabce82d843bcd62122e5c82"}
{"index": {"_index":"leo","_id":"1443432"}}
	{"id":1443432,"type":"buy","buyer":"konvik","seller":"pouchon","symbol":"LEO","quantity":"133.111","price":"0.49909000","timestamp":1630255119,"volume":"66.43436899","buyTxId":"43014c0242c0dd879a63b9bd164b263e52986dd8-0","sellTxId":"4c8467278fcde886fabce82d843bcd62122e5c82"}
{"index": {"_index":"leo","_id":"1443465"}}
	{"id":1443465,"type":"sell","buyer":"nedsaying123","seller":"freebornsociety","symbol":"LEO","quantity":"300.482","price":"0.49908800","timestamp":1630255314,"volume":"149.96696042","buyTxId":"2fcd61089771ac0b349094a8635cd5c7ae1293c5","sellTxId":"MM-P-9977901-56961529-3-4-1"}
{"index": {"_index":"leo","_id":"1443510"}}
	{"id":1443510,"type":"buy","buyer":"opinizeunltd","seller":"onealfa.leo","symbol":"LEO","quantity":"2.100","price":"0.49908998","timestamp":1630255755,"volume":"1.04808896","buyTxId":"b6a828aa549ed7937429d4c10c89aeabf9122e35","sellTxId":"35ac6980accf6ef87c7638968139b3d7c4fbc5ea"}
{"index": {"_index":"leo","_id":"1443577"}}
	{"id":1443577,"type":"buy","buyer":"agr8buzz","seller":"onealfa.leo","symbol":"LEO","quantity":"19.900","price":"0.49908998","timestamp":1630256463,"volume":"9.93189060","buyTxId":"ab913d879226cdef04169e834cb93acf898a8fa0","sellTxId":"35ac6980accf6ef87c7638968139b3d7c4fbc5ea"}
{"index": {"_index":"leo","_id":"1443578"}}
	{"id":1443578,"type":"buy","buyer":"agr8buzz","seller":"ripazha","symbol":"LEO","quantity":"19.100","price":"0.49908999","timestamp":1630256463,"volume":"9.53261881","buyTxId":"ab913d879226cdef04169e834cb93acf898a8fa0","sellTxId":"d17260793c3f1c4e5a169af4571134338fae5f99-2"}
{"index": {"_index":"leo","_id":"1443706"}}
	{"id":1443706,"type":"sell","buyer":"nedsaying123","seller":"javiersebastian","symbol":"LEO","quantity":"97.054","price":"0.49908800","timestamp":1630257780,"volume":"48.43848675","buyTxId":"2fcd61089771ac0b349094a8635cd5c7ae1293c5","sellTxId":"61a7ae405576de4db361b320ba4a70205238fea1"}
{"index": {"_index":"leo","_id":"1443755"}}
	{"id":1443755,"type":"sell","buyer":"nedsaying123","seller":"rishi556","symbol":"LEO","quantity":"3.078","price":"0.49908800","timestamp":1630258062,"volume":"1.53619286","buyTxId":"2fcd61089771ac0b349094a8635cd5c7ae1293c5","sellTxId":"2647bdd197c994ef9a79efba881434c6df301eac-1"}
{"index": {"_index":"leo","_id":"1443869"}}
	{"id":1443869,"type":"sell","buyer":"nedsaying123","seller":"toofasteddie","symbol":"LEO","quantity":"27.000","price":"0.49908800","timestamp":1630258737,"volume":"13.47537600","buyTxId":"2fcd61089771ac0b349094a8635cd5c7ae1293c5","sellTxId":"6c0a76046d105ffa09de57446fc15ea6a1240cf7"}
{"index": {"_index":"leo","_id":"1443989"}}
	{"id":1443989,"type":"sell","buyer":"nedsaying123","seller":"elevator09","symbol":"LEO","quantity":"0.170","price":"0.49908800","timestamp":1630259940,"volume":"0.08484496","buyTxId":"2fcd61089771ac0b349094a8635cd5c7ae1293c5","sellTxId":"8930530eace15b4d40e08712d78b77bbf6848a10"}
{"index": {"_index":"leo","_id":"1444026"}}
	{"id":1444026,"type":"sell","buyer":"nedsaying123","seller":"diverse","symbol":"LEO","quantity":"5.913","price":"0.49908800","timestamp":1630260309,"volume":"2.95110734","buyTxId":"2fcd61089771ac0b349094a8635cd5c7ae1293c5","sellTxId":"85f6b8ce7b3f91953b2357e434917497e0628d82"}
{"index": {"_index":"leo","_id":"1444060"}}
	{"id":1444060,"type":"sell","buyer":"nedsaying123","seller":"dexpartacus","symbol":"LEO","quantity":"12.719","price":"0.49908800","timestamp":1630260678,"volume":"6.34790027","buyTxId":"2fcd61089771ac0b349094a8635cd5c7ae1293c5","sellTxId":"7cdccbb6bcc7c4065bc251dbe58474322e23d5bd"}
{"index": {"_index":"leo","_id":"1444075"}}
	{"id":1444075,"type":"sell","buyer":"nedsaying123","seller":"nirvana3003","symbol":"LEO","quantity":"81.000","price":"0.49908800","timestamp":1630260888,"volume":"40.42612800","buyTxId":"2fcd61089771ac0b349094a8635cd5c7ae1293c5","sellTxId":"ae7e18087534845d0dd122cc8b6388eb686206b2"}
{"index": {"_index":"leo","_id":"1444164"}}
	{"id":1444164,"type":"sell","buyer":"nedsaying123","seller":"archon-drips","symbol":"LEO","quantity":"0.002","price":"0.49908800","timestamp":1630261521,"volume":"0.00099818","buyTxId":"2fcd61089771ac0b349094a8635cd5c7ae1293c5","sellTxId":"3b8cdb5736d8495a549776fc455fa56cc3824044"}
{"index": {"_index":"leo","_id":"1444197"}}
	{"id":1444197,"type":"sell","buyer":"nedsaying123","seller":"monsterjamgold","symbol":"LEO","quantity":"0.958","price":"0.49908800","timestamp":1630262304,"volume":"0.47812630","buyTxId":"2fcd61089771ac0b349094a8635cd5c7ae1293c5","sellTxId":"c8d412e3a284db709650f709ab4ab9140dfad36c"}
{"index": {"_index":"leo","_id":"1444220"}}
	{"id":1444220,"type":"buy","buyer":"bitcoinflood","seller":"onealfa.leo","symbol":"LEO","quantity":"22.000","price":"0.49908997","timestamp":1630262628,"volume":"10.97997934","buyTxId":"3db6ee7aaab761ff0412ad86b9483e699025634f","sellTxId":"df6324a3a668d5f21c882f89a00158cff12aa5f8"}
{"index": {"_index":"leo","_id":"1444221"}}
	{"id":1444221,"type":"buy","buyer":"bitcoinflood","seller":"archon-drips","symbol":"LEO","quantity":"0.002","price":"0.49908997","timestamp":1630262628,"volume":"0.00099818","buyTxId":"3db6ee7aaab761ff0412ad86b9483e699025634f","sellTxId":"93ea6ed4c6e30e3e4ffd1cdb579f3375d0c957d9"}
{"index": {"_index":"leo","_id":"1444222"}}
	{"id":1444222,"type":"sell","buyer":"bitcoinflood","seller":"onealfa.leo","symbol":"LEO","quantity":"0.856","price":"0.49908997","timestamp":1630262646,"volume":"0.42722101","buyTxId":"3db6ee7aaab761ff0412ad86b9483e699025634f","sellTxId":"ce775da165fa21b77b8bb5e4483721864f8153b5"}
{"index": {"_index":"leo","_id":"1444229"}}
	{"id":1444229,"type":"buy","buyer":"maarnio","seller":"onealfa.leo","symbol":"LEO","quantity":"18.240","price":"0.49908997","timestamp":1630262727,"volume":"9.10340105","buyTxId":"5d301af5b687d78e35ee411b541237b8936d6bf3","sellTxId":"ce775da165fa21b77b8bb5e4483721864f8153b5"}
{"index": {"_index":"leo","_id":"1444287"}}
	{"id":1444287,"type":"sell","buyer":"nedsaying123","seller":"silvergoldhunter","symbol":"LEO","quantity":"0.846","price":"0.49908800","timestamp":1630263444,"volume":"0.42222845","buyTxId":"2fcd61089771ac0b349094a8635cd5c7ae1293c5","sellTxId":"80a89e3b515ba5bf39d2823a33e19d9b0249ab44"}
{"index": {"_index":"leo","_id":"1444314"}}
	{"id":1444314,"type":"buy","buyer":"bitcoinflood","seller":"onealfa.leo","symbol":"LEO","quantity":"2.904","price":"0.49908997","timestamp":1630263612,"volume":"1.44935727","buyTxId":"38876f433699931ed2a5ba70753fe48315670f18","sellTxId":"ce775da165fa21b77b8bb5e4483721864f8153b5"}
{"index": {"_index":"leo","_id":"1444316"}}
	{"id":1444316,"type":"sell","buyer":"bitcoinflood","seller":"onealfa.leo","symbol":"LEO","quantity":"10.516","price":"0.49908997","timestamp":1630263621,"volume":"5.24843012","buyTxId":"38876f433699931ed2a5ba70753fe48315670f18","sellTxId":"115d0745ca43a87efe526813ddeaceae43ad03c8"}
{"index": {"_index":"leo","_id":"1444587"}}
	{"id":1444587,"type":"sell","buyer":"nedsaying123","seller":"daily-coin","symbol":"LEO","quantity":"197.871","price":"0.49908800","timestamp":1630267095,"volume":"98.75504165","buyTxId":"2fcd61089771ac0b349094a8635cd5c7ae1293c5","sellTxId":"816b20ffbcb3964126c1e8809fc77c032b86909f"}
{"index": {"_index":"leo","_id":"1444596"}}
	{"id":1444596,"type":"sell","buyer":"nedsaying123","seller":"silvertop","symbol":"LEO","quantity":"6.987","price":"0.49908800","timestamp":1630267332,"volume":"3.48712786","buyTxId":"2fcd61089771ac0b349094a8635cd5c7ae1293c5","sellTxId":"07a26a007a25f03ffeb671fbb291e2b580ec9f2f"}
{"index": {"_index":"leo","_id":"1444616"}}
	{"id":1444616,"type":"sell","buyer":"nedsaying123","seller":"onecent","symbol":"LEO","quantity":"0.052","price":"0.49908800","timestamp":1630267695,"volume":"0.02595258","buyTxId":"2fcd61089771ac0b349094a8635cd5c7ae1293c5","sellTxId":"f25faac3fc70d9ee90cda73d50acce7c3e4a6a7c"}
{"index": {"_index":"leo","_id":"1444619"}}
	{"id":1444619,"type":"buy","buyer":"cryptictruth","seller":"onealfa.leo","symbol":"LEO","quantity":"11.484","price":"0.49908997","timestamp":1630267752,"volume":"5.73154922","buyTxId":"07422c91347c3387c051e4e16bb30dabc3efc038","sellTxId":"115d0745ca43a87efe526813ddeaceae43ad03c8"}
{"index": {"_index":"leo","_id":"1444620"}}
	{"id":1444620,"type":"sell","buyer":"cryptictruth","seller":"onealfa.leo","symbol":"LEO","quantity":"8.516","price":"0.49908997","timestamp":1630267767,"volume":"4.25025018","buyTxId":"07422c91347c3387c051e4e16bb30dabc3efc038","sellTxId":"fec83302c19f24789d6d5c5f55794fdccb8cf59e"}
{"index": {"_index":"leo","_id":"1444650"}}
	{"id":1444650,"type":"sell","buyer":"nedsaying123","seller":"silvergoldhunter","symbol":"LEO","quantity":"0.174","price":"0.49908800","timestamp":1630268163,"volume":"0.08684131","buyTxId":"2fcd61089771ac0b349094a8635cd5c7ae1293c5","sellTxId":"cc2a3dc90b8849d5b41956c838b40af68c16786a"}
{"index": {"_index":"leo","_id":"1444744"}}
	{"id":1444744,"type":"sell","buyer":"nedsaying123","seller":"willsaldeno","symbol":"LEO","quantity":"2.393","price":"0.49908800","timestamp":1630269507,"volume":"1.19431758","buyTxId":"2fcd61089771ac0b349094a8635cd5c7ae1293c5","sellTxId":"985793a0b2fe2c3a9a92946bcfc1d89bed0efb59"}
{"index": {"_index":"leo","_id":"1444812"}}
	{"id":1444812,"type":"sell","buyer":"nedsaying123","seller":"votebetting","symbol":"LEO","quantity":"0.163","price":"0.49908800","timestamp":1630270731,"volume":"0.08135134","buyTxId":"2fcd61089771ac0b349094a8635cd5c7ae1293c5","sellTxId":"b1ffa4bac1789dc8c0be148e3c4b5ed126ca3d49"}
{"index": {"_index":"leo","_id":"1444858"}}
	{"id":1444858,"type":"buy","buyer":"jrcornel","seller":"onealfa.leo","symbol":"LEO","quantity":"13.484","price":"0.49908997","timestamp":1630271298,"volume":"6.72972916","buyTxId":"2453c542bb9d5251928a4be55d8590c729681538","sellTxId":"fec83302c19f24789d6d5c5f55794fdccb8cf59e"}
{"index": {"_index":"leo","_id":"1444874"}}
	{"id":1444874,"type":"sell","buyer":"jrcornel","seller":"acesontop","symbol":"LEO","quantity":"78","price":"0.49908997","timestamp":1630271469,"volume":"38.92901766","buyTxId":"2453c542bb9d5251928a4be55d8590c729681538","sellTxId":"a2931a34c725cc3126b4f4dcc91fc84ace17ed79"}
{"index": {"_index":"leo","_id":"1444896"}}
	{"id":1444896,"type":"sell","buyer":"nedsaying123","seller":"hive.pizza","symbol":"LEO","quantity":"3.6","price":"0.49908800","timestamp":1630271754,"volume":"1.79671680","buyTxId":"2fcd61089771ac0b349094a8635cd5c7ae1293c5","sellTxId":"aef1d72ce593439e309284157d3cc16080f30655"}
{"index": {"_index":"leo","_id":"1444898"}}
	{"id":1444898,"type":"buy","buyer":"jrcornel","seller":"ripazha","symbol":"LEO","quantity":"174.361","price":"0.49908999","timestamp":1630271826,"volume":"87.02182975","buyTxId":"24637d40fd2a4d843fc329e6be9aec25ae2f8f1a","sellTxId":"63402498f4cb097189af7c504ccb48aad2bc2f3e-2"}
{"index": {"_index":"leo","_id":"1444926"}}
	{"id":1444926,"type":"sell","buyer":"nedsaying123","seller":"droida","symbol":"LEO","quantity":"2.289","price":"0.49908800","timestamp":1630272396,"volume":"1.14241243","buyTxId":"2fcd61089771ac0b349094a8635cd5c7ae1293c5","sellTxId":"2ffe58fab168f7f99c5aa861d018e95c6b344e8b"}
{"index": {"_index":"leo","_id":"1444959"}}
	{"id":1444959,"type":"buy","buyer":"olympicdragon","seller":"ripazha","symbol":"LEO","quantity":"2.003","price":"0.49908999","timestamp":1630272828,"volume":"1","buyTxId":"794cf0f40ca2db78b27fe4cbada9f1064e531c35","sellTxId":"230f530fda7138801969f3e5ad972243a484c6d5-2"}
{"index": {"_index":"leo","_id":"1444985"}}
	{"id":1444985,"type":"sell","buyer":"nedsaying123","seller":"lionsuit","symbol":"LEO","quantity":"0.081","price":"0.49908800","timestamp":1630273044,"volume":"0.04042613","buyTxId":"2fcd61089771ac0b349094a8635cd5c7ae1293c5","sellTxId":"cf14bc757932101dfb4a3f6c9a8f2d97174eff1e"}
{"index": {"_index":"leo","_id":"1444992"}}
	{"id":1444992,"type":"sell","buyer":"nedsaying123","seller":"insight.pob","symbol":"LEO","quantity":"12.347","price":"0.49908800","timestamp":1630273137,"volume":"6.16223954","buyTxId":"2fcd61089771ac0b349094a8635cd5c7ae1293c5","sellTxId":"8c7fd465f1eff2f5eb7f4e375dc5807c7d665893"}
{"index": {"_index":"leo","_id":"1445006"}}
	{"id":1445006,"type":"sell","buyer":"nedsaying123","seller":"jk6276","symbol":"LEO","quantity":"48.692","price":"0.49908800","timestamp":1630273395,"volume":"24.30159290","buyTxId":"2fcd61089771ac0b349094a8635cd5c7ae1293c5","sellTxId":"06cfcf2b40045d0c9dd7ef6e42390c27b54242f6"}
{"index": {"_index":"leo","_id":"1445020"}}
	{"id":1445020,"type":"sell","buyer":"nedsaying123","seller":"cccf","symbol":"LEO","quantity":"0.343","price":"0.49908800","timestamp":1630273665,"volume":"0.17118718","buyTxId":"2fcd61089771ac0b349094a8635cd5c7ae1293c5","sellTxId":"7027f6a439361cd2df03d1c392758d4573c7ff7d"}
{"index": {"_index":"leo","_id":"1445096"}}
	{"id":1445096,"type":"buy","buyer":"bigram13","seller":"ripazha","symbol":"LEO","quantity":"245.000","price":"0.49908999","timestamp":1630274283,"volume":"122.27704755","buyTxId":"0327c7adfe92a4d0c38a40423533ff9d9ecc498d","sellTxId":"0cd787e258eb06b042dc7d00e1f4550afbf31e38-2"}
{"index": {"_index":"leo","_id":"1445138"}}
	{"id":1445138,"type":"sell","buyer":"nedsaying123","seller":"jlufer","symbol":"LEO","quantity":"5.504","price":"0.49908800","timestamp":1630274967,"volume":"2.74698035","buyTxId":"2fcd61089771ac0b349094a8635cd5c7ae1293c5","sellTxId":"5cfd6a5a09d17ef75bc8a80207e0c315005ca95c"}
{"index": {"_index":"leo","_id":"1445151"}}
	{"id":1445151,"type":"sell","buyer":"nedsaying123","seller":"chronocrypto","symbol":"LEO","quantity":"69.040","price":"0.49908800","timestamp":1630275045,"volume":"34.45703552","buyTxId":"2fcd61089771ac0b349094a8635cd5c7ae1293c5","sellTxId":"494aeddd8517c1e48c9adeb00480ba1523bc67e7"}
{"index": {"_index":"leo","_id":"1445209"}}
	{"id":1445209,"type":"sell","buyer":"nedsaying123","seller":"haseeb-asif-khan","symbol":"LEO","quantity":"0.793","price":"0.49908800","timestamp":1630276449,"volume":"0.39577678","buyTxId":"2fcd61089771ac0b349094a8635cd5c7ae1293c5","sellTxId":"cbd668104ae557386f80322fb648cd04974b6b0c"}
{"index": {"_index":"leo","_id":"1445240"}}
	{"id":1445240,"type":"sell","buyer":"nedsaying123","seller":"pixelfan","symbol":"LEO","quantity":"0.375","price":"0.49908800","timestamp":1630276917,"volume":"0.18715800","buyTxId":"2fcd61089771ac0b349094a8635cd5c7ae1293c5","sellTxId":"79df0a53a7c71c9fcb964aa81a3d5a21316143a5"}
{"index": {"_index":"leo","_id":"1445305"}}
	{"id":1445305,"type":"sell","buyer":"nedsaying123","seller":"konvik","symbol":"LEO","quantity":"276.834","price":"0.49908800","timestamp":1630277967,"volume":"138.16452739","buyTxId":"2fcd61089771ac0b349094a8635cd5c7ae1293c5","sellTxId":"883305d2ef6e67d7cfa5e876d90d43dc869a13ea-1"}
{"index": {"_index":"leo","_id":"1445324"}}
	{"id":1445324,"type":"sell","buyer":"nedsaying123","seller":"bashadow","symbol":"LEO","quantity":"0.981","price":"0.49908800","timestamp":1630278339,"volume":"0.48960533","buyTxId":"2fcd61089771ac0b349094a8635cd5c7ae1293c5","sellTxId":"c865757242b40d5e2c06b8597b77cd0c4c59a7f5"}
{"index": {"_index":"leo","_id":"1445407"}}
	{"id":1445407,"type":"sell","buyer":"nedsaying123","seller":"cliffagreen","symbol":"LEO","quantity":"0.324","price":"0.49908800","timestamp":1630280211,"volume":"0.16170451","buyTxId":"2fcd61089771ac0b349094a8635cd5c7ae1293c5","sellTxId":"2ae0ef3e81ec24811e750dc712eb15816dda10ee"}
{"index": {"_index":"leo","_id":"1445466"}}
	{"id":1445466,"type":"sell","buyer":"nedsaying123","seller":"jphamer1","symbol":"LEO","quantity":"89.986","price":"0.49908800","timestamp":1630281477,"volume":"44.91093277","buyTxId":"2fcd61089771ac0b349094a8635cd5c7ae1293c5","sellTxId":"c4df53703d6d96b4c1b4aff7ccaab19e2fcf63fc"}
{"index": {"_index":"leo","_id":"1445508"}}
	{"id":1445508,"type":"sell","buyer":"nedsaying123","seller":"brofi-market","symbol":"LEO","quantity":"0.262","price":"0.49908800","timestamp":1630282428,"volume":"0.13076106","buyTxId":"2fcd61089771ac0b349094a8635cd5c7ae1293c5","sellTxId":"b940f0b3e3f69f546d378b89170bcbb7717ae628"}
{"index": {"_index":"leo","_id":"1445541"}}
	{"id":1445541,"type":"sell","buyer":"nedsaying123","seller":"votebetting","symbol":"LEO","quantity":"0.150","price":"0.49908800","timestamp":1630283109,"volume":"0.07486320","buyTxId":"2fcd61089771ac0b349094a8635cd5c7ae1293c5","sellTxId":"4d5e8f4742d9082790efd35edb41b32376e6089b"}
{"index": {"_index":"leo","_id":"1445584"}}
	{"id":1445584,"type":"buy","buyer":"tsnaks","seller":"brofi-market","symbol":"LEO","quantity":"0.262","price":"0.49908999","timestamp":1630283817,"volume":"0.13076158","buyTxId":"4b4d9b4a075a47c00ae9003a5b0bcdd9d69d8603","sellTxId":"dd4318eb6398b8f4c5823a0a32868bbcc6a6439e"}
{"index": {"_index":"leo","_id":"1445585"}}
	{"id":1445585,"type":"buy","buyer":"tsnaks","seller":"ripazha","symbol":"LEO","quantity":"9.610","price":"0.49908999","timestamp":1630283817,"volume":"4.79625480","buyTxId":"4b4d9b4a075a47c00ae9003a5b0bcdd9d69d8603","sellTxId":"83f5104beb33223814817181e57431b98035fa12-2"}
{"index": {"_index":"leo","_id":"1445641"}}
	{"id":1445641,"type":"buy","buyer":"he-index","seller":"ripazha","symbol":"LEO","quantity":"1.316","price":"0.49908999","timestamp":1630284963,"volume":"0.65680243","buyTxId":"301c741c02f3b5e91454eb23e6fd99da49f093ee","sellTxId":"aefe9682633c1fac3c9cb053809c64aff0b12e08-2"}
{"index": {"_index":"leo","_id":"1445652"}}
	{"id":1445652,"type":"buy","buyer":"he-index","seller":"ripazha","symbol":"LEO","quantity":"0.501","price":"0.49908999","timestamp":1630285110,"volume":"0.25004408","buyTxId":"53aff7eaa11d7ece94e40ec0b8e00d81ad5f75bb","sellTxId":"c05d47a81ce2800c753870feb92ad94a1a0e2beb-2"}
{"index": {"_index":"leo","_id":"1445837"}}
	{"id":1445837,"type":"sell","buyer":"nedsaying123","seller":"techcoderx","symbol":"LEO","quantity":"5.191","price":"0.49908800","timestamp":1630289244,"volume":"2.59076581","buyTxId":"2fcd61089771ac0b349094a8635cd5c7ae1293c5","sellTxId":"01edf928d21b754fc0fdbb0d451d104bd3e3d04e"}
{"index": {"_index":"leo","_id":"1445895"}}
	{"id":1445895,"type":"sell","buyer":"nedsaying123","seller":"aotearoa","symbol":"LEO","quantity":"0.060","price":"0.49908800","timestamp":1630290321,"volume":"0.02994528","buyTxId":"2fcd61089771ac0b349094a8635cd5c7ae1293c5","sellTxId":"098beec6c35c6d78f848441d340f075a88096226"}
{"index": {"_index":"leo","_id":"1445909"}}
	{"id":1445909,"type":"sell","buyer":"nedsaying123","seller":"lebah","symbol":"LEO","quantity":"0.560","price":"0.49908800","timestamp":1630290612,"volume":"0.27948928","buyTxId":"2fcd61089771ac0b349094a8635cd5c7ae1293c5","sellTxId":"02061d42ee9f7a4ca457c2ce2eb3a99347b8a175"}
{"index": {"_index":"leo","_id":"1445921"}}
	{"id":1445921,"type":"sell","buyer":"nedsaying123","seller":"rickexe","symbol":"LEO","quantity":"2.896","price":"0.49908800","timestamp":1630291053,"volume":"1.44535885","buyTxId":"2fcd61089771ac0b349094a8635cd5c7ae1293c5","sellTxId":"f00ca6907a2793c4708afdbae27544f458ad6931"}
{"index": {"_index":"leo","_id":"1445967"}}
	{"id":1445967,"type":"sell","buyer":"nedsaying123","seller":"samgiset","symbol":"LEO","quantity":"23.201","price":"0.49908800","timestamp":1630291713,"volume":"11.57934069","buyTxId":"2fcd61089771ac0b349094a8635cd5c7ae1293c5","sellTxId":"f6504bfc31b86b568b54eb2d5ca85f702fce7dc9"}
