{"index": {"_index":"leo","_id":"3231415"}}
	{"id":3231415,"type":"sell","buyer":"pi-trader","seller":"microbot","symbol":"LEO","quantity":"0.226","price":"0.18001902","timestamp":1650339219,"volume":"0.04068430","buyTxId":"f7d514c973d6d375787d3b077b53a8bd6b123617-2","sellTxId":"ddf1fd5346e7dbf5f1c86ef89a432a24c61eb42d"}
{"index": {"_index":"leo","_id":"3231423"}}
	{"id":3231423,"type":"sell","buyer":"pi-trader","seller":"grand.strategy","symbol":"LEO","quantity":"0.226","price":"0.18001902","timestamp":1650339276,"volume":"0.04068430","buyTxId":"e99073a70771dfbd9fa39dd41a272f00a8681738-1","sellTxId":"0629e3a6004a9dee4924c1937787e6ea258f160c"}
{"index": {"_index":"leo","_id":"3231480"}}
	{"id":3231480,"type":"sell","buyer":"pi-trader","seller":"anomadsoul","symbol":"LEO","quantity":"300.000","price":"0.18001902","timestamp":1650339594,"volume":"54.00570600","buyTxId":"6e3a2d0134e1cefedc435d453d8e236af50425d2-2","sellTxId":"1591487dd1650fd4219f7d78e203ab36476ff528"}
{"index": {"_index":"leo","_id":"3231481"}}
	{"id":3231481,"type":"sell","buyer":"mes","seller":"anomadsoul","symbol":"LEO","quantity":"607.013","price":"0.18001901","timestamp":1650339594,"volume":"109.27387932","buyTxId":"f6d191a0b4949d36913e013e137b28bc1c0a0dab","sellTxId":"1591487dd1650fd4219f7d78e203ab36476ff528"}
{"index": {"_index":"leo","_id":"3231542"}}
	{"id":3231542,"type":"sell","buyer":"pi-trader","seller":"lichtblick","symbol":"LEO","quantity":"123.671","price":"0.18001904","timestamp":1650340512,"volume":"22.26313470","buyTxId":"f4d152b3008b93788afe105e90ad0070d862edcc-1","sellTxId":"f45d113c6b7faec1e6538d9154a65c9f23703b0b"}
{"index": {"_index":"leo","_id":"3231638"}}
	{"id":3231638,"type":"sell","buyer":"nastyforce","seller":"gondrong","symbol":"LEO","quantity":"3.060","price":"0.18001903","timestamp":1650341949,"volume":"0.55085823","buyTxId":"6ce178ff2157e0ef878fca8c5cd8a21df303f296","sellTxId":"3599a6ec0cb650311f40c179ff321d1fdd73de97"}
{"index": {"_index":"leo","_id":"3231662"}}
	{"id":3231662,"type":"buy","buyer":"scaredycatguide","seller":"pi-trader","symbol":"LEO","quantity":"100.000","price":"0.18399899","timestamp":1650342234,"volume":"18.39989900","buyTxId":"64abfca7d1e790956895c8792c6464b6b6ef22c8","sellTxId":"c086f72e13c20a35095d824fce60c52eec701b10-1"}
{"index": {"_index":"leo","_id":"3231663"}}
	{"id":3231663,"type":"sell","buyer":"scaredycatguide","seller":"svirus","symbol":"LEO","quantity":"705.000","price":"0.18399899","timestamp":1650342237,"volume":"129.71928795","buyTxId":"64abfca7d1e790956895c8792c6464b6b6ef22c8","sellTxId":"0da34ed2affd4904d5d4c2f1e1e3b46574be4a35-1"}
{"index": {"_index":"leo","_id":"3231674"}}
	{"id":3231674,"type":"sell","buyer":"pi-trader","seller":"mango-juice","symbol":"LEO","quantity":"2.604","price":"0.18001904","timestamp":1650342414,"volume":"0.46876958","buyTxId":"78b46ac56f6f877b94a7f1b7695e2b684a2db0b2-1","sellTxId":"9cad270229dd04219a5343bd829b3c6c3ae5607c"}
{"index": {"_index":"leo","_id":"3231774"}}
	{"id":3231774,"type":"sell","buyer":"pi-trader","seller":"steem82868","symbol":"LEO","quantity":"2.000","price":"0.18001904","timestamp":1650344085,"volume":"0.36003808","buyTxId":"7b0c8cde1b0a40f4f862203feb918180bd5bdee8-2","sellTxId":"78af5f54322d126d3676ae7a34bf42800edaa03a"}
{"index": {"_index":"leo","_id":"3231778"}}
	{"id":3231778,"type":"buy","buyer":"pedrobrito2004","seller":"leomaker","symbol":"LEO","quantity":"2.514","price":"0.18399900","timestamp":1650344160,"volume":"0.46257349","buyTxId":"9f5ba5b22170769c371bdb6f068694cc210bdb4b","sellTxId":"4907f72054a0631369c28e514cba1b089046af92"}
{"index": {"_index":"leo","_id":"3231824"}}
	{"id":3231824,"type":"buy","buyer":"elisheva","seller":"leomaker","symbol":"LEO","quantity":"0.031","price":"0.18399900","timestamp":1650344946,"volume":"0.00570397","buyTxId":"2f66f328215ed66f52dfb08ed5e035a5d6e8c32c","sellTxId":"4907f72054a0631369c28e514cba1b089046af92"}
{"index": {"_index":"leo","_id":"3231871"}}
	{"id":3231871,"type":"sell","buyer":"pi-trader","seller":"xplosive","symbol":"LEO","quantity":"17.087","price":"0.18001904","timestamp":1650345780,"volume":"3.07598534","buyTxId":"605766c7c5a31e505181567ce64aee1142626d90-2","sellTxId":"78b3679b774a7c4ba151dff8b3ff2671e9e98690"}
{"index": {"_index":"leo","_id":"3232169"}}
	{"id":3232169,"type":"sell","buyer":"pi-trader","seller":"melbourneswest","symbol":"LEO","quantity":"5","price":"0.18001904","timestamp":1650349839,"volume":"0.90009520","buyTxId":"ee3cbe9f1f935f045dc4be52cc46a9c071f5aef6-4","sellTxId":"b5384f103c965073c3b320829e6d546ba6b9ec49"}
{"index": {"_index":"leo","_id":"3232185"}}
	{"id":3232185,"type":"sell","buyer":"pi-trader","seller":"helios.voter","symbol":"LEO","quantity":"0.109","price":"0.18001904","timestamp":1650350190,"volume":"0.01962208","buyTxId":"0eebe516315dbc0cbfd55cc2ae0f5a923e29212a-2","sellTxId":"bc417d2ae6ba275365b9c47aa802d50b2bae80fe"}
{"index": {"_index":"leo","_id":"3232491"}}
	{"id":3232491,"type":"buy","buyer":"barski","seller":"independance","symbol":"LEO","quantity":"0.013","price":"0.18001923","timestamp":1650354072,"volume":"0.00234025","buyTxId":"83c93157c4819a77d365e79c1cfe4b1c15b31541","sellTxId":"4f59d73bd19a5cfb0e904a0c0fc7bce0b37f4c8f"}
{"index": {"_index":"leo","_id":"3232496"}}
	{"id":3232496,"type":"buy","buyer":"barski","seller":"mushanov","symbol":"LEO","quantity":"0.620","price":"0.18300000","timestamp":1650354132,"volume":"0.11346000","buyTxId":"02dec81f635643c8b55203620093ea72e291b835","sellTxId":"ee816248bc2d09c4817bdefdd92bd44e615fd9ef"}
{"index": {"_index":"leo","_id":"3232534"}}
	{"id":3232534,"type":"sell","buyer":"pi-trader","seller":"iyiade","symbol":"LEO","quantity":"23.500","price":"0.18001904","timestamp":1650354693,"volume":"4.23044744","buyTxId":"1e01a9335dc30c500e53fe1d658281b9c8aaa5ab-1","sellTxId":"807f8a1c5e5443e9bb8c7faef29c5b14d563debe"}
{"index": {"_index":"leo","_id":"3232595"}}
	{"id":3232595,"type":"sell","buyer":"pi-trader","seller":"hannahhive","symbol":"LEO","quantity":"14.640","price":"0.18001904","timestamp":1650355287,"volume":"2.63547875","buyTxId":"be538da2119508bd45e8fbfacdfaf17891989d48-2","sellTxId":"4757316f81ac643ca7347d7cd03f93e594e46dbc"}
{"index": {"_index":"leo","_id":"3232638"}}
	{"id":3232638,"type":"sell","buyer":"pi-trader","seller":"holbein81","symbol":"LEO","quantity":"300.000","price":"0.18001904","timestamp":1650355632,"volume":"54.00571200","buyTxId":"27dec1003a322e117ef5744b46e85d755c0e0c37-2","sellTxId":"9f0890526c02fdf1eb926af6fd17851d1f899434"}
{"index": {"_index":"leo","_id":"3232639"}}
	{"id":3232639,"type":"sell","buyer":"nastyforce","seller":"holbein81","symbol":"LEO","quantity":"2.908","price":"0.18001903","timestamp":1650355632,"volume":"0.52349534","buyTxId":"6ce178ff2157e0ef878fca8c5cd8a21df303f296","sellTxId":"9f0890526c02fdf1eb926af6fd17851d1f899434"}
{"index": {"_index":"leo","_id":"3232640"}}
	{"id":3232640,"type":"sell","buyer":"mes","seller":"holbein81","symbol":"LEO","quantity":"70.271","price":"0.18001901","timestamp":1650355632,"volume":"12.65011585","buyTxId":"f6d191a0b4949d36913e013e137b28bc1c0a0dab","sellTxId":"9f0890526c02fdf1eb926af6fd17851d1f899434"}
{"index": {"_index":"leo","_id":"3232642"}}
	{"id":3232642,"type":"sell","buyer":"mes","seller":"globetrottergcc","symbol":"LEO","quantity":"5.249","price":"0.18001901","timestamp":1650355653,"volume":"0.94491978","buyTxId":"f6d191a0b4949d36913e013e137b28bc1c0a0dab","sellTxId":"8b30f7a34a4816cf23da32ade5af7e60287c7293"}
{"index": {"_index":"leo","_id":"3232659"}}
	{"id":3232659,"type":"sell","buyer":"pi-trader","seller":"fedesox","symbol":"LEO","quantity":"300.000","price":"0.18001902","timestamp":1650355902,"volume":"54.00570600","buyTxId":"f6c9cfa3392a9974668aa6cb85e40c136062b6ce-1","sellTxId":"34679edab72ca7513c563d2d729c550d8c4e228d"}
{"index": {"_index":"leo","_id":"3232660"}}
	{"id":3232660,"type":"sell","buyer":"mes","seller":"fedesox","symbol":"LEO","quantity":"264.035","price":"0.18001901","timestamp":1650355902,"volume":"47.53131931","buyTxId":"f6d191a0b4949d36913e013e137b28bc1c0a0dab","sellTxId":"34679edab72ca7513c563d2d729c550d8c4e228d"}
{"index": {"_index":"leo","_id":"3232683"}}
	{"id":3232683,"type":"sell","buyer":"pi-trader","seller":"brofi-market","symbol":"LEO","quantity":"8.634","price":"0.18001902","timestamp":1650356091,"volume":"1.55428422","buyTxId":"086ea090891c7e516d1038221a7629f79ee7b42b-1","sellTxId":"95d0dfd2397971aa1a8d44ba394ed83eca4f5192"}
{"index": {"_index":"leo","_id":"3232715"}}
	{"id":3232715,"type":"sell","buyer":"pi-trader","seller":"miketr","symbol":"LEO","quantity":"0.566","price":"0.18001902","timestamp":1650356253,"volume":"0.10189077","buyTxId":"eef3092951b7ac7c1de5494e8e9e47dcb178500b-2","sellTxId":"d13be258608fa63de3365f59d3491505d4f2209c"}
{"index": {"_index":"leo","_id":"3232772"}}
	{"id":3232772,"type":"sell","buyer":"pi-trader","seller":"kevinnag58","symbol":"LEO","quantity":"100","price":"0.18001902","timestamp":1650357081,"volume":"18.00190200","buyTxId":"8fd4964c8d7bc6ab68a64a2c86f8fc30a1318061-2","sellTxId":"3abbfbc95d1cf7a44a0888b50247906394fbcb6e"}
{"index": {"_index":"leo","_id":"3232796"}}
	{"id":3232796,"type":"sell","buyer":"mes","seller":"cursephantom","symbol":"LEO","quantity":"0.292","price":"0.18001901","timestamp":1650357606,"volume":"0.05256555","buyTxId":"f6d191a0b4949d36913e013e137b28bc1c0a0dab","sellTxId":"2d38b98a1a170a6a3fa0546f1c62ec1cdd0aaee6"}
{"index": {"_index":"leo","_id":"3232838"}}
	{"id":3232838,"type":"sell","buyer":"mes","seller":"berthold","symbol":"LEO","quantity":"1.140","price":"0.18001901","timestamp":1650358077,"volume":"0.20522167","buyTxId":"f6d191a0b4949d36913e013e137b28bc1c0a0dab","sellTxId":"2d725a9e1172c45d256fe31a8e813a121d50b6ab"}
{"index": {"_index":"leo","_id":"3232896"}}
	{"id":3232896,"type":"sell","buyer":"mes","seller":"investyourvote","symbol":"LEO","quantity":"1.004","price":"0.18001901","timestamp":1650359115,"volume":"0.18073909","buyTxId":"f6d191a0b4949d36913e013e137b28bc1c0a0dab","sellTxId":"d7966585395539dfc2ddcb1b418d9a859473bdb7"}
{"index": {"_index":"leo","_id":"3232922"}}
	{"id":3232922,"type":"sell","buyer":"mes","seller":"investyourvote","symbol":"LEO","quantity":"1.000","price":"0.18001901","timestamp":1650359622,"volume":"0.18001901","buyTxId":"f6d191a0b4949d36913e013e137b28bc1c0a0dab","sellTxId":"717c8b6eaec8137dd7b3e944005cd619411009b1"}
{"index": {"_index":"leo","_id":"3233087"}}
	{"id":3233087,"type":"sell","buyer":"mes","seller":"bilpcoinbpc","symbol":"LEO","quantity":"0.132","price":"0.18001901","timestamp":1650362502,"volume":"0.02376251","buyTxId":"f6d191a0b4949d36913e013e137b28bc1c0a0dab","sellTxId":"f8a7149bc87521f16e3e438683651976b227c2de"}
{"index": {"_index":"leo","_id":"3233235"}}
	{"id":3233235,"type":"sell","buyer":"mes","seller":"lotto-de","symbol":"LEO","quantity":"0.724","price":"0.18001901","timestamp":1650364272,"volume":"0.13033376","buyTxId":"f6d191a0b4949d36913e013e137b28bc1c0a0dab","sellTxId":"c0d853988bee05eaea1797fdc2eb64a96629521d"}
{"index": {"_index":"leo","_id":"3233347"}}
	{"id":3233347,"type":"sell","buyer":"pi-trader","seller":"humor0404","symbol":"LEO","quantity":"87.408","price":"0.18001902","timestamp":1650365541,"volume":"15.73510250","buyTxId":"b84398770a49c9c026e4e80f23de8445416a6359","sellTxId":"7c1e557e3511292956668c1988085fff6ee64f00"}
{"index": {"_index":"leo","_id":"3233356"}}
	{"id":3233356,"type":"sell","buyer":"mes","seller":"tothebatpoles","symbol":"LEO","quantity":"36.108","price":"0.18001901","timestamp":1650365787,"volume":"6.50012641","buyTxId":"f6d191a0b4949d36913e013e137b28bc1c0a0dab","sellTxId":"6ee593500f0084cdbf8d49731c5637bcc74ff2b8"}
{"index": {"_index":"leo","_id":"3233362"}}
	{"id":3233362,"type":"sell","buyer":"mes","seller":"creativeinsight","symbol":"LEO","quantity":"23.107","price":"0.18001901","timestamp":1650365910,"volume":"4.15969926","buyTxId":"f6d191a0b4949d36913e013e137b28bc1c0a0dab","sellTxId":"67a313cdfdfbea202a55de5f557e0082e2285f5c"}
{"index": {"_index":"leo","_id":"3233385"}}
	{"id":3233385,"type":"sell","buyer":"mes","seller":"greatideas","symbol":"LEO","quantity":"21.331","price":"0.18001901","timestamp":1650366234,"volume":"3.83998550","buyTxId":"f6d191a0b4949d36913e013e137b28bc1c0a0dab","sellTxId":"6d283c173762d98d07d3a8044e9e450180810a6a"}
{"index": {"_index":"leo","_id":"3233398"}}
	{"id":3233398,"type":"sell","buyer":"mes","seller":"devotedman","symbol":"LEO","quantity":"58.653","price":"0.18001901","timestamp":1650366537,"volume":"10.55865499","buyTxId":"f6d191a0b4949d36913e013e137b28bc1c0a0dab","sellTxId":"23b1f689c2150d442d25f08be1a664f6bf67073c"}
{"index": {"_index":"leo","_id":"3233457"}}
	{"id":3233457,"type":"sell","buyer":"mes","seller":"thranax","symbol":"LEO","quantity":"3.390","price":"0.18001901","timestamp":1650367302,"volume":"0.61026444","buyTxId":"f6d191a0b4949d36913e013e137b28bc1c0a0dab","sellTxId":"06bdd4c821e5a2dff9579a6a213ef91600a9a76f"}
{"index": {"_index":"leo","_id":"3233478"}}
	{"id":3233478,"type":"sell","buyer":"mes","seller":"mrtats","symbol":"LEO","quantity":"3.358","price":"0.18001901","timestamp":1650367545,"volume":"0.60450384","buyTxId":"f6d191a0b4949d36913e013e137b28bc1c0a0dab","sellTxId":"ab306fc184d92009490f8432e5388b979bd58c3f"}
{"index": {"_index":"leo","_id":"3233505"}}
	{"id":3233505,"type":"sell","buyer":"mes","seller":"anna89","symbol":"LEO","quantity":"1.761","price":"0.18001901","timestamp":1650367872,"volume":"0.31701348","buyTxId":"f6d191a0b4949d36913e013e137b28bc1c0a0dab","sellTxId":"43acc8961cfab16d45bf3d3701b0e9820985414e"}
{"index": {"_index":"leo","_id":"3233589"}}
	{"id":3233589,"type":"sell","buyer":"mes","seller":"russia-btc","symbol":"LEO","quantity":"41.933","price":"0.18001901","timestamp":1650368565,"volume":"7.54873715","buyTxId":"f6d191a0b4949d36913e013e137b28bc1c0a0dab","sellTxId":"e4880294c01450b6145162c3abccc44002cc5216"}
{"index": {"_index":"leo","_id":"3233724"}}
	{"id":3233724,"type":"sell","buyer":"mes","seller":"brofi-market","symbol":"LEO","quantity":"0.001","price":"0.18001901","timestamp":1650370176,"volume":"0.00018002","buyTxId":"f6d191a0b4949d36913e013e137b28bc1c0a0dab","sellTxId":"832b539c38fb9c3e8a032ab339c0eecf78a582cc"}
{"index": {"_index":"leo","_id":"3233896"}}
	{"id":3233896,"type":"sell","buyer":"mes","seller":"offgridlife","symbol":"LEO","quantity":"22.557","price":"0.18001901","timestamp":1650372084,"volume":"4.06068881","buyTxId":"f6d191a0b4949d36913e013e137b28bc1c0a0dab","sellTxId":"7bc143a63f31e83c21e7bc7872c6778b4eb34258"}
{"index": {"_index":"leo","_id":"3233928"}}
	{"id":3233928,"type":"sell","buyer":"mes","seller":"dhedge-drips","symbol":"LEO","quantity":"0.924","price":"0.18001901","timestamp":1650372357,"volume":"0.16633757","buyTxId":"f6d191a0b4949d36913e013e137b28bc1c0a0dab","sellTxId":"b9d3e33ba3413ff2377a6899737817b892668ae3"}
{"index": {"_index":"leo","_id":"3234108"}}
	{"id":3234108,"type":"sell","buyer":"mes","seller":"investinthefutur","symbol":"LEO","quantity":"2.245","price":"0.18001901","timestamp":1650375198,"volume":"0.40414268","buyTxId":"f6d191a0b4949d36913e013e137b28bc1c0a0dab","sellTxId":"b20789c98cbc12dcca9357bd4444e57b068cfbb1"}
{"index": {"_index":"leo","_id":"3234345"}}
	{"id":3234345,"type":"buy","buyer":"whatsup","seller":"master-lamps","symbol":"LEO","quantity":"7.159","price":"0.18299999","timestamp":1650378084,"volume":"1.31009693","buyTxId":"35ecdb2d9860b1c90636283c6c073186dadb4410","sellTxId":"e2591296c93c0e00dc32c6ac55e1668f4baa3350"}
{"index": {"_index":"leo","_id":"3234346"}}
	{"id":3234346,"type":"buy","buyer":"whatsup","seller":"brofi-market","symbol":"LEO","quantity":"8.634","price":"0.18299999","timestamp":1650378084,"volume":"1.58002191","buyTxId":"35ecdb2d9860b1c90636283c6c073186dadb4410","sellTxId":"01081f35482ca1f483dc505adbefcba11d1a150f"}
{"index": {"_index":"leo","_id":"3234347"}}
	{"id":3234347,"type":"buy","buyer":"whatsup","seller":"brofi-market","symbol":"LEO","quantity":"0.001","price":"0.18299999","timestamp":1650378084,"volume":"0.00018300","buyTxId":"35ecdb2d9860b1c90636283c6c073186dadb4410","sellTxId":"fb640e4839775e780f1288657ffe19f8fec0f56c"}
{"index": {"_index":"leo","_id":"3234348"}}
	{"id":3234348,"type":"buy","buyer":"whatsup","seller":"dhedge-drips","symbol":"LEO","quantity":"0.924","price":"0.18299999","timestamp":1650378084,"volume":"0.16909199","buyTxId":"35ecdb2d9860b1c90636283c6c073186dadb4410","sellTxId":"d312443f70e06539fc60d3dbb631c1ad179d7fb9"}
{"index": {"_index":"leo","_id":"3234349"}}
	{"id":3234349,"type":"buy","buyer":"whatsup","seller":"mushanov","symbol":"LEO","quantity":"5.047","price":"0.18300000","timestamp":1650378084,"volume":"0.92360100","buyTxId":"35ecdb2d9860b1c90636283c6c073186dadb4410","sellTxId":"ee816248bc2d09c4817bdefdd92bd44e615fd9ef"}
{"index": {"_index":"leo","_id":"3234360"}}
	{"id":3234360,"type":"buy","buyer":"is200","seller":"pi-trader","symbol":"LEO","quantity":"0.054","price":"0.18399899","timestamp":1650378243,"volume":"0.01","buyTxId":"93ad0c97aff32374176cb9234c0135f268951f26","sellTxId":"ae7cd7d947e14fa5883d906b3e8df22d1bb2b864"}
{"index": {"_index":"leo","_id":"3234390"}}
	{"id":3234390,"type":"sell","buyer":"whatsup","seller":"svirus","symbol":"LEO","quantity":"23.230","price":"0.18300000","timestamp":1650378828,"volume":"4.25109000","buyTxId":"35ecdb2d9860b1c90636283c6c073186dadb4410","sellTxId":"3f46573a2585a63cc52e58f093f0d847c93fd3f4-1"}
{"index": {"_index":"leo","_id":"3234392"}}
	{"id":3234392,"type":"sell","buyer":"whatsup","seller":"pjansen","symbol":"LEO","quantity":"0.005","price":"0.18300000","timestamp":1650378861,"volume":"0.00091500","buyTxId":"35ecdb2d9860b1c90636283c6c073186dadb4410","sellTxId":"35f492a60a88bc0a4d29dc4ee3b977f97d28a91b"}
{"index": {"_index":"leo","_id":"3234543"}}
	{"id":3234543,"type":"buy","buyer":"whatsup","seller":"pi-trader","symbol":"LEO","quantity":"45.000","price":"0.18399899","timestamp":1650380169,"volume":"8.27995455","buyTxId":"4179a2f1794c6d1273d78382d0ff4431b2fe223e","sellTxId":"d9a4e05060d7fa65fe9158d558c785d8b032f498"}
{"index": {"_index":"leo","_id":"3234609"}}
	{"id":3234609,"type":"buy","buyer":"beemd","seller":"pi-trader","symbol":"LEO","quantity":"1.655","price":"0.18399799","timestamp":1650381234,"volume":"0.30451667","buyTxId":"21a6e1144909af1699d0d76c30c96fe872e2720d","sellTxId":"e41ecd9cd3a593d5e3072673d213b72cbf23da72-1"}
{"index": {"_index":"leo","_id":"3234628"}}
	{"id":3234628,"type":"sell","buyer":"mes","seller":"ozohu","symbol":"LEO","quantity":"59.351","price":"0.18001901","timestamp":1650381456,"volume":"10.68430826","buyTxId":"f6d191a0b4949d36913e013e137b28bc1c0a0dab","sellTxId":"5a32fae0ef2bdbee27637049688522391d34157c"}
{"index": {"_index":"leo","_id":"3234677"}}
	{"id":3234677,"type":"sell","buyer":"mes","seller":"sirdemian","symbol":"LEO","quantity":"2.3","price":"0.18001901","timestamp":1650382317,"volume":"0.41404372","buyTxId":"f6d191a0b4949d36913e013e137b28bc1c0a0dab","sellTxId":"f13b162bab14d5dfa5bd9796415cd504d6a84a14"}
{"index": {"_index":"leo","_id":"3234813"}}
	{"id":3234813,"type":"sell","buyer":"mes","seller":"diegomanrique","symbol":"LEO","quantity":"51.177","price":"0.18001901","timestamp":1650384084,"volume":"9.21283287","buyTxId":"f6d191a0b4949d36913e013e137b28bc1c0a0dab","sellTxId":"b530ad2fb341fff50e0b1d2293f8805b859f19e3"}
{"index": {"_index":"leo","_id":"3235042"}}
	{"id":3235042,"type":"sell","buyer":"mes","seller":"solistyle2","symbol":"LEO","quantity":"1.297","price":"0.18001901","timestamp":1650387111,"volume":"0.23348466","buyTxId":"f6d191a0b4949d36913e013e137b28bc1c0a0dab","sellTxId":"9d8e9be18b10451b3100c3f2543b5a5fb1f7a146"}
{"index": {"_index":"leo","_id":"3235057"}}
	{"id":3235057,"type":"sell","buyer":"mes","seller":"jphamer1","symbol":"LEO","quantity":"67.016","price":"0.18001901","timestamp":1650387186,"volume":"12.06415397","buyTxId":"f6d191a0b4949d36913e013e137b28bc1c0a0dab","sellTxId":"bce190fc8ecefb48bb3ac462e1deda9ebc275600"}
{"index": {"_index":"leo","_id":"3235073"}}
	{"id":3235073,"type":"sell","buyer":"mes","seller":"nuthman","symbol":"LEO","quantity":"25.726","price":"0.18001901","timestamp":1650387267,"volume":"4.63116905","buyTxId":"f6d191a0b4949d36913e013e137b28bc1c0a0dab","sellTxId":"02de173b1e3990b4e100e97ba2d07e41200fd961"}
{"index": {"_index":"leo","_id":"3235171"}}
	{"id":3235171,"type":"sell","buyer":"mes","seller":"dswap","symbol":"LEO","quantity":"0.29","price":"0.18001901","timestamp":1650387936,"volume":"0.05220551","buyTxId":"f6d191a0b4949d36913e013e137b28bc1c0a0dab","sellTxId":"4445cb228722544b4a4790b8f47bd7f8c7d059ac"}
{"index": {"_index":"leo","_id":"3235206"}}
	{"id":3235206,"type":"sell","buyer":"mes","seller":"fnvdesigns","symbol":"LEO","quantity":"0.087","price":"0.18001901","timestamp":1650388149,"volume":"0.01566165","buyTxId":"f6d191a0b4949d36913e013e137b28bc1c0a0dab","sellTxId":"fb31f288f937d6989ca41a5273c15cf8bb4e6ffe"}
{"index": {"_index":"leo","_id":"3235280"}}
	{"id":3235280,"type":"buy","buyer":"ugochill","seller":"pi-trader","symbol":"LEO","quantity":"1.000","price":"0.18399299","timestamp":1650388620,"volume":"0.18399299","buyTxId":"b818bc6b75497bebdfc059041530f8950d505648","sellTxId":"dbdb18dc3aa93536326cbbd9c08540058b5ac295-3"}
{"index": {"_index":"leo","_id":"3235316"}}
	{"id":3235316,"type":"sell","buyer":"mes","seller":"invest-time","symbol":"LEO","quantity":"2.046","price":"0.18001901","timestamp":1650388875,"volume":"0.36831889","buyTxId":"f6d191a0b4949d36913e013e137b28bc1c0a0dab","sellTxId":"c23570ab57fc6f5316fdc6ba77c701594c51ab0e"}
{"index": {"_index":"leo","_id":"3235391"}}
	{"id":3235391,"type":"sell","buyer":"mes","seller":"mindtrap-leo","symbol":"LEO","quantity":"24.482","price":"0.18001901","timestamp":1650389511,"volume":"4.40722540","buyTxId":"f6d191a0b4949d36913e013e137b28bc1c0a0dab","sellTxId":"2064fdf1fb8fec45b0405ff221bfbd32115c53d3"}
{"index": {"_index":"leo","_id":"3235392"}}
	{"id":3235392,"type":"sell","buyer":"edkarnie","seller":"mindtrap-leo","symbol":"LEO","quantity":"100.000","price":"0.18001900","timestamp":1650389511,"volume":"18.00190000","buyTxId":"767062f5386216f95ae31f22f7bda878f605ab8b","sellTxId":"2064fdf1fb8fec45b0405ff221bfbd32115c53d3"}
{"index": {"_index":"leo","_id":"3235393"}}
	{"id":3235393,"type":"sell","buyer":"leomaker","seller":"mindtrap-leo","symbol":"LEO","quantity":"28.792","price":"0.18001800","timestamp":1650389511,"volume":"5.18307826","buyTxId":"eb137dacd4c3e25c6f07a354d3cd7e7a1fbf9fb2","sellTxId":"2064fdf1fb8fec45b0405ff221bfbd32115c53d3"}
{"index": {"_index":"leo","_id":"3235394"}}
	{"id":3235394,"type":"sell","buyer":"leomaker","seller":"mindtrap-leo","symbol":"LEO","quantity":"29.396","price":"0.18001600","timestamp":1650389511,"volume":"5.29175034","buyTxId":"e29be9f79322baa383322955a359b8ea30b169dd","sellTxId":"2064fdf1fb8fec45b0405ff221bfbd32115c53d3"}
{"index": {"_index":"leo","_id":"3235395"}}
	{"id":3235395,"type":"sell","buyer":"leomaker","seller":"mindtrap-leo","symbol":"LEO","quantity":"23.839","price":"0.18001400","timestamp":1650389511,"volume":"4.29135375","buyTxId":"24328916b351da84d1aa67e8c58c973599430e36","sellTxId":"2064fdf1fb8fec45b0405ff221bfbd32115c53d3"}
{"index": {"_index":"leo","_id":"3235427"}}
	{"id":3235427,"type":"sell","buyer":"leomaker","seller":"emsonic","symbol":"LEO","quantity":"5.366","price":"0.18001400","timestamp":1650389871,"volume":"0.96595512","buyTxId":"24328916b351da84d1aa67e8c58c973599430e36","sellTxId":"533aeb93c8950bcc222aed68129d4fe25d23f6ef"}
{"index": {"_index":"leo","_id":"3235611"}}
	{"id":3235611,"type":"sell","buyer":"leomaker","seller":"mrtats","symbol":"LEO","quantity":"0.808","price":"0.18001400","timestamp":1650391767,"volume":"0.14545131","buyTxId":"24328916b351da84d1aa67e8c58c973599430e36","sellTxId":"83e8cb9e56bb3e058847b52853a82ba104842d47"}
{"index": {"_index":"leo","_id":"3235612"}}
	{"id":3235612,"type":"sell","buyer":"leomaker","seller":"mrtats","symbol":"LEO","quantity":"0.908","price":"0.18001200","timestamp":1650391767,"volume":"0.16345090","buyTxId":"8f75e46ff8f17495a6ff51487c4e21646e0850e5","sellTxId":"83e8cb9e56bb3e058847b52853a82ba104842d47"}
{"index": {"_index":"leo","_id":"3235720"}}
	{"id":3235720,"type":"sell","buyer":"leomaker","seller":"pob.curator","symbol":"LEO","quantity":"0.517","price":"0.18001200","timestamp":1650392631,"volume":"0.09306620","buyTxId":"8f75e46ff8f17495a6ff51487c4e21646e0850e5","sellTxId":"bd706bfb528ab679e489b21ab33bc6ecbdbbb1cd"}
{"index": {"_index":"leo","_id":"3235822"}}
	{"id":3235822,"type":"sell","buyer":"leomaker","seller":"dhedge-drips","symbol":"LEO","quantity":"0.001","price":"0.18001200","timestamp":1650393945,"volume":"0.00018001","buyTxId":"8f75e46ff8f17495a6ff51487c4e21646e0850e5","sellTxId":"1f0c2bfec1d0a2ac1d2223b5278ea591843a4c26"}
{"index": {"_index":"leo","_id":"3235857"}}
	{"id":3235857,"type":"buy","buyer":"roninrelax","seller":"pi-trader","symbol":"LEO","quantity":"0.443","price":"0.18398999","timestamp":1650394209,"volume":"0.08150757","buyTxId":"7f56b5dcf04d330c1c4b6ce6c0abde322719a616","sellTxId":"4309b914cd6bf068c729f4dd4ada79bbc2c0a3b6-1"}
{"index": {"_index":"leo","_id":"3235911"}}
	{"id":3235911,"type":"buy","buyer":"peter-stone","seller":"pi-trader","symbol":"LEO","quantity":"0.082","price":"0.18398899","timestamp":1650394815,"volume":"0.01508710","buyTxId":"fd77ca49127e24452fd6f6d6a271bbc83d61710e","sellTxId":"44920fa6fedfe46c6257f723879fd8e71c3d9060-1"}
{"index": {"_index":"leo","_id":"3235931"}}
	{"id":3235931,"type":"buy","buyer":"rikarivka","seller":"pi-trader","symbol":"LEO","quantity":"0.342","price":"0.18398899","timestamp":1650395046,"volume":"0.06292423","buyTxId":"6437c1eb3283345fa5e204d471145796c3630c72","sellTxId":"abd815431b015c3e3c6fc00f3ae6d2b268dbf787-7"}
{"index": {"_index":"leo","_id":"3235948"}}
	{"id":3235948,"type":"sell","buyer":"leomaker","seller":"acesontop","symbol":"LEO","quantity":"29.217","price":"0.18001200","timestamp":1650395301,"volume":"5.25941060","buyTxId":"8f75e46ff8f17495a6ff51487c4e21646e0850e5","sellTxId":"625ef7aa735f5e8812b51f861fa8fae309f098bf"}
{"index": {"_index":"leo","_id":"3235949"}}
	{"id":3235949,"type":"sell","buyer":"leomaker","seller":"acesontop","symbol":"LEO","quantity":"3.538","price":"0.18001000","timestamp":1650395301,"volume":"0.63687538","buyTxId":"9cd0e4bcb8cbfe3bcf6cbc111ff77e206d62c0e6","sellTxId":"625ef7aa735f5e8812b51f861fa8fae309f098bf"}
{"index": {"_index":"leo","_id":"3235950"}}
	{"id":3235950,"type":"sell","buyer":"leomaker","seller":"acesontop","symbol":"LEO","quantity":"19.245","price":"0.18000800","timestamp":1650395301,"volume":"3.46425396","buyTxId":"6ad0441179ae496cf003a37b744e1886f1c36b07","sellTxId":"625ef7aa735f5e8812b51f861fa8fae309f098bf"}
{"index": {"_index":"leo","_id":"3235958"}}
	{"id":3235958,"type":"buy","buyer":"barski","seller":"pi-trader","symbol":"LEO","quantity":"0.169","price":"0.18398899","timestamp":1650395439,"volume":"0.03109414","buyTxId":"35ce844cd85e905d9a3a9c7d811d7ce4d90459f9","sellTxId":"12db905ecb09c1d76b51778b1a099e69c1db3d48-2"}
{"index": {"_index":"leo","_id":"3235960"}}
	{"id":3235960,"type":"sell","buyer":"leomaker","seller":"toofasteddie","symbol":"LEO","quantity":"15.076","price":"0.18000800","timestamp":1650395478,"volume":"2.71380061","buyTxId":"6ad0441179ae496cf003a37b744e1886f1c36b07","sellTxId":"02998e30afb90831b0ad468d9b3e44a5bf001155"}
{"index": {"_index":"leo","_id":"3235995"}}
	{"id":3235995,"type":"buy","buyer":"m2nnari","seller":"pi-trader","symbol":"LEO","quantity":"12.437","price":"0.18398899","timestamp":1650395907,"volume":"2.28827107","buyTxId":"31e6a30edffb98a367ba5d6a31bacb0a30965bdd","sellTxId":"3a0c27ae7bc10667aec89813774c9a8cc5f7e35a-2"}
{"index": {"_index":"leo","_id":"3235996"}}
	{"id":3235996,"type":"sell","buyer":"leomaker","seller":"jjprac","symbol":"LEO","quantity":"4.389","price":"0.18000800","timestamp":1650395922,"volume":"0.79005511","buyTxId":"6ad0441179ae496cf003a37b744e1886f1c36b07","sellTxId":"c987efa8a904365ed010044f10353a97626f3f48"}
{"index": {"_index":"leo","_id":"3236020"}}
	{"id":3236020,"type":"sell","buyer":"leomaker","seller":"denmarkguy","symbol":"LEO","quantity":"1.230","price":"0.18000600","timestamp":1650396093,"volume":"0.22140738","buyTxId":"eff0c615c67a0aab36736d7a9b6a17b79c16a61b","sellTxId":"dc54c3e704c97c7267ac94ead1698ad85ba214b8"}
{"index": {"_index":"leo","_id":"3236042"}}
	{"id":3236042,"type":"sell","buyer":"leomaker","seller":"jjprac","symbol":"LEO","quantity":"33.473","price":"0.18000600","timestamp":1650396330,"volume":"6.02534084","buyTxId":"eff0c615c67a0aab36736d7a9b6a17b79c16a61b","sellTxId":"b04fadbc81430182ba7eec37d6f5202161229dc6"}
{"index": {"_index":"leo","_id":"3236067"}}
	{"id":3236067,"type":"sell","buyer":"leomaker","seller":"reddragonfly","symbol":"LEO","quantity":"0.002","price":"0.18000600","timestamp":1650396468,"volume":"0.00036001","buyTxId":"eff0c615c67a0aab36736d7a9b6a17b79c16a61b","sellTxId":"7953ee58edd4093c2495943c42c9adfcacc682aa"}
{"index": {"_index":"leo","_id":"3236135"}}
	{"id":3236135,"type":"sell","buyer":"leomaker","seller":"curatorcat","symbol":"LEO","quantity":"0.003","price":"0.18000600","timestamp":1650397023,"volume":"0.00054002","buyTxId":"eff0c615c67a0aab36736d7a9b6a17b79c16a61b","sellTxId":"789eacbd60e0fbebe5fb187990ccdf05376a99a4"}
{"index": {"_index":"leo","_id":"3236159"}}
	{"id":3236159,"type":"sell","buyer":"leomaker","seller":"beco132","symbol":"LEO","quantity":"4.816","price":"0.18000600","timestamp":1650397284,"volume":"0.86690889","buyTxId":"eff0c615c67a0aab36736d7a9b6a17b79c16a61b","sellTxId":"f00e9b4d401fcd56aabb07f4571d10d0d7f74c30"}
{"index": {"_index":"leo","_id":"3236490"}}
	{"id":3236490,"type":"sell","buyer":"leomaker","seller":"paulmoon410","symbol":"LEO","quantity":"0.416","price":"0.18000400","timestamp":1650400740,"volume":"0.07488166","buyTxId":"b367f34282a1889910f8a7d43ab222ef9d33428e","sellTxId":"5ba9934dad5221e85cee325fa87cae5702a402aa"}
{"index": {"_index":"leo","_id":"3236519"}}
	{"id":3236519,"type":"sell","buyer":"leomaker","seller":"mein-senf-dazu","symbol":"LEO","quantity":"1.218","price":"0.18000400","timestamp":1650400974,"volume":"0.21924487","buyTxId":"b367f34282a1889910f8a7d43ab222ef9d33428e","sellTxId":"7c3f842b533f5a6cb7c93e06017c9c5bd3d03b32"}
{"index": {"_index":"leo","_id":"3236551"}}
	{"id":3236551,"type":"sell","buyer":"leomaker","seller":"lolzbot","symbol":"LEO","quantity":"2.636","price":"0.18000400","timestamp":1650401253,"volume":"0.47449054","buyTxId":"b367f34282a1889910f8a7d43ab222ef9d33428e","sellTxId":"d758d5caa133e3f4f933eaa9f3286ee3890267b5"}
{"index": {"_index":"leo","_id":"3236668"}}
	{"id":3236668,"type":"buy","buyer":"salviani","seller":"beco132","symbol":"LEO","quantity":"6.184","price":"0.18000600","timestamp":1650402513,"volume":"1.11315710","buyTxId":"4e959cdfc88663261d9f2b53e98fb5be673b54fe","sellTxId":"f00e9b4d401fcd56aabb07f4571d10d0d7f74c30"}
{"index": {"_index":"leo","_id":"3236669"}}
	{"id":3236669,"type":"buy","buyer":"salviani","seller":"leomaker","symbol":"LEO","quantity":"0.662","price":"0.18398900","timestamp":1650402513,"volume":"0.12184290","buyTxId":"4e959cdfc88663261d9f2b53e98fb5be673b54fe","sellTxId":"a173a778ed5ae2bcc49f72e25a95d828c87e35ab"}
{"index": {"_index":"leo","_id":"3236670"}}
	{"id":3236670,"type":"sell","buyer":"leomaker","seller":"double-eagle","symbol":"LEO","quantity":"0.005","price":"0.18000400","timestamp":1650402540,"volume":"0.00090002","buyTxId":"b367f34282a1889910f8a7d43ab222ef9d33428e","sellTxId":"5a360c33ea3c19d27b9958ef764cb8b9301f4ff5"}
{"index": {"_index":"leo","_id":"3236739"}}
	{"id":3236739,"type":"sell","buyer":"leomaker","seller":"rocksg","symbol":"LEO","quantity":"0.864","price":"0.18000400","timestamp":1650403353,"volume":"0.15552346","buyTxId":"b367f34282a1889910f8a7d43ab222ef9d33428e","sellTxId":"7e81c77d3bb4ca02d544acb8fe61440afda8a095"}
{"index": {"_index":"leo","_id":"3236778"}}
	{"id":3236778,"type":"buy","buyer":"salviani","seller":"pi-trader","symbol":"LEO","quantity":"0.511","price":"0.18398799","timestamp":1650403605,"volume":"0.094175","buyTxId":"0a17220545d87e0e8ed5979044e035987d93e672","sellTxId":"54fb950129f8fa6ad2265f1f7f45aa523d1ed55e-3"}
{"index": {"_index":"leo","_id":"3236997"}}
	{"id":3236997,"type":"buy","buyer":"hitmeasap","seller":"pi-trader","symbol":"LEO","quantity":"62.101","price":"0.18398599","timestamp":1650406656,"volume":"11.42571396","buyTxId":"ca787aee7d844d36a0ab033beba4dabcca867cc7","sellTxId":"8a55e12298dfe4829c0fe2760ee3688a958801a2-1"}
{"index": {"_index":"leo","_id":"3237023"}}
	{"id":3237023,"type":"sell","buyer":"leomaker","seller":"doitvoluntarily","symbol":"LEO","quantity":"24.822","price":"0.18000400","timestamp":1650406941,"volume":"4.46805929","buyTxId":"b367f34282a1889910f8a7d43ab222ef9d33428e","sellTxId":"a91e02e0b5e288f48dc0da3f2206a0823d77716b"}
{"index": {"_index":"leo","_id":"3237024"}}
	{"id":3237024,"type":"sell","buyer":"leomaker","seller":"dswap","symbol":"LEO","quantity":"0.068","price":"0.18000400","timestamp":1650406947,"volume":"0.01224027","buyTxId":"b367f34282a1889910f8a7d43ab222ef9d33428e","sellTxId":"d0959e02a3244687dfc868c930815a979234399d"}
{"index": {"_index":"leo","_id":"3237058"}}
	{"id":3237058,"type":"sell","buyer":"leomaker","seller":"mario02","symbol":"LEO","quantity":"0.500","price":"0.18000400","timestamp":1650407157,"volume":"0.09000200","buyTxId":"b367f34282a1889910f8a7d43ab222ef9d33428e","sellTxId":"8a206031957b29919dacfef41d6447cbc2e86249"}
{"index": {"_index":"leo","_id":"3237161"}}
	{"id":3237161,"type":"sell","buyer":"leomaker","seller":"harveyword","symbol":"LEO","quantity":"0.011","price":"0.18000400","timestamp":1650408303,"volume":"0.00198004","buyTxId":"b367f34282a1889910f8a7d43ab222ef9d33428e","sellTxId":"a10c6ab8a84556040afd70e246b83ae36782e95c"}
{"index": {"_index":"leo","_id":"3237250"}}
	{"id":3237250,"type":"buy","buyer":"jk6276","seller":"pi-trader","symbol":"LEO","quantity":"7.380","price":"0.18398399","timestamp":1650409146,"volume":"1.35782841","buyTxId":"567ceb8f8c595f23f27d78a8a9124cd6c9aa5ccf","sellTxId":"967c29791ee2a2fc4faac14d75d91c4805fd221b-1"}
{"index": {"_index":"leo","_id":"3237390"}}
	{"id":3237390,"type":"sell","buyer":"leomaker","seller":"crizthin","symbol":"LEO","quantity":"0.503","price":"0.18000400","timestamp":1650410277,"volume":"0.09054201","buyTxId":"b367f34282a1889910f8a7d43ab222ef9d33428e","sellTxId":"c317f135a0ecc99be4365ae2a5429817127b740f"}
{"index": {"_index":"leo","_id":"3237606"}}
	{"id":3237606,"type":"buy","buyer":"whatsup","seller":"pi-trader","symbol":"LEO","quantity":"100.000","price":"0.18398199","timestamp":1650412452,"volume":"18.39819900","buyTxId":"d74f81cc121ae63a8e061f487c8d9c8664bea789","sellTxId":"d274b7c089fa81e7cea407894f275d77d963660f-3"}
{"index": {"_index":"leo","_id":"3237704"}}
	{"id":3237704,"type":"sell","buyer":"leomaker","seller":"melbourneswest","symbol":"LEO","quantity":"8.195","price":"0.18000400","timestamp":1650413493,"volume":"1.47513278","buyTxId":"b367f34282a1889910f8a7d43ab222ef9d33428e","sellTxId":"af76c4bfc418ce3506823a8d2a77bef511c749d0"}
{"index": {"_index":"leo","_id":"3237705"}}
	{"id":3237705,"type":"sell","buyer":"leomaker","seller":"melbourneswest","symbol":"LEO","quantity":"7.037","price":"0.18000200","timestamp":1650413493,"volume":"1.26667407","buyTxId":"959ab555adbd7e0d7c00587511ea59593972f54f","sellTxId":"af76c4bfc418ce3506823a8d2a77bef511c749d0"}
{"index": {"_index":"leo","_id":"3237883"}}
	{"id":3237883,"type":"sell","buyer":"leomaker","seller":"teenagecrypto","symbol":"LEO","quantity":"0.994","price":"0.18000200","timestamp":1650415374,"volume":"0.17892199","buyTxId":"959ab555adbd7e0d7c00587511ea59593972f54f","sellTxId":"4d60a7a9d518bae826fbdaae022e897a487ab732"}
{"index": {"_index":"leo","_id":"3237955"}}
	{"id":3237955,"type":"sell","buyer":"leomaker","seller":"nonsowrites","symbol":"LEO","quantity":"6.030","price":"0.18000200","timestamp":1650416094,"volume":"1.08541206","buyTxId":"959ab555adbd7e0d7c00587511ea59593972f54f","sellTxId":"c5d5f743a1ff104dc4a0092072352c281bb34b3c"}
{"index": {"_index":"leo","_id":"3238171"}}
	{"id":3238171,"type":"sell","buyer":"leomaker","seller":"lipe100dedos","symbol":"LEO","quantity":"2.107","price":"0.18000200","timestamp":1650418980,"volume":"0.37926421","buyTxId":"959ab555adbd7e0d7c00587511ea59593972f54f","sellTxId":"2b54b97e1bc789c7efb4ecb2d85c915d33be3789"}
{"index": {"_index":"leo","_id":"3238190"}}
	{"id":3238190,"type":"buy","buyer":"kevinnag58","seller":"pi-trader","symbol":"LEO","quantity":"52.332","price":"0.18397699","timestamp":1650419214,"volume":"9.628","buyTxId":"6b0b8fffdffd00fa182492e3eed8f8ef484cacac","sellTxId":"16d6c410bcccd13c4d519ca516245fb68054ca91-2"}
{"index": {"_index":"leo","_id":"3238280"}}
	{"id":3238280,"type":"buy","buyer":"jimmy.adames","seller":"pi-trader","symbol":"LEO","quantity":"7.000","price":"0.18397599","timestamp":1650420699,"volume":"1.28783193","buyTxId":"b3fe1ec9248f6f599debb253de005f100b44352d","sellTxId":"5e5d7d9c24bf3651a3bd2b3a65449c7889e12806-1"}
{"index": {"_index":"leo","_id":"3238314"}}
	{"id":3238314,"type":"sell","buyer":"leomaker","seller":"chireerocks","symbol":"LEO","quantity":"25.039","price":"0.18000200","timestamp":1650421281,"volume":"4.50707008","buyTxId":"959ab555adbd7e0d7c00587511ea59593972f54f","sellTxId":"3537ba87ae74566f0ea586692a7b86898e2c00ce"}
{"index": {"_index":"leo","_id":"3238315"}}
	{"id":3238315,"type":"sell","buyer":"ifarmgirl","seller":"chireerocks","symbol":"LEO","quantity":"17.858","price":"0.18000200","timestamp":1650421281,"volume":"3.21447572","buyTxId":"4c0b8b349fec2b3c4e599c111fc1420ca2a3d248","sellTxId":"3537ba87ae74566f0ea586692a7b86898e2c00ce"}
{"index": {"_index":"leo","_id":"3238345"}}
	{"id":3238345,"type":"sell","buyer":"aay.life","seller":"cassillas5553","symbol":"LEO","quantity":"2","price":"0.18000000","timestamp":1650421662,"volume":"0.36000000","buyTxId":"79be9b7e8cce205bc33a10d7d1754bf3c0c10386","sellTxId":"8ddd2def881921c1cb4b8601743d14367bd9949b"}
{"index": {"_index":"leo","_id":"3238353"}}
	{"id":3238353,"type":"sell","buyer":"aay.life","seller":"chireerocks","symbol":"LEO","quantity":"8.445","price":"0.18000000","timestamp":1650421848,"volume":"1.52010000","buyTxId":"79be9b7e8cce205bc33a10d7d1754bf3c0c10386","sellTxId":"89181de35494766fb6017c558377992523fa80f6"}
{"index": {"_index":"leo","_id":"3238356"}}
	{"id":3238356,"type":"sell","buyer":"aay.life","seller":"mushanov","symbol":"LEO","quantity":"5.760","price":"0.18000000","timestamp":1650421860,"volume":"1.03680000","buyTxId":"79be9b7e8cce205bc33a10d7d1754bf3c0c10386","sellTxId":"ac0fb55b7d0621fd114bf5864057e8fa56053faa"}
{"index": {"_index":"leo","_id":"3238423"}}
	{"id":3238423,"type":"sell","buyer":"leomaker","seller":"phoenixonhive","symbol":"LEO","quantity":"28.198","price":"0.18000200","timestamp":1650423027,"volume":"5.07569640","buyTxId":"5a2de09ca1f7b5e04b9a7c5a23fe9220f47b6677","sellTxId":"f2e22e89c49e2e63abd7fd294c5d7d132b82a33b"}
{"index": {"_index":"leo","_id":"3238424"}}
	{"id":3238424,"type":"sell","buyer":"aay.life","seller":"phoenixonhive","symbol":"LEO","quantity":"38.795","price":"0.18000000","timestamp":1650423027,"volume":"6.98310000","buyTxId":"79be9b7e8cce205bc33a10d7d1754bf3c0c10386","sellTxId":"f2e22e89c49e2e63abd7fd294c5d7d132b82a33b"}
{"index": {"_index":"leo","_id":"3238425"}}
	{"id":3238425,"type":"sell","buyer":"skuration","seller":"phoenixonhive","symbol":"LEO","quantity":"6.000","price":"0.17900000","timestamp":1650423027,"volume":"1.07400000","buyTxId":"521a0f2b3ac99c94b1ec6c16249aebc882fb999d","sellTxId":"f2e22e89c49e2e63abd7fd294c5d7d132b82a33b"}
{"index": {"_index":"leo","_id":"3238426"}}
	{"id":3238426,"type":"sell","buyer":"beco132","seller":"phoenixonhive","symbol":"LEO","quantity":"11.000","price":"0.17822400","timestamp":1650423027,"volume":"1.96046400","buyTxId":"e2ab97abc3d34c9be7d6f5a8851777a93532d003","sellTxId":"f2e22e89c49e2e63abd7fd294c5d7d132b82a33b"}
{"index": {"_index":"leo","_id":"3238427"}}
	{"id":3238427,"type":"sell","buyer":"enginemaker","seller":"phoenixonhive","symbol":"LEO","quantity":"281.158","price":"0.17783600","timestamp":1650423027,"volume":"50.00001409","buyTxId":"MM-P-16637048-63626456-3-1-0","sellTxId":"f2e22e89c49e2e63abd7fd294c5d7d132b82a33b"}
{"index": {"_index":"leo","_id":"3238428"}}
	{"id":3238428,"type":"sell","buyer":"leomaker","seller":"phoenixonhive","symbol":"LEO","quantity":"47.802","price":"0.17783000","timestamp":1650423027,"volume":"8.50062966","buyTxId":"7df9bb7669bb7edfece3ebc6d308d154312fe247","sellTxId":"f2e22e89c49e2e63abd7fd294c5d7d132b82a33b"}
{"index": {"_index":"leo","_id":"3238429"}}
	{"id":3238429,"type":"sell","buyer":"leomaker","seller":"phoenixonhive","symbol":"LEO","quantity":"48.947","price":"0.17782800","timestamp":1650423027,"volume":"8.70414712","buyTxId":"0ca39ccf08133e8351a8464fe6ee0cb332cf1b84","sellTxId":"f2e22e89c49e2e63abd7fd294c5d7d132b82a33b"}
{"index": {"_index":"leo","_id":"3238430"}}
	{"id":3238430,"type":"sell","buyer":"leomaker","seller":"phoenixonhive","symbol":"LEO","quantity":"10.754","price":"0.17782600","timestamp":1650423027,"volume":"1.91234080","buyTxId":"bdf55d782887a414700338251d98e45d7d2d4c95","sellTxId":"f2e22e89c49e2e63abd7fd294c5d7d132b82a33b"}
