{"index": {"_index":"leo","_id":"4134186"}}
	{"id":4134186,"type":"sell","buyer":"leomaker","seller":"dswap","symbol":"LEO","quantity":"6.675","price":"0.13801200","timestamp":1660531302,"volume":"0.92123010","buyTxId":"2b2d79195088385d6be8e2bca31357dbd76a0e05","sellTxId":"7487e5ffcad4e02f08b29e978a5618b4aa8ed6b2"}
{"index": {"_index":"leo","_id":"4134187"}}
	{"id":4134187,"type":"sell","buyer":"onlydoge","seller":"dswap","symbol":"LEO","quantity":"19.325","price":"0.13801000","timestamp":1660531302,"volume":"2.66704325","buyTxId":"c6b0d8b5dc529abfe255a006f1f83ce4e941c542","sellTxId":"7487e5ffcad4e02f08b29e978a5618b4aa8ed6b2"}
{"index": {"_index":"leo","_id":"4134347"}}
	{"id":4134347,"type":"buy","buyer":"jersteemit","seller":"leomaker","symbol":"LEO","quantity":"7.339","price":"0.14673900","timestamp":1660533858,"volume":"1.07691752","buyTxId":"09b3309903a714f6a1baa66084d70e944eec3ac0","sellTxId":"a3de207d8c8403d93a52bdaf17cdad4dd64c318c"}
{"index": {"_index":"leo","_id":"4134408"}}
	{"id":4134408,"type":"sell","buyer":"jersteemit","seller":"bravetofu","symbol":"LEO","quantity":"5.411","price":"0.14673900","timestamp":1660534656,"volume":"0.79400473","buyTxId":"09b3309903a714f6a1baa66084d70e944eec3ac0","sellTxId":"14fd72899b545502c5b8450b9d57628b00773744"}
{"index": {"_index":"leo","_id":"4134409"}}
	{"id":4134409,"type":"sell","buyer":"leomaker","seller":"bravetofu","symbol":"LEO","quantity":"5.685","price":"0.13801200","timestamp":1660534656,"volume":"0.78459822","buyTxId":"5d484acacb6726a4c81b3bcee408d993e2bd7c3b","sellTxId":"14fd72899b545502c5b8450b9d57628b00773744"}
{"index": {"_index":"leo","_id":"4134759"}}
	{"id":4134759,"type":"sell","buyer":"beebop","seller":"felipejoys","symbol":"LEO","quantity":"1.010","price":"0.13801300","timestamp":1660541184,"volume":"0.13939313","buyTxId":"bb13be621b26919b3df0e5c35530a139de2f8cb3","sellTxId":"bdb7eaf15c95ce2021cdddd140481079d8396891"}
{"index": {"_index":"leo","_id":"4134760"}}
	{"id":4134760,"type":"sell","buyer":"leomaker","seller":"felipejoys","symbol":"LEO","quantity":"2.188","price":"0.13801200","timestamp":1660541184,"volume":"0.30197026","buyTxId":"5d484acacb6726a4c81b3bcee408d993e2bd7c3b","sellTxId":"bdb7eaf15c95ce2021cdddd140481079d8396891"}
{"index": {"_index":"leo","_id":"4134761"}}
	{"id":4134761,"type":"sell","buyer":"ifarmgirl","seller":"felipejoys","symbol":"LEO","quantity":"3.738","price":"0.13801200","timestamp":1660541184,"volume":"0.51588886","buyTxId":"440912fa5abc0ce674b3e08642e315c38351d5c4","sellTxId":"bdb7eaf15c95ce2021cdddd140481079d8396891"}
{"index": {"_index":"leo","_id":"4134765"}}
	{"id":4134765,"type":"sell","buyer":"ifarmgirl","seller":"mawit07","symbol":"LEO","quantity":"4.038","price":"0.13801200","timestamp":1660541307,"volume":"0.55729246","buyTxId":"440912fa5abc0ce674b3e08642e315c38351d5c4","sellTxId":"bfb9ba75fd9cd2701d4659f00189216b05409f4c"}
{"index": {"_index":"leo","_id":"4134799"}}
	{"id":4134799,"type":"sell","buyer":"beebop","seller":"alinalazareva","symbol":"LEO","quantity":"0.130","price":"0.13810000","timestamp":1660541958,"volume":"0.01795300","buyTxId":"b2af6ce8aba83cf5bc0216888b92a2a6d02efeed","sellTxId":"2a8effdb88f4b23bd608f0919f71e9d175cefbf8"}
{"index": {"_index":"leo","_id":"4134918"}}
	{"id":4134918,"type":"sell","buyer":"leomaker","seller":"steem82868","symbol":"LEO","quantity":"0.008","price":"0.14000200","timestamp":1660544070,"volume":"0.00112002","buyTxId":"dba8d313305154e2bb20210ef0a64c4f1d6a84ac","sellTxId":"4190fa4a97f90ebe64df5345130535c8e91df2d3"}
{"index": {"_index":"leo","_id":"4135088"}}
	{"id":4135088,"type":"sell","buyer":"leomaker","seller":"nuthman","symbol":"LEO","quantity":"3.089","price":"0.14000200","timestamp":1660546740,"volume":"0.43246618","buyTxId":"dba8d313305154e2bb20210ef0a64c4f1d6a84ac","sellTxId":"55b9b9645233c8ec50408e03f8ab89f6700c3469"}
{"index": {"_index":"leo","_id":"4135178"}}
	{"id":4135178,"type":"sell","buyer":"leomaker","seller":"entraide.rewards","symbol":"LEO","quantity":"0.116","price":"0.14000200","timestamp":1660547910,"volume":"0.01624023","buyTxId":"dba8d313305154e2bb20210ef0a64c4f1d6a84ac","sellTxId":"ed227df5f877719df63404149a4ce3085cc4ebb7"}
{"index": {"_index":"leo","_id":"4135189"}}
	{"id":4135189,"type":"sell","buyer":"leomaker","seller":"chrono.spt","symbol":"LEO","quantity":"0.998","price":"0.14000200","timestamp":1660548099,"volume":"0.13972199","buyTxId":"dba8d313305154e2bb20210ef0a64c4f1d6a84ac","sellTxId":"5b1f0bf98f6a30a1a3bb351ab0d29e26e38262f0"}
{"index": {"_index":"leo","_id":"4135190"}}
	{"id":4135190,"type":"sell","buyer":"prinzvalium","seller":"chrono.spt","symbol":"LEO","quantity":"1.013","price":"0.14000000","timestamp":1660548099,"volume":"0.14182000","buyTxId":"d1cd2b5d006b4ec6da6a564b0cc558221887b644","sellTxId":"5b1f0bf98f6a30a1a3bb351ab0d29e26e38262f0"}
{"index": {"_index":"leo","_id":"4135228"}}
	{"id":4135228,"type":"sell","buyer":"leomaker","seller":"hungryhustle","symbol":"LEO","quantity":"4.224","price":"0.14000200","timestamp":1660548849,"volume":"0.59136845","buyTxId":"bcbe4353ecbf9717489eb48f5ec665e9c124f59c","sellTxId":"59eeea1fcb68b5ec980c45628eb3a1991cecaae0"}
{"index": {"_index":"leo","_id":"4135229"}}
	{"id":4135229,"type":"buy","buyer":"god0","seller":"hungryhustle","symbol":"LEO","quantity":"195.820","price":"0.14000004","timestamp":1660548849,"volume":"27.41480783","buyTxId":"3307e96a704f4483a235ba2db3c1e51e1c0ace84-0","sellTxId":"59eeea1fcb68b5ec980c45628eb3a1991cecaae0"}
{"index": {"_index":"leo","_id":"4135261"}}
	{"id":4135261,"type":"sell","buyer":"prinzvalium","seller":"helios.voter","symbol":"LEO","quantity":"0.330","price":"0.14000000","timestamp":1660549410,"volume":"0.04620000","buyTxId":"d1cd2b5d006b4ec6da6a564b0cc558221887b644","sellTxId":"5f52703a00513a4250fd7a1f861964472113da02"}
{"index": {"_index":"leo","_id":"4135292"}}
	{"id":4135292,"type":"sell","buyer":"leomaker","seller":"marfonso","symbol":"LEO","quantity":"4.219","price":"0.14000200","timestamp":1660549902,"volume":"0.59066844","buyTxId":"61e8fad84f06643d1ab8c9e91b97cf8ca228cb1a","sellTxId":"9151e83bffc9739d511d4e94b7c0dfb6cdbc29d2"}
{"index": {"_index":"leo","_id":"4135293"}}
	{"id":4135293,"type":"sell","buyer":"prinzvalium","seller":"marfonso","symbol":"LEO","quantity":"35.122","price":"0.14000000","timestamp":1660549902,"volume":"4.91708000","buyTxId":"d1cd2b5d006b4ec6da6a564b0cc558221887b644","sellTxId":"9151e83bffc9739d511d4e94b7c0dfb6cdbc29d2"}
{"index": {"_index":"leo","_id":"4135294"}}
	{"id":4135294,"type":"sell","buyer":"prinzvalium","seller":"thedd","symbol":"LEO","quantity":"4.800","price":"0.14000000","timestamp":1660549932,"volume":"0.67200000","buyTxId":"d1cd2b5d006b4ec6da6a564b0cc558221887b644","sellTxId":"0670b01b7f499cbcc0d302faec89830c18afe9d4"}
{"index": {"_index":"leo","_id":"4135439"}}
	{"id":4135439,"type":"sell","buyer":"leomaker","seller":"samostically","symbol":"LEO","quantity":"4.211","price":"0.14000200","timestamp":1660552434,"volume":"0.58954842","buyTxId":"7483de6647ee3fd78818a38ac3a6100520ab6a47","sellTxId":"304c086a6e0360dc2093af0daa307d2636359ac5"}
{"index": {"_index":"leo","_id":"4135440"}}
	{"id":4135440,"type":"sell","buyer":"prinzvalium","seller":"samostically","symbol":"LEO","quantity":"10.789","price":"0.14000000","timestamp":1660552434,"volume":"1.51046000","buyTxId":"d1cd2b5d006b4ec6da6a564b0cc558221887b644","sellTxId":"304c086a6e0360dc2093af0daa307d2636359ac5"}
{"index": {"_index":"leo","_id":"4135455"}}
	{"id":4135455,"type":"sell","buyer":"prinzvalium","seller":"ugochill","symbol":"LEO","quantity":"0.028","price":"0.14000000","timestamp":1660552764,"volume":"0.00392000","buyTxId":"d1cd2b5d006b4ec6da6a564b0cc558221887b644","sellTxId":"51f9687f0376c7afda42e37de738d89af75261af"}
{"index": {"_index":"leo","_id":"4135552"}}
	{"id":4135552,"type":"sell","buyer":"leomaker","seller":"kolbjorn","symbol":"LEO","quantity":"4.216","price":"0.14000200","timestamp":1660554264,"volume":"0.59024843","buyTxId":"9674dc36c3558ec6b317b7c45051687a09e1a83b","sellTxId":"f3ab5685c1364f7767bdcb369ac31c74be64e0cd"}
{"index": {"_index":"leo","_id":"4135553"}}
	{"id":4135553,"type":"sell","buyer":"prinzvalium","seller":"kolbjorn","symbol":"LEO","quantity":"64.381","price":"0.14000000","timestamp":1660554264,"volume":"9.01334000","buyTxId":"d1cd2b5d006b4ec6da6a564b0cc558221887b644","sellTxId":"f3ab5685c1364f7767bdcb369ac31c74be64e0cd"}
{"index": {"_index":"leo","_id":"4135570"}}
	{"id":4135570,"type":"buy","buyer":"pjansen","seller":"cerdosalvaje","symbol":"LEO","quantity":"0.003","price":"0.14000333","timestamp":1660554537,"volume":"0.00042001","buyTxId":"1245d67bca96312e06d24207d2b276da8abe2f09-0","sellTxId":"3141e216e4122311b5918140eae4ad6563b2b07a"}
{"index": {"_index":"leo","_id":"4135571"}}
	{"id":4135571,"type":"buy","buyer":"pjansen","seller":"meesterboom","symbol":"LEO","quantity":"15.253","price":"0.14333000","timestamp":1660554537,"volume":"2.18621249","buyTxId":"1245d67bca96312e06d24207d2b276da8abe2f09-0","sellTxId":"85d48e06f42c5f3ca7badd285f788658a46e0649"}
{"index": {"_index":"leo","_id":"4135572"}}
	{"id":4135572,"type":"buy","buyer":"pjansen","seller":"pob.curator","symbol":"LEO","quantity":"0.002","price":"0.14675400","timestamp":1660554537,"volume":"0.00036750","buyTxId":"1245d67bca96312e06d24207d2b276da8abe2f09-0","sellTxId":"010456a7ba9158638a014c43d32850d422f1ab0d"}
{"index": {"_index":"leo","_id":"4135619"}}
	{"id":4135619,"type":"sell","buyer":"leomaker","seller":"miketr","symbol":"LEO","quantity":"2.013","price":"0.14000200","timestamp":1660555179,"volume":"0.28182403","buyTxId":"236b7694434bd64e40a4e5785d8346c72fdcefb7","sellTxId":"2ad0a767052356d2003b95702c3dba42679acd22"}
{"index": {"_index":"leo","_id":"4135641"}}
	{"id":4135641,"type":"sell","buyer":"leomaker","seller":"marvinix","symbol":"LEO","quantity":"2.198","price":"0.14000200","timestamp":1660555548,"volume":"0.30772439","buyTxId":"236b7694434bd64e40a4e5785d8346c72fdcefb7","sellTxId":"5c87afc6c24f72aad465f433afb3bd7bf92a32bc"}
{"index": {"_index":"leo","_id":"4135642"}}
	{"id":4135642,"type":"sell","buyer":"prinzvalium","seller":"marvinix","symbol":"LEO","quantity":"7.539","price":"0.14000000","timestamp":1660555548,"volume":"1.05546000","buyTxId":"d1cd2b5d006b4ec6da6a564b0cc558221887b644","sellTxId":"5c87afc6c24f72aad465f433afb3bd7bf92a32bc"}
{"index": {"_index":"leo","_id":"4135702"}}
	{"id":4135702,"type":"buy","buyer":"alexvan","seller":"pob.curator","symbol":"LEO","quantity":"2.118","price":"0.14675400","timestamp":1660556082,"volume":"0.31082497","buyTxId":"ce9298e95b1eb635c5e0a48c5676da85f05fe47f","sellTxId":"010456a7ba9158638a014c43d32850d422f1ab0d"}
{"index": {"_index":"leo","_id":"4135703"}}
	{"id":4135703,"type":"buy","buyer":"alexvan","seller":"leomaker","symbol":"LEO","quantity":"7.599","price":"0.14675500","timestamp":1660556082,"volume":"1.11519125","buyTxId":"ce9298e95b1eb635c5e0a48c5676da85f05fe47f","sellTxId":"8b91973afaf839612cc4aeac2d5ea6a96232fdcc"}
{"index": {"_index":"leo","_id":"4135704"}}
	{"id":4135704,"type":"buy","buyer":"alexvan","seller":"leomaker","symbol":"LEO","quantity":"7.870","price":"0.14675600","timestamp":1660556082,"volume":"1.15496972","buyTxId":"ce9298e95b1eb635c5e0a48c5676da85f05fe47f","sellTxId":"5abc9a5ebef1ecfecd6a32f4649d488242e069ba"}
{"index": {"_index":"leo","_id":"4135705"}}
	{"id":4135705,"type":"buy","buyer":"alexvan","seller":"leomaker","symbol":"LEO","quantity":"8.150","price":"0.14675700","timestamp":1660556082,"volume":"1.19606955","buyTxId":"ce9298e95b1eb635c5e0a48c5676da85f05fe47f","sellTxId":"5f7b2ffcac5ffa32d1d83c28fb52ef134738873e"}
{"index": {"_index":"leo","_id":"4135706"}}
	{"id":4135706,"type":"buy","buyer":"alexvan","seller":"leomaker","symbol":"LEO","quantity":"8.439","price":"0.14675800","timestamp":1660556082,"volume":"1.23849076","buyTxId":"ce9298e95b1eb635c5e0a48c5676da85f05fe47f","sellTxId":"20faf12c7e1955917f53bac3f81edac5795ea686"}
{"index": {"_index":"leo","_id":"4135707"}}
	{"id":4135707,"type":"buy","buyer":"alexvan","seller":"leomaker","symbol":"LEO","quantity":"8.740","price":"0.14675900","timestamp":1660556082,"volume":"1.28267366","buyTxId":"ce9298e95b1eb635c5e0a48c5676da85f05fe47f","sellTxId":"c885a5d82061d9611acd1cdf23333ca80d635218"}
{"index": {"_index":"leo","_id":"4135708"}}
	{"id":4135708,"type":"buy","buyer":"alexvan","seller":"master-lamps","symbol":"LEO","quantity":"0.004","price":"0.14676999","timestamp":1660556082,"volume":"0.00058708","buyTxId":"ce9298e95b1eb635c5e0a48c5676da85f05fe47f","sellTxId":"afb6328c40efc3d846757ae35bbb109a7a6b593b"}
{"index": {"_index":"leo","_id":"4135709"}}
	{"id":4135709,"type":"buy","buyer":"alexvan","seller":"master-lamps","symbol":"LEO","quantity":"5.997","price":"0.14676999","timestamp":1660556082,"volume":"0.88017963","buyTxId":"ce9298e95b1eb635c5e0a48c5676da85f05fe47f","sellTxId":"93f8e9eda32f31d20213833791ca20953d6de814"}
{"index": {"_index":"leo","_id":"4135710"}}
	{"id":4135710,"type":"buy","buyer":"alexvan","seller":"master-lamps","symbol":"LEO","quantity":"6.358","price":"0.14676999","timestamp":1660556082,"volume":"0.93316360","buyTxId":"ce9298e95b1eb635c5e0a48c5676da85f05fe47f","sellTxId":"76b175ce25cd9d7d4dfb4c3c6b92557a8291fade"}
{"index": {"_index":"leo","_id":"4135711"}}
	{"id":4135711,"type":"buy","buyer":"alexvan","seller":"master-lamps","symbol":"LEO","quantity":"5.875","price":"0.14676999","timestamp":1660556082,"volume":"0.86227369","buyTxId":"ce9298e95b1eb635c5e0a48c5676da85f05fe47f","sellTxId":"19d5d868c80ca13a197d31d29006c7c7ed8e9cd7"}
{"index": {"_index":"leo","_id":"4135712"}}
	{"id":4135712,"type":"buy","buyer":"alexvan","seller":"leomaker","symbol":"LEO","quantity":"7.331","price":"0.14677900","timestamp":1660556082,"volume":"1.07603685","buyTxId":"ce9298e95b1eb635c5e0a48c5676da85f05fe47f","sellTxId":"36c1e1467dd02170cf4b21725575840b81a6d491"}
{"index": {"_index":"leo","_id":"4135713"}}
	{"id":4135713,"type":"buy","buyer":"alexvan","seller":"leomaker","symbol":"LEO","quantity":"7.291","price":"0.14678700","timestamp":1660556082,"volume":"1.07022402","buyTxId":"ce9298e95b1eb635c5e0a48c5676da85f05fe47f","sellTxId":"a653a32835b6e4aff13a8e359cbada645e5fc41d"}
{"index": {"_index":"leo","_id":"4135714"}}
	{"id":4135714,"type":"buy","buyer":"alexvan","seller":"leomaker","symbol":"LEO","quantity":"7.551","price":"0.14678800","timestamp":1660556082,"volume":"1.10839619","buyTxId":"ce9298e95b1eb635c5e0a48c5676da85f05fe47f","sellTxId":"cb2df1b9202d736f5e1863ba6c89eb5c221c6df4"}
{"index": {"_index":"leo","_id":"4135715"}}
	{"id":4135715,"type":"buy","buyer":"alexvan","seller":"leomaker","symbol":"LEO","quantity":"7.818","price":"0.14678900","timestamp":1660556082,"volume":"1.14759640","buyTxId":"ce9298e95b1eb635c5e0a48c5676da85f05fe47f","sellTxId":"07f9ecfd79024c4586f52caee11b3e8f780d9321"}
{"index": {"_index":"leo","_id":"4135716"}}
	{"id":4135716,"type":"buy","buyer":"alexvan","seller":"leomaker","symbol":"LEO","quantity":"5.710","price":"0.14679900","timestamp":1660556082,"volume":"0.83822229","buyTxId":"ce9298e95b1eb635c5e0a48c5676da85f05fe47f","sellTxId":"4b104f7416702aee3597c456c5043b9ccc1bc193"}
{"index": {"_index":"leo","_id":"4135868"}}
	{"id":4135868,"type":"sell","buyer":"leomaker","seller":"investinthefutur","symbol":"LEO","quantity":"4.171","price":"0.14000200","timestamp":1660559202,"volume":"0.58394834","buyTxId":"fc483ca566f0390c4daddc786a7f9c98d6772fbf","sellTxId":"adfde2c9554aff32b519b3f201d78d574adff9ad"}
{"index": {"_index":"leo","_id":"4135971"}}
	{"id":4135971,"type":"sell","buyer":"leomaker","seller":"captainklaus","symbol":"LEO","quantity":"0.035","price":"0.14000200","timestamp":1660561116,"volume":"0.00490007","buyTxId":"fc483ca566f0390c4daddc786a7f9c98d6772fbf","sellTxId":"282bab188aea61178581297e92eea8032775c6ad"}
{"index": {"_index":"leo","_id":"4135972"}}
	{"id":4135972,"type":"sell","buyer":"prinzvalium","seller":"captainklaus","symbol":"LEO","quantity":"875.998","price":"0.14000000","timestamp":1660561116,"volume":"122.63972000","buyTxId":"d1cd2b5d006b4ec6da6a564b0cc558221887b644","sellTxId":"282bab188aea61178581297e92eea8032775c6ad"}
{"index": {"_index":"leo","_id":"4135973"}}
	{"id":4135973,"type":"sell","buyer":"shortsegments","seller":"captainklaus","symbol":"LEO","quantity":"200.000","price":"0.14000000","timestamp":1660561116,"volume":"28.00000000","buyTxId":"aa619eb4e04c1149757591e690b08244904eeff6","sellTxId":"282bab188aea61178581297e92eea8032775c6ad"}
{"index": {"_index":"leo","_id":"4135974"}}
	{"id":4135974,"type":"sell","buyer":"jfang003","seller":"captainklaus","symbol":"LEO","quantity":"10.000","price":"0.13811000","timestamp":1660561116,"volume":"1.38110000","buyTxId":"2f7bfda817b55362740beef34f99cf65bdbd0b5a","sellTxId":"282bab188aea61178581297e92eea8032775c6ad"}
{"index": {"_index":"leo","_id":"4135975"}}
	{"id":4135975,"type":"sell","buyer":"beebop","seller":"captainklaus","symbol":"LEO","quantity":"0.890","price":"0.13810000","timestamp":1660561116,"volume":"0.12290900","buyTxId":"b2af6ce8aba83cf5bc0216888b92a2a6d02efeed","sellTxId":"282bab188aea61178581297e92eea8032775c6ad"}
{"index": {"_index":"leo","_id":"4135976"}}
	{"id":4135976,"type":"sell","buyer":"ifarmgirl","seller":"captainklaus","symbol":"LEO","quantity":"3.224","price":"0.13801200","timestamp":1660561116,"volume":"0.44495068","buyTxId":"440912fa5abc0ce674b3e08642e315c38351d5c4","sellTxId":"282bab188aea61178581297e92eea8032775c6ad"}
{"index": {"_index":"leo","_id":"4135977"}}
	{"id":4135977,"type":"sell","buyer":"leomaker","seller":"captainklaus","symbol":"LEO","quantity":"7.945","price":"0.13801200","timestamp":1660561116,"volume":"1.09650534","buyTxId":"78878641161a7d28a29a2ef5bac8288a21200dd5","sellTxId":"282bab188aea61178581297e92eea8032775c6ad"}
{"index": {"_index":"leo","_id":"4135978"}}
	{"id":4135978,"type":"sell","buyer":"rtonline","seller":"captainklaus","symbol":"LEO","quantity":"20.260","price":"0.13800300","timestamp":1660561116,"volume":"2.79594078","buyTxId":"106b1f29d6522ff61a0557429706492b21405b04","sellTxId":"282bab188aea61178581297e92eea8032775c6ad"}
{"index": {"_index":"leo","_id":"4135979"}}
	{"id":4135979,"type":"sell","buyer":"leomaker","seller":"captainklaus","symbol":"LEO","quantity":"7.972","price":"0.13800200","timestamp":1660561116,"volume":"1.10015194","buyTxId":"6287767567f8b8bf529a1a9d764740672f96bdd3","sellTxId":"282bab188aea61178581297e92eea8032775c6ad"}
{"index": {"_index":"leo","_id":"4135980"}}
	{"id":4135980,"type":"sell","buyer":"depressedfuckup","seller":"captainklaus","symbol":"LEO","quantity":"38.600","price":"0.13800000","timestamp":1660561116,"volume":"5.32680000","buyTxId":"8073749f4f70e346a269b3618eda71f5ba7cd049","sellTxId":"282bab188aea61178581297e92eea8032775c6ad"}
{"index": {"_index":"leo","_id":"4135981"}}
	{"id":4135981,"type":"buy","buyer":"god0","seller":"captainklaus","symbol":"LEO","quantity":"5870.289","price":"0.13800000","timestamp":1660561116,"volume":"810.09988200","buyTxId":"bf6dbd76d0d90a31fdafa29f10b5b257ee3edbd9-0","sellTxId":"282bab188aea61178581297e92eea8032775c6ad"}
{"index": {"_index":"leo","_id":"4135983"}}
	{"id":4135983,"type":"buy","buyer":"konvik","seller":"captainklaus","symbol":"LEO","quantity":"294.594","price":"0.13800000","timestamp":1660561125,"volume":"40.65397200","buyTxId":"8223ba87a200df8e08691a137e1ea689d8fc6a35-0","sellTxId":"282bab188aea61178581297e92eea8032775c6ad"}
{"index": {"_index":"leo","_id":"4136028"}}
	{"id":4136028,"type":"buy","buyer":"coquicoin","seller":"captainklaus","symbol":"LEO","quantity":"16.000","price":"0.13800000","timestamp":1660561671,"volume":"2.20800000","buyTxId":"498650e78f0a2eb29be821ad38a3ad8936729d02","sellTxId":"282bab188aea61178581297e92eea8032775c6ad"}
{"index": {"_index":"leo","_id":"4136036"}}
	{"id":4136036,"type":"buy","buyer":"coquicoin","seller":"captainklaus","symbol":"LEO","quantity":"12.500","price":"0.13800000","timestamp":1660561881,"volume":"1.72500000","buyTxId":"92879b5a1bf2baf51f84e1d2e5501b3d63665fcd","sellTxId":"282bab188aea61178581297e92eea8032775c6ad"}
{"index": {"_index":"leo","_id":"4136061"}}
	{"id":4136061,"type":"sell","buyer":"leomaker","seller":"lottery-entry","symbol":"LEO","quantity":"0.120","price":"0.13750200","timestamp":1660562307,"volume":"0.01650024","buyTxId":"08befb3f31bf47c69bb25139a6fbb194c68adb0c","sellTxId":"cf28278d3ce13767d22b52f276f2a4b0babce2b6"}
{"index": {"_index":"leo","_id":"4136203"}}
	{"id":4136203,"type":"sell","buyer":"leomaker","seller":"jphamer1","symbol":"LEO","quantity":"7.126","price":"0.13750200","timestamp":1660564158,"volume":"0.97983925","buyTxId":"08befb3f31bf47c69bb25139a6fbb194c68adb0c","sellTxId":"d0c83fc98e66b90508a4fe44af9990ecc0a1bb75"}
{"index": {"_index":"leo","_id":"4136204"}}
	{"id":4136204,"type":"sell","buyer":"onealfa.leo","seller":"jphamer1","symbol":"LEO","quantity":"44.400","price":"0.13731210","timestamp":1660564158,"volume":"6.09665724","buyTxId":"77e670b05722bed99a3879fd7f00bf416036192b","sellTxId":"d0c83fc98e66b90508a4fe44af9990ecc0a1bb75"}
{"index": {"_index":"leo","_id":"4136205"}}
	{"id":4136205,"type":"sell","buyer":"leomaker","seller":"jphamer1","symbol":"LEO","quantity":"2.563","price":"0.13731200","timestamp":1660564158,"volume":"0.35193066","buyTxId":"752ffc2c00940470a5442b4a6d526a668e29cb64","sellTxId":"d0c83fc98e66b90508a4fe44af9990ecc0a1bb75"}
{"index": {"_index":"leo","_id":"4136226"}}
	{"id":4136226,"type":"sell","buyer":"leomaker","seller":"zdigital222","symbol":"LEO","quantity":"5.076","price":"0.13731200","timestamp":1660564404,"volume":"0.69699571","buyTxId":"752ffc2c00940470a5442b4a6d526a668e29cb64","sellTxId":"745099a74987a4bec36b936aba4fb781ca30fe3d"}
{"index": {"_index":"leo","_id":"4136227"}}
	{"id":4136227,"type":"sell","buyer":"leomaker","seller":"zdigital222","symbol":"LEO","quantity":"0.768","price":"0.13730200","timestamp":1660564404,"volume":"0.10544794","buyTxId":"2009f31f3608087f5cc54576407186e63471c462","sellTxId":"745099a74987a4bec36b936aba4fb781ca30fe3d"}
{"index": {"_index":"leo","_id":"4136228"}}
	{"id":4136228,"type":"sell","buyer":"leomaker","seller":"zdigital222","symbol":"LEO","quantity":"9.132","price":"0.13713200","timestamp":1660564404,"volume":"1.25228942","buyTxId":"d317b911535737ed84c3726e7389271e1071729b","sellTxId":"745099a74987a4bec36b936aba4fb781ca30fe3d"}
{"index": {"_index":"leo","_id":"4136229"}}
	{"id":4136229,"type":"sell","buyer":"ammonite","seller":"zdigital222","symbol":"LEO","quantity":"5.024","price":"0.13713200","timestamp":1660564404,"volume":"0.68895117","buyTxId":"555c5ec7dadd119fc7a6a569b27352de1ff3c5ea","sellTxId":"745099a74987a4bec36b936aba4fb781ca30fe3d"}
{"index": {"_index":"leo","_id":"4136392"}}
	{"id":4136392,"type":"buy","buyer":"edkarnie","seller":"captainklaus","symbol":"LEO","quantity":"70.000","price":"0.13800000","timestamp":1660566105,"volume":"9.66000000","buyTxId":"1f4eb3a0bf8c32161de0718e74ae0e3ea620bc84","sellTxId":"282bab188aea61178581297e92eea8032775c6ad"}
{"index": {"_index":"leo","_id":"4136466"}}
	{"id":4136466,"type":"buy","buyer":"god0","seller":"captainklaus","symbol":"LEO","quantity":"61.178","price":"0.13800000","timestamp":1660566843,"volume":"8.44256400","buyTxId":"6fbc9c817cfbf84aa8ed0f11092510b14315ab51-0","sellTxId":"282bab188aea61178581297e92eea8032775c6ad"}
{"index": {"_index":"leo","_id":"4136492"}}
	{"id":4136492,"type":"buy","buyer":"god0","seller":"captainklaus","symbol":"LEO","quantity":"76.375","price":"0.13800000","timestamp":1660567197,"volume":"10.53975000","buyTxId":"0cc36e0c53f61118201c81668f46c711bfb9d2f5-0","sellTxId":"282bab188aea61178581297e92eea8032775c6ad"}
{"index": {"_index":"leo","_id":"4136591"}}
	{"id":4136591,"type":"sell","buyer":"ammonite","seller":"jlufer","symbol":"LEO","quantity":"8.879","price":"0.13713200","timestamp":1660568067,"volume":"1.21759503","buyTxId":"555c5ec7dadd119fc7a6a569b27352de1ff3c5ea","sellTxId":"3a0f1c474ac9c1098761db9bc9588f00a54d5799"}
{"index": {"_index":"leo","_id":"4136595"}}
	{"id":4136595,"type":"buy","buyer":"god0","seller":"captainklaus","symbol":"LEO","quantity":"22.409","price":"0.13800000","timestamp":1660568130,"volume":"3.09244200","buyTxId":"5538549ff06cbf8517a6ea774aa00abc3accea1c-0","sellTxId":"282bab188aea61178581297e92eea8032775c6ad"}
{"index": {"_index":"leo","_id":"4136621"}}
	{"id":4136621,"type":"sell","buyer":"ammonite","seller":"dswap","symbol":"LEO","quantity":"1.097","price":"0.13713200","timestamp":1660568319,"volume":"0.15043380","buyTxId":"555c5ec7dadd119fc7a6a569b27352de1ff3c5ea","sellTxId":"fe004c0c410a7149b0c7fabc43d3d8c82013f8d9"}
{"index": {"_index":"leo","_id":"4136622"}}
	{"id":4136622,"type":"sell","buyer":"rtonline","seller":"dswap","symbol":"LEO","quantity":"29.753","price":"0.13713010","timestamp":1660568319,"volume":"4.08003187","buyTxId":"8afe56b411b4aa2897534170547fbb7c2b805980","sellTxId":"fe004c0c410a7149b0c7fabc43d3d8c82013f8d9"}
{"index": {"_index":"leo","_id":"4136623"}}
	{"id":4136623,"type":"sell","buyer":"leomaker","seller":"dswap","symbol":"LEO","quantity":"9.220","price":"0.13712200","timestamp":1660568319,"volume":"1.26426484","buyTxId":"e58ba366813925bdcc12aeefe82e6bd829360c0c","sellTxId":"fe004c0c410a7149b0c7fabc43d3d8c82013f8d9"}
{"index": {"_index":"leo","_id":"4136624"}}
	{"id":4136624,"type":"sell","buyer":"leomaker","seller":"dswap","symbol":"LEO","quantity":"9.169","price":"0.13711200","timestamp":1660568319,"volume":"1.25717993","buyTxId":"80537d3c66274d2adf90cb15bea1120c40c316f3","sellTxId":"fe004c0c410a7149b0c7fabc43d3d8c82013f8d9"}
{"index": {"_index":"leo","_id":"4136625"}}
	{"id":4136625,"type":"sell","buyer":"leomaker","seller":"dswap","symbol":"LEO","quantity":"8.424","price":"0.13710200","timestamp":1660568319,"volume":"1.15494724","buyTxId":"747351288e1110770aacea69153f51ef1a6c28c4","sellTxId":"fe004c0c410a7149b0c7fabc43d3d8c82013f8d9"}
{"index": {"_index":"leo","_id":"4136626"}}
	{"id":4136626,"type":"sell","buyer":"leomaker","seller":"dswap","symbol":"LEO","quantity":"3.500","price":"0.13701400","timestamp":1660568319,"volume":"0.47954900","buyTxId":"22d344ce978880b64280adcf79c82d38dbc3c526","sellTxId":"fe004c0c410a7149b0c7fabc43d3d8c82013f8d9"}
{"index": {"_index":"leo","_id":"4136627"}}
	{"id":4136627,"type":"sell","buyer":"he-index","seller":"dswap","symbol":"LEO","quantity":"6.890","price":"0.13701200","timestamp":1660568319,"volume":"0.94401268","buyTxId":"d7ebf88446dd458bb61e79a78ec3a76d4f90def6","sellTxId":"fe004c0c410a7149b0c7fabc43d3d8c82013f8d9"}
{"index": {"_index":"leo","_id":"4136628"}}
	{"id":4136628,"type":"sell","buyer":"leomaker","seller":"dswap","symbol":"LEO","quantity":"3.649","price":"0.13700200","timestamp":1660568319,"volume":"0.49992030","buyTxId":"506baade024a72a3cf34848df43f43a703292c0d","sellTxId":"fe004c0c410a7149b0c7fabc43d3d8c82013f8d9"}
{"index": {"_index":"leo","_id":"4136629"}}
	{"id":4136629,"type":"sell","buyer":"enginemaker","seller":"dswap","symbol":"LEO","quantity":"15.496","price":"0.13601000","timestamp":1660568319,"volume":"2.10761096","buyTxId":"MM-P-19921557-66915880-3-1-0","sellTxId":"fe004c0c410a7149b0c7fabc43d3d8c82013f8d9"}
{"index": {"_index":"leo","_id":"4136648"}}
	{"id":4136648,"type":"sell","buyer":"enginemaker","seller":"leovoter","symbol":"LEO","quantity":"74.118","price":"0.13601000","timestamp":1660568529,"volume":"10.08078918","buyTxId":"MM-P-19921557-66915880-3-1-0","sellTxId":"a5d1f429776129e0a2377555c075dcc03f984480"}
{"index": {"_index":"leo","_id":"4136933"}}
	{"id":4136933,"type":"sell","buyer":"leomaker","seller":"god0","symbol":"LEO","quantity":"12.435","price":"0.13601200","timestamp":1660571640,"volume":"1.69130922","buyTxId":"b081b2561762069606bf0644974a80ce18bf8db6","sellTxId":"46b6f10bf3d6c240a2a4b2c844240f41f6392b40-1"}
{"index": {"_index":"leo","_id":"4136939"}}
	{"id":4136939,"type":"sell","buyer":"onealfa.leo","seller":"pjansen","symbol":"LEO","quantity":"28.000","price":"0.13601100","timestamp":1660571658,"volume":"3.80830800","buyTxId":"d5917911fbddbf18fcc8f4a2c54c30f7f6e1f968","sellTxId":"eabd87f33967f4e9746739ea6c284ecfb109a0c9-1"}
{"index": {"_index":"leo","_id":"4136940"}}
	{"id":4136940,"type":"sell","buyer":"enginemaker","seller":"pjansen","symbol":"LEO","quantity":"60.510","price":"0.13601000","timestamp":1660571658,"volume":"8.22996510","buyTxId":"MM-P-19921557-66915880-3-1-0","sellTxId":"eabd87f33967f4e9746739ea6c284ecfb109a0c9-1"}
{"index": {"_index":"leo","_id":"4136941"}}
	{"id":4136941,"type":"sell","buyer":"enginemaker","seller":"pjansen","symbol":"LEO","quantity":"22.122","price":"0.13601000","timestamp":1660571670,"volume":"3.00881322","buyTxId":"MM-P-19921557-66915880-3-1-0","sellTxId":"99c7c8fa64ebd793d9aa8abaf0ad6280fff724ff"}
{"index": {"_index":"leo","_id":"4137070"}}
	{"id":4137070,"type":"buy","buyer":"dswap","seller":"enginemaker","symbol":"LEO","quantity":"10.753","price":"0.13799000","timestamp":1660572669,"volume":"1.48386225","buyTxId":"1254e77a9a1f25605759aee390c8bb6a726f099d","sellTxId":"MM-P-20045709-67040113-3-1-0"}
{"index": {"_index":"leo","_id":"4137076"}}
	{"id":4137076,"type":"sell","buyer":"enginemaker","seller":"thecrazygm","symbol":"LEO","quantity":"0.390","price":"0.13601000","timestamp":1660572699,"volume":"0.05304390","buyTxId":"MM-P-19921557-66915880-3-1-0","sellTxId":"be02e2d499dacbdb67d1a42ea67bbb45685d4b61"}
{"index": {"_index":"leo","_id":"4137109"}}
	{"id":4137109,"type":"buy","buyer":"cmplxty","seller":"enginemaker","symbol":"LEO","quantity":"4.743","price":"0.13799000","timestamp":1660572993,"volume":"0.65448657","buyTxId":"8fa937bf3f287993dd2bc354acfe779bdb3dfbdd","sellTxId":"MM-P-20045709-67040113-3-1-0"}
{"index": {"_index":"leo","_id":"4137110"}}
	{"id":4137110,"type":"buy","buyer":"cmplxty","seller":"leomaker","symbol":"LEO","quantity":"16.001","price":"0.13799900","timestamp":1660572993,"volume":"2.20812200","buyTxId":"8fa937bf3f287993dd2bc354acfe779bdb3dfbdd","sellTxId":"da4ab6bda8e441a71dd70803dde7566b4e070dbb"}
{"index": {"_index":"leo","_id":"4137111"}}
	{"id":4137111,"type":"buy","buyer":"cmplxty","seller":"captainklaus","symbol":"LEO","quantity":"127.693","price":"0.13800000","timestamp":1660572993,"volume":"17.62163400","buyTxId":"8fa937bf3f287993dd2bc354acfe779bdb3dfbdd","sellTxId":"282bab188aea61178581297e92eea8032775c6ad"}
{"index": {"_index":"leo","_id":"4137143"}}
	{"id":4137143,"type":"buy","buyer":"nonsowrites","seller":"enginemaker","symbol":"LEO","quantity":"13.385","price":"0.13799000","timestamp":1660573362,"volume":"1.84699615","buyTxId":"a820e9c707e995b6880112b372321456840e5d2e","sellTxId":"MM-P-20047303-67041710-3-1-0"}
{"index": {"_index":"leo","_id":"4137146"}}
	{"id":4137146,"type":"sell","buyer":"leomaker","seller":"god0","symbol":"LEO","quantity":"12.474","price":"0.13601200","timestamp":1660573392,"volume":"1.69661369","buyTxId":"f6453ee5d44f68b1936ba5f4ddcfbb39aa1a498a","sellTxId":"53195392609c4f3dbcb42655d4d35d108f7d1796-1"}
{"index": {"_index":"leo","_id":"4137151"}}
	{"id":4137151,"type":"sell","buyer":"enginemaker","seller":"bionicpainter","symbol":"LEO","quantity":"36.879","price":"0.13601000","timestamp":1660573446,"volume":"5.01591279","buyTxId":"MM-P-19921557-66915880-3-1-0","sellTxId":"01ece69b2575415cd69047305c775b9689f7260e"}
{"index": {"_index":"leo","_id":"4137152"}}
	{"id":4137152,"type":"sell","buyer":"enginemaker","seller":"bionicpainter","symbol":"LEO","quantity":"36.950","price":"0.13601000","timestamp":1660573482,"volume":"5.02556950","buyTxId":"MM-P-19921557-66915880-3-1-0","sellTxId":"8c1befe853583756531db07ff51565eb8f1b058f"}
{"index": {"_index":"leo","_id":"4137157"}}
	{"id":4137157,"type":"sell","buyer":"enginemaker","seller":"bionicpainter","symbol":"LEO","quantity":"37.008","price":"0.13601000","timestamp":1660573524,"volume":"5.03345808","buyTxId":"MM-P-19921557-66915880-3-1-0","sellTxId":"16e4ec0b70ba6b543a25d056d0fe2e8b44f5296c"}
{"index": {"_index":"leo","_id":"4137196"}}
	{"id":4137196,"type":"buy","buyer":"namelessnameless","seller":"leomaker","symbol":"LEO","quantity":"15.887","price":"0.13798900","timestamp":1660574031,"volume":"2.19223124","buyTxId":"dfdabc3414bcabe20bd6dc6ec13bf77c4cd6bee0","sellTxId":"47b3614d5e0745f5b135aeed74a68b54fd7910de"}
{"index": {"_index":"leo","_id":"4137197"}}
	{"id":4137197,"type":"buy","buyer":"namelessnameless","seller":"enginemaker","symbol":"LEO","quantity":"143.755","price":"0.13799000","timestamp":1660574031,"volume":"19.83675245","buyTxId":"dfdabc3414bcabe20bd6dc6ec13bf77c4cd6bee0","sellTxId":"MM-P-20047303-67041710-3-1-0"}
{"index": {"_index":"leo","_id":"4137198"}}
	{"id":4137198,"type":"buy","buyer":"namelessnameless","seller":"captainklaus","symbol":"LEO","quantity":"40.358","price":"0.13800000","timestamp":1660574031,"volume":"5.56940400","buyTxId":"dfdabc3414bcabe20bd6dc6ec13bf77c4cd6bee0","sellTxId":"282bab188aea61178581297e92eea8032775c6ad"}
{"index": {"_index":"leo","_id":"4137341"}}
	{"id":4137341,"type":"sell","buyer":"leomaker","seller":"god0","symbol":"LEO","quantity":"12.508","price":"0.13601200","timestamp":1660575702,"volume":"1.70123810","buyTxId":"d1381394f13c0b678a959907219863babd3eb37d","sellTxId":"5567886c82fa49b7370167aca97ee1d6cf71c214-1"}
{"index": {"_index":"leo","_id":"4137369"}}
	{"id":4137369,"type":"buy","buyer":"globalcurrencies","seller":"leomaker","symbol":"LEO","quantity":"15.779","price":"0.13798900","timestamp":1660576080,"volume":"2.17732843","buyTxId":"a34077ced3e983ec4a27b4d89838a252f4952582","sellTxId":"8b4173964ad622beb01852465c677bf9f3cd3cea"}
{"index": {"_index":"leo","_id":"4137370"}}
	{"id":4137370,"type":"buy","buyer":"globalcurrencies","seller":"enginemaker","symbol":"LEO","quantity":"110.837","price":"0.13799000","timestamp":1660576080,"volume":"15.29439763","buyTxId":"a34077ced3e983ec4a27b4d89838a252f4952582","sellTxId":"MM-P-20047602-67042009-3-1-0"}
{"index": {"_index":"leo","_id":"4137371"}}
	{"id":4137371,"type":"buy","buyer":"globalcurrencies","seller":"captainklaus","symbol":"LEO","quantity":"1873.384","price":"0.13800000","timestamp":1660576080,"volume":"258.52699200","buyTxId":"a34077ced3e983ec4a27b4d89838a252f4952582","sellTxId":"282bab188aea61178581297e92eea8032775c6ad"}
{"index": {"_index":"leo","_id":"4137399"}}
	{"id":4137399,"type":"buy","buyer":"rtonline","seller":"captainklaus","symbol":"LEO","quantity":"41.000","price":"0.13800000","timestamp":1660576338,"volume":"5.65800000","buyTxId":"58ca46686936e8dde8943642f0432f0828793769","sellTxId":"282bab188aea61178581297e92eea8032775c6ad"}
{"index": {"_index":"leo","_id":"4137417"}}
	{"id":4137417,"type":"buy","buyer":"elianaicgomes","seller":"captainklaus","symbol":"LEO","quantity":"8.000","price":"0.13800000","timestamp":1660576539,"volume":"1.10400000","buyTxId":"f0b4042aae936e3ecb61c13402cb00d005ff2616","sellTxId":"282bab188aea61178581297e92eea8032775c6ad"}
{"index": {"_index":"leo","_id":"4137443"}}
	{"id":4137443,"type":"sell","buyer":"leomaker","seller":"mcsamm","symbol":"LEO","quantity":"0.001","price":"0.13601200","timestamp":1660576983,"volume":"0.00013601","buyTxId":"d1381394f13c0b678a959907219863babd3eb37d","sellTxId":"63fa69dab1b96abb17c783387e916ab02a77eefa"}
{"index": {"_index":"leo","_id":"4137444"}}
	{"id":4137444,"type":"sell","buyer":"enginemaker","seller":"mcsamm","symbol":"LEO","quantity":"72.509","price":"0.13601000","timestamp":1660576983,"volume":"9.86194909","buyTxId":"MM-P-19921557-66915880-3-1-0","sellTxId":"63fa69dab1b96abb17c783387e916ab02a77eefa"}
{"index": {"_index":"leo","_id":"4137570"}}
	{"id":4137570,"type":"sell","buyer":"enginemaker","seller":"lifeskills-tv","symbol":"LEO","quantity":"8.077","price":"0.13601000","timestamp":1660578549,"volume":"1.09855277","buyTxId":"MM-P-19921557-66915880-3-1-0","sellTxId":"fce592d9a1828c07c3dac6618c1a8dccdf0472a5"}
{"index": {"_index":"leo","_id":"4137661"}}
	{"id":4137661,"type":"sell","buyer":"enginemaker","seller":"hetty-rowan","symbol":"LEO","quantity":"3.561","price":"0.13601000","timestamp":1660579380,"volume":"0.48433161","buyTxId":"MM-P-19921557-66915880-3-1-0","sellTxId":"7f94960f7467f7c26444f7ca6ea476dfc8f83a4f"}
{"index": {"_index":"leo","_id":"4137662"}}
	{"id":4137662,"type":"buy","buyer":"god0","seller":"hetty-rowan","symbol":"LEO","quantity":"19.608","price":"0.13515627","timestamp":1660579380,"volume":"2.65014414","buyTxId":"99f9da7aca5aaa9fd60fc243eef254e76e20f949-0","sellTxId":"7f94960f7467f7c26444f7ca6ea476dfc8f83a4f"}
{"index": {"_index":"leo","_id":"4137678"}}
	{"id":4137678,"type":"sell","buyer":"leomaker","seller":"foreverhero","symbol":"LEO","quantity":"2.996","price":"0.13500700","timestamp":1660579716,"volume":"0.40448097","buyTxId":"36fcc032556c3840e40dc62aadcfb88ef8585fd6","sellTxId":"ce884eeeda67157221dcb90a871c85add0381c59"}
{"index": {"_index":"leo","_id":"4137679"}}
	{"id":4137679,"type":"sell","buyer":"leomaker","seller":"foreverhero","symbol":"LEO","quantity":"1.683","price":"0.13500200","timestamp":1660579716,"volume":"0.22720837","buyTxId":"b36f1dd33661760341cf69dd276208ab1c2c4dac","sellTxId":"ce884eeeda67157221dcb90a871c85add0381c59"}
{"index": {"_index":"leo","_id":"4137680"}}
	{"id":4137680,"type":"buy","buyer":"god0","seller":"foreverhero","symbol":"LEO","quantity":"194.802","price":"0.13500005","timestamp":1660579716,"volume":"26.29827974","buyTxId":"953986d1f0f19a0ed859cc7d928a9eaecca069b6-0","sellTxId":"ce884eeeda67157221dcb90a871c85add0381c59"}
{"index": {"_index":"leo","_id":"4137681"}}
	{"id":4137681,"type":"buy","buyer":"konvik","seller":"foreverhero","symbol":"LEO","quantity":"242.540","price":"0.13500005","timestamp":1660579722,"volume":"32.74291213","buyTxId":"a0851506ac54b689b5c9010e3600f8adfa4d170e-0","sellTxId":"ce884eeeda67157221dcb90a871c85add0381c59"}
{"index": {"_index":"leo","_id":"4137682"}}
	{"id":4137682,"type":"buy","buyer":"konvik","seller":"captainklaus","symbol":"LEO","quantity":"24.591","price":"0.13800000","timestamp":1660579722,"volume":"3.39355800","buyTxId":"a0851506ac54b689b5c9010e3600f8adfa4d170e-0","sellTxId":"282bab188aea61178581297e92eea8032775c6ad"}
{"index": {"_index":"leo","_id":"4137998"}}
	{"id":4137998,"type":"sell","buyer":"beebop","seller":"reddragonfly","symbol":"LEO","quantity":"0.007","price":"0.13500300","timestamp":1660585080,"volume":"0.00094502","buyTxId":"bba99570d75dbe2d9fb021de995d34c989a7adb4","sellTxId":"628488271452695f964903e7e7b1eada0ce5a9ca"}
{"index": {"_index":"leo","_id":"4138046"}}
	{"id":4138046,"type":"sell","buyer":"beebop","seller":"dec.entralized","symbol":"LEO","quantity":"1.013","price":"0.13500300","timestamp":1660585860,"volume":"0.13675804","buyTxId":"bba99570d75dbe2d9fb021de995d34c989a7adb4","sellTxId":"f3b108eee1998439b0343c5d7d61f4f906c81951"}
{"index": {"_index":"leo","_id":"4138047"}}
	{"id":4138047,"type":"sell","buyer":"leomaker","seller":"dec.entralized","symbol":"LEO","quantity":"0.253","price":"0.13500200","timestamp":1660585860,"volume":"0.03415551","buyTxId":"a4e273f94d8ec02d58621cb3c78152db9c216518","sellTxId":"f3b108eee1998439b0343c5d7d61f4f906c81951"}
{"index": {"_index":"leo","_id":"4138173"}}
	{"id":4138173,"type":"sell","buyer":"leomaker","seller":"bearbear613","symbol":"LEO","quantity":"1.258","price":"0.13500200","timestamp":1660587504,"volume":"0.16983252","buyTxId":"a4e273f94d8ec02d58621cb3c78152db9c216518","sellTxId":"ab3bfc56cdf940150bf091f0c390214c1b8c7cab"}
{"index": {"_index":"leo","_id":"4138232"}}
	{"id":4138232,"type":"buy","buyer":"bhoa","seller":"master-lamps","symbol":"LEO","quantity":"0.561","price":"0.14597999","timestamp":1660588023,"volume":"0.08189477","buyTxId":"ae9efe5126ecc4d7e84234fb2fd65f0768aef464","sellTxId":"97466b785ca6a05a92750ad874f20a6827dea559"}
{"index": {"_index":"leo","_id":"4138233"}}
	{"id":4138233,"type":"buy","buyer":"bhoa","seller":"yintercept","symbol":"LEO","quantity":"0.094","price":"0.14597999","timestamp":1660588023,"volume":"0.01372212","buyTxId":"ae9efe5126ecc4d7e84234fb2fd65f0768aef464","sellTxId":"ddb1b6a3374e6f2879d45cd3ff0888d485352b96"}
{"index": {"_index":"leo","_id":"4138234"}}
	{"id":4138234,"type":"buy","buyer":"bhoa","seller":"onlydoge","symbol":"LEO","quantity":"19.768","price":"0.14598000","timestamp":1660588023,"volume":"2.88573264","buyTxId":"ae9efe5126ecc4d7e84234fb2fd65f0768aef464","sellTxId":"254c84a7a0f6822f73583497df87e8f0db0f147e"}
{"index": {"_index":"leo","_id":"4138235"}}
	{"id":4138235,"type":"buy","buyer":"bhoa","seller":"leomaker","symbol":"LEO","quantity":"16.673","price":"0.14598900","timestamp":1660588023,"volume":"2.43407460","buyTxId":"ae9efe5126ecc4d7e84234fb2fd65f0768aef464","sellTxId":"4746d8fb68d944df710493c46ae3d0831ee839af"}
{"index": {"_index":"leo","_id":"4138236"}}
	{"id":4138236,"type":"buy","buyer":"bhoa","seller":"enginemaker","symbol":"LEO","quantity":"31.403","price":"0.14599000","timestamp":1660588023,"volume":"4.58457587","buyTxId":"ae9efe5126ecc4d7e84234fb2fd65f0768aef464","sellTxId":"MM-P-20050293-67044700-3-1-0"}
{"index": {"_index":"leo","_id":"4138714"}}
	{"id":4138714,"type":"sell","buyer":"master-lamps","seller":"chekohler","symbol":"LEO","quantity":"0.602","price":"0.13600000","timestamp":1660593252,"volume":"0.08187200","buyTxId":"a3bc63a560a7255fdf7f148b81e9ce2efd55f208","sellTxId":"a03ac00c3d7fd7bd10784fc2a2a2de11971ddafc"}
{"index": {"_index":"leo","_id":"4138715"}}
	{"id":4138715,"type":"sell","buyer":"leomaker","seller":"chekohler","symbol":"LEO","quantity":"14.798","price":"0.13501200","timestamp":1660593252,"volume":"1.99790758","buyTxId":"490d205c91ea388d61a71be4aa08250dfdd1789d","sellTxId":"a03ac00c3d7fd7bd10784fc2a2a2de11971ddafc"}
{"index": {"_index":"leo","_id":"4138716"}}
	{"id":4138716,"type":"sell","buyer":"onlydoge","seller":"chekohler","symbol":"LEO","quantity":"1.363","price":"0.13501000","timestamp":1660593252,"volume":"0.18401863","buyTxId":"c48b33b997270739ec463fd96440d6f34f2e5627","sellTxId":"a03ac00c3d7fd7bd10784fc2a2a2de11971ddafc"}
{"index": {"_index":"leo","_id":"4138847"}}
	{"id":4138847,"type":"sell","buyer":"beebop","seller":"curatorcat.leo","symbol":"LEO","quantity":"0.545","price":"0.13501300","timestamp":1660594272,"volume":"0.07358209","buyTxId":"0892254258af1d9df0327fcad6e5548d0b961a46","sellTxId":"9701163295ba0b0dd285a6c7cbb79f698ca937cf"}
{"index": {"_index":"leo","_id":"4138891"}}
	{"id":4138891,"type":"sell","buyer":"beebop","seller":"stiant","symbol":"LEO","quantity":"0.475","price":"0.13501300","timestamp":1660594833,"volume":"0.06413117","buyTxId":"0892254258af1d9df0327fcad6e5548d0b961a46","sellTxId":"b0dc09deb7520e27f9d3f03a097a35d0bef943a9"}
{"index": {"_index":"leo","_id":"4138893"}}
	{"id":4138893,"type":"buy","buyer":"god0","seller":"stiant","symbol":"LEO","quantity":"13.363","price":"0.13501300","timestamp":1660594833,"volume":"1.80417872","buyTxId":"9a60637223daa05fdce31faed4b742a9e9528ce6-0","sellTxId":"b0dc09deb7520e27f9d3f03a097a35d0bef943a9"}
{"index": {"_index":"leo","_id":"4139242"}}
	{"id":4139242,"type":"buy","buyer":"dswap","seller":"leomaker","symbol":"LEO","quantity":"2.056","price":"0.14588700","timestamp":1660598820,"volume":"0.30001000","buyTxId":"88cd22921dbd4140d200b5681f0c826f3afa08ec","sellTxId":"02a59d58dc152250375be16c25190ec5cb4050e4"}
{"index": {"_index":"leo","_id":"4139311"}}
	{"id":4139311,"type":"buy","buyer":"anomadsoul","seller":"leomaker","symbol":"LEO","quantity":"13.619","price":"0.14588700","timestamp":1660599591,"volume":"1.98683505","buyTxId":"ccdbef231ee7de46491a7fc61d76defe389e9e6e","sellTxId":"02a59d58dc152250375be16c25190ec5cb4050e4"}
{"index": {"_index":"leo","_id":"4139312"}}
	{"id":4139312,"type":"buy","buyer":"anomadsoul","seller":"enginemaker","symbol":"LEO","quantity":"52.744","price":"0.14588800","timestamp":1660599591,"volume":"7.69471667","buyTxId":"ccdbef231ee7de46491a7fc61d76defe389e9e6e","sellTxId":"MM-P-20055476-67049884-3-1-0"}
{"index": {"_index":"leo","_id":"4139313"}}
	{"id":4139313,"type":"buy","buyer":"anomadsoul","seller":"daniky","symbol":"LEO","quantity":"201.000","price":"0.14589800","timestamp":1660599591,"volume":"29.32549800","buyTxId":"ccdbef231ee7de46491a7fc61d76defe389e9e6e","sellTxId":"9b33ba441e139e8f334f612e10f6b3529adc000f"}
{"index": {"_index":"leo","_id":"4139314"}}
	{"id":4139314,"type":"buy","buyer":"anomadsoul","seller":"master-lamps","symbol":"LEO","quantity":"0.602","price":"0.14589899","timestamp":1660599591,"volume":"0.08783119","buyTxId":"ccdbef231ee7de46491a7fc61d76defe389e9e6e","sellTxId":"3a705cafff648a2a6bd9aa278155a0ef232a130a"}
{"index": {"_index":"leo","_id":"4139315"}}
	{"id":4139315,"type":"buy","buyer":"anomadsoul","seller":"accelerator","symbol":"LEO","quantity":"8.000","price":"0.14589899","timestamp":1660599591,"volume":"1.16719192","buyTxId":"ccdbef231ee7de46491a7fc61d76defe389e9e6e","sellTxId":"22603e32deb28fdeedb193dc3546c5788b4be1be"}
{"index": {"_index":"leo","_id":"4139316"}}
	{"id":4139316,"type":"buy","buyer":"anomadsoul","seller":"leomaker","symbol":"LEO","quantity":"15.717","price":"0.14589900","timestamp":1660599591,"volume":"2.29309458","buyTxId":"ccdbef231ee7de46491a7fc61d76defe389e9e6e","sellTxId":"64e4db3450827400e56887e6202cf14997759179"}
{"index": {"_index":"leo","_id":"4139317"}}
	{"id":4139317,"type":"buy","buyer":"anomadsoul","seller":"ironshield","symbol":"LEO","quantity":"35.471","price":"0.14590000","timestamp":1660599591,"volume":"5.17521890","buyTxId":"ccdbef231ee7de46491a7fc61d76defe389e9e6e","sellTxId":"4c6e9b32bc940bcd6d0c27ef34dbc7a225742f76"}
{"index": {"_index":"leo","_id":"4139318"}}
	{"id":4139318,"type":"buy","buyer":"anomadsoul","seller":"zoe24","symbol":"LEO","quantity":"9.275","price":"0.14591199","timestamp":1660599591,"volume":"1.35333371","buyTxId":"ccdbef231ee7de46491a7fc61d76defe389e9e6e","sellTxId":"966e36c0ec831a5634e8a94005ff2d945babe5f3"}
{"index": {"_index":"leo","_id":"4139319"}}
	{"id":4139319,"type":"buy","buyer":"anomadsoul","seller":"leomaker","symbol":"LEO","quantity":"16.204","price":"0.14598900","timestamp":1660599591,"volume":"2.36560576","buyTxId":"ccdbef231ee7de46491a7fc61d76defe389e9e6e","sellTxId":"24b081b9a73e3d77ee22f2bc1eaef0284690e04b"}
{"index": {"_index":"leo","_id":"4139320"}}
	{"id":4139320,"type":"buy","buyer":"anomadsoul","seller":"quinnertronics","symbol":"LEO","quantity":"6.299","price":"0.14598900","timestamp":1660599591,"volume":"0.91958471","buyTxId":"ccdbef231ee7de46491a7fc61d76defe389e9e6e","sellTxId":"472e994992507e8ae6bb2df51628e6fab2be262e"}
{"index": {"_index":"leo","_id":"4139321"}}
	{"id":4139321,"type":"buy","buyer":"anomadsoul","seller":"accelerator","symbol":"LEO","quantity":"6.000","price":"0.14599000","timestamp":1660599591,"volume":"0.87594000","buyTxId":"ccdbef231ee7de46491a7fc61d76defe389e9e6e","sellTxId":"0d73bcf686de4641834439ac12e41f596393cc6a"}
{"index": {"_index":"leo","_id":"4139322"}}
	{"id":4139322,"type":"buy","buyer":"anomadsoul","seller":"dune69","symbol":"LEO","quantity":"685.069","price":"0.14600000","timestamp":1660599591,"volume":"100.02007400","buyTxId":"ccdbef231ee7de46491a7fc61d76defe389e9e6e","sellTxId":"fa2aea8908ce5cc55c0e8f4aa457197da23fdf9c"}
{"index": {"_index":"leo","_id":"4139388"}}
	{"id":4139388,"type":"sell","buyer":"leomaker","seller":"kevinnag58","symbol":"LEO","quantity":"8.894","price":"0.13501200","timestamp":1660600560,"volume":"1.20079673","buyTxId":"57b0e8a0a87033dc3db32539b9be03729079edc2","sellTxId":"7b06bd3514697b220217d01c76c92b948dd7441d"}
{"index": {"_index":"leo","_id":"4139431"}}
	{"id":4139431,"type":"sell","buyer":"leomaker","seller":"jk6276","symbol":"LEO","quantity":"5.789","price":"0.13501200","timestamp":1660600947,"volume":"0.78158447","buyTxId":"57b0e8a0a87033dc3db32539b9be03729079edc2","sellTxId":"82923c156064c291adc61c47a5b11c578c5ae8e6"}
{"index": {"_index":"leo","_id":"4139432"}}
	{"id":4139432,"type":"sell","buyer":"onlydoge","seller":"jk6276","symbol":"LEO","quantity":"10.314","price":"0.13501000","timestamp":1660600947,"volume":"1.39249314","buyTxId":"c48b33b997270739ec463fd96440d6f34f2e5627","sellTxId":"82923c156064c291adc61c47a5b11c578c5ae8e6"}
{"index": {"_index":"leo","_id":"4139451"}}
	{"id":4139451,"type":"buy","buyer":"dswap","seller":"leomaker","symbol":"LEO","quantity":"6.849","price":"0.14599900","timestamp":1660601199,"volume":"1","buyTxId":"c96d4a21fa823c4dc1dba8ae09699ae691aa9e08","sellTxId":"360a1bb48c1fdea9c6935da36c13449b90916df7"}
{"index": {"_index":"leo","_id":"4139566"}}
	{"id":4139566,"type":"sell","buyer":"leomaker","seller":"monica-ene","symbol":"LEO","quantity":"15.105","price":"0.13501200","timestamp":1660602609,"volume":"2.03935626","buyTxId":"4c8d9ca92b4083e840ab3aec44fddee3ebf59707","sellTxId":"043653ee7e99ea14ee4f8b16e7e214138019ed5f"}
{"index": {"_index":"leo","_id":"4139567"}}
	{"id":4139567,"type":"buy","buyer":"svirus","seller":"monica-ene","symbol":"LEO","quantity":"84.890","price":"0.13501200","timestamp":1660602612,"volume":"11.46116868","buyTxId":"6422c762c15c04925b7ad0824bdc3953a6e19a85-0","sellTxId":"043653ee7e99ea14ee4f8b16e7e214138019ed5f"}
{"index": {"_index":"leo","_id":"4139568"}}
	{"id":4139568,"type":"buy","buyer":"konvik","seller":"monica-ene","symbol":"LEO","quantity":"0.005","price":"0.13501200","timestamp":1660602612,"volume":"0.00067506","buyTxId":"e1ff0e1bb2dde88791caf02f8b35f233d73afec5-0","sellTxId":"043653ee7e99ea14ee4f8b16e7e214138019ed5f"}
{"index": {"_index":"leo","_id":"4139575"}}
	{"id":4139575,"type":"buy","buyer":"tanianuc","seller":"leomaker","symbol":"LEO","quantity":"8.352","price":"0.14599900","timestamp":1660602621,"volume":"1.21938365","buyTxId":"acb6a91ab2765a046e6381f90603b72a3bcda01c","sellTxId":"360a1bb48c1fdea9c6935da36c13449b90916df7"}
{"index": {"_index":"leo","_id":"4139576"}}
	{"id":4139576,"type":"buy","buyer":"tanianuc","seller":"dune69","symbol":"LEO","quantity":"128.648","price":"0.14600000","timestamp":1660602621,"volume":"18.78260800","buyTxId":"acb6a91ab2765a046e6381f90603b72a3bcda01c","sellTxId":"fa2aea8908ce5cc55c0e8f4aa457197da23fdf9c"}
{"index": {"_index":"leo","_id":"4139699"}}
	{"id":4139699,"type":"buy","buyer":"dswap","seller":"leomaker","symbol":"LEO","quantity":"6.849","price":"0.14599900","timestamp":1660604046,"volume":"1","buyTxId":"2f132a7eaed05e0314f4a3db6312537805c084e5","sellTxId":"a40f3b9623a9e79d89d82b4ab8cc412a18a7e6c0"}
{"index": {"_index":"leo","_id":"4139814"}}
	{"id":4139814,"type":"sell","buyer":"leomaker","seller":"ugochill","symbol":"LEO","quantity":"0.017","price":"0.13500200","timestamp":1660605369,"volume":"0.00229503","buyTxId":"a4e273f94d8ec02d58621cb3c78152db9c216518","sellTxId":"472b751f08e094d899cc136c2b3b3b51a31a4a71"}
{"index": {"_index":"leo","_id":"4140138"}}
	{"id":4140138,"type":"sell","buyer":"leomaker","seller":"oople","symbol":"LEO","quantity":"13.202","price":"0.13500200","timestamp":1660608933,"volume":"1.78229640","buyTxId":"a4e273f94d8ec02d58621cb3c78152db9c216518","sellTxId":"67374040e462839b9a682131185c089c71a05b4f"}
{"index": {"_index":"leo","_id":"4140139"}}
	{"id":4140139,"type":"buy","buyer":"god0","seller":"oople","symbol":"LEO","quantity":"12.074","price":"0.13500103","timestamp":1660608933,"volume":"1.63000244","buyTxId":"d54b474cb53addcfa30d69eb6f7cbe1c7f611332-0","sellTxId":"67374040e462839b9a682131185c089c71a05b4f"}
{"index": {"_index":"leo","_id":"4140189"}}
	{"id":4140189,"type":"sell","buyer":"leomaker","seller":"dr3am03","symbol":"LEO","quantity":"9.551","price":"0.13500200","timestamp":1660609467,"volume":"1.28940410","buyTxId":"6064aaf6efdcbdfca80208ffbf2d7601d7f5b7ab","sellTxId":"c5474e890bf603febb78004b4c453cbbad9f153f"}
{"index": {"_index":"leo","_id":"4140483"}}
	{"id":4140483,"type":"sell","buyer":"beebop","seller":"fabian98","symbol":"LEO","quantity":"1.010","price":"0.13500300","timestamp":1660612275,"volume":"0.13635303","buyTxId":"d23407c6c61b25d8bba0ad812a2a2e2e171c78e7","sellTxId":"e7a5985ed9425e0f635410fd3f763d4c1aa4fa66"}
{"index": {"_index":"leo","_id":"4140484"}}
	{"id":4140484,"type":"buy","buyer":"god0","seller":"fabian98","symbol":"LEO","quantity":"10.740","price":"0.13500300","timestamp":1660612275,"volume":"1.44993222","buyTxId":"c8c9a7c44a9bb3e52ca1149cf295d1bc9538c4d9-0","sellTxId":"e7a5985ed9425e0f635410fd3f763d4c1aa4fa66"}
{"index": {"_index":"leo","_id":"4140590"}}
	{"id":4140590,"type":"buy","buyer":"god0","seller":"microbot","symbol":"LEO","quantity":"0.235","price":"0.13500300","timestamp":1660613562,"volume":"0.03172571","buyTxId":"f5c9953bddb7c8a4aa03ccb28757d56580798fb0-0","sellTxId":"e2b0ac5a1990b5dfcd6a4e59d8fcc9fc5d16393a"}
{"index": {"_index":"leo","_id":"4140591"}}
	{"id":4140591,"type":"buy","buyer":"god0","seller":"isnochys","symbol":"LEO","quantity":"0.234","price":"0.13500300","timestamp":1660613577,"volume":"0.03159070","buyTxId":"6dfcddd6c58fe664ca6c1c89357b71781c7766ce-0","sellTxId":"6595324e163b5caed4aadc49623e2ee0ea8c2cbe"}
{"index": {"_index":"leo","_id":"4140594"}}
	{"id":4140594,"type":"buy","buyer":"god0","seller":"grand.strategy","symbol":"LEO","quantity":"0.235","price":"0.13500300","timestamp":1660613610,"volume":"0.03172571","buyTxId":"e96e6194bc6d540ab88557d1a0693d248448aa11-0","sellTxId":"6a5ef762c611854cc5b56c712322e160ad3610dd"}
{"index": {"_index":"leo","_id":"4140659"}}
	{"id":4140659,"type":"sell","buyer":"beebop","seller":"steem82868","symbol":"LEO","quantity":"0.357","price":"0.13500210","timestamp":1660614414,"volume":"0.04819575","buyTxId":"5c7754f143a77494ee068216059f24deccef787b","sellTxId":"c150533c64fd31ba09d59f267b83d97c5d09369f"}
{"index": {"_index":"leo","_id":"4140737"}}
	{"id":4140737,"type":"sell","buyer":"beebop","seller":"dswap","symbol":"LEO","quantity":"0.663","price":"0.13500210","timestamp":1660615563,"volume":"0.08950639","buyTxId":"5c7754f143a77494ee068216059f24deccef787b","sellTxId":"b56860d17e7420a2634880e6b831f1da2cb57d00"}
{"index": {"_index":"leo","_id":"4140738"}}
	{"id":4140738,"type":"sell","buyer":"leomaker","seller":"dswap","symbol":"LEO","quantity":"5.718","price":"0.13500200","timestamp":1660615563,"volume":"0.77194144","buyTxId":"6064aaf6efdcbdfca80208ffbf2d7601d7f5b7ab","sellTxId":"b56860d17e7420a2634880e6b831f1da2cb57d00"}
{"index": {"_index":"leo","_id":"4140739"}}
	{"id":4140739,"type":"sell","buyer":"leogrowth","seller":"dswap","symbol":"LEO","quantity":"17.007","price":"0.13500000","timestamp":1660615563,"volume":"2.29594500","buyTxId":"1d254f04d312d85bec0c010fa1974e55da640f1a","sellTxId":"b56860d17e7420a2634880e6b831f1da2cb57d00"}
