{"index": {"_index":"leo","_id":"1345941"}}
	{"id":1345941,"type":"sell","buyer":"freebornsociety","seller":"isthistomorrow","symbol":"LEO","quantity":"1.537","price":"0.59700000","timestamp":1628823468,"volume":"0.91758900","buyTxId":"MM-P-9502028-56484907-3-4-0","sellTxId":"b9781f2188244c35c29d51086cc83bd88343362d"}
{"index": {"_index":"leo","_id":"1346043"}}
	{"id":1346043,"type":"sell","buyer":"anadolu","seller":"metzli","symbol":"LEO","quantity":"0.678","price":"0.59710000","timestamp":1628824863,"volume":"0.40483380","buyTxId":"4dd3e9ae44a21606ec13098460449842572a74e9","sellTxId":"5836c911024a831fa5d2949f5af5d99a3e839542"}
{"index": {"_index":"leo","_id":"1346048"}}
	{"id":1346048,"type":"sell","buyer":"anadolu","seller":"melbourneswest","symbol":"LEO","quantity":"5","price":"0.59710000","timestamp":1628824932,"volume":"2.98550000","buyTxId":"4dd3e9ae44a21606ec13098460449842572a74e9","sellTxId":"acef5199ca837fd4d990c4bd2435a30d389a7bf0"}
{"index": {"_index":"leo","_id":"1346053"}}
	{"id":1346053,"type":"sell","buyer":"wine-token","seller":"nuthman","symbol":"LEO","quantity":"10.862","price":"0.59720000","timestamp":1628825052,"volume":"6.48678640","buyTxId":"c005a7caf272f7d1e2c12bf3919eac172c9c4551","sellTxId":"cf4d3ac93d0dfb65c23405d0ca9166f710403210"}
{"index": {"_index":"leo","_id":"1346084"}}
	{"id":1346084,"type":"sell","buyer":"wine-token","seller":"oivas","symbol":"LEO","quantity":"22.781","price":"0.59720000","timestamp":1628825340,"volume":"13.60481320","buyTxId":"c005a7caf272f7d1e2c12bf3919eac172c9c4551","sellTxId":"9b476b1c5c6e835915a695e0a4de87b5282e9fc4"}
{"index": {"_index":"leo","_id":"1346093"}}
	{"id":1346093,"type":"sell","buyer":"wine-token","seller":"nuthman","symbol":"LEO","quantity":"0.988","price":"0.59720000","timestamp":1628825505,"volume":"0.59003360","buyTxId":"c005a7caf272f7d1e2c12bf3919eac172c9c4551","sellTxId":"2520ee46e8c78023be6fdd9137e620dda35f7060"}
{"index": {"_index":"leo","_id":"1346151"}}
	{"id":1346151,"type":"sell","buyer":"wine-token","seller":"sn0n","symbol":"LEO","quantity":"65.369","price":"0.59720000","timestamp":1628826819,"volume":"39.03836680","buyTxId":"c005a7caf272f7d1e2c12bf3919eac172c9c4551","sellTxId":"30e0e536e3bba65b5bc0c59f886693f6cb38f56a"}
{"index": {"_index":"leo","_id":"1346152"}}
	{"id":1346152,"type":"sell","buyer":"anadolu","seller":"sn0n","symbol":"LEO","quantity":"4.748","price":"0.59710000","timestamp":1628826819,"volume":"2.83503080","buyTxId":"4dd3e9ae44a21606ec13098460449842572a74e9","sellTxId":"30e0e536e3bba65b5bc0c59f886693f6cb38f56a"}
{"index": {"_index":"leo","_id":"1346168"}}
	{"id":1346168,"type":"sell","buyer":"anadolu","seller":"johnwege","symbol":"LEO","quantity":"1.557","price":"0.59710000","timestamp":1628827179,"volume":"0.92968470","buyTxId":"4dd3e9ae44a21606ec13098460449842572a74e9","sellTxId":"62c989461684dfb65ccc2780c655b9c00ce1565e"}
{"index": {"_index":"leo","_id":"1346187"}}
	{"id":1346187,"type":"buy","buyer":"bitcoinflood","seller":"enginemaker","symbol":"LEO","quantity":"41.700","price":"0.60299000","timestamp":1628827725,"volume":"25.14468300","buyTxId":"a0bfa330472d3802799935ce4c248313a23502b0","sellTxId":"MM-P-9501789-56484667-3-1-0"}
{"index": {"_index":"leo","_id":"1346201"}}
	{"id":1346201,"type":"sell","buyer":"anadolu","seller":"brofi-market","symbol":"LEO","quantity":"0.001","price":"0.59710000","timestamp":1628828079,"volume":"0.00059710","buyTxId":"4dd3e9ae44a21606ec13098460449842572a74e9","sellTxId":"2850f5edd8d85ee6611e32d19ef963acae581f79"}
{"index": {"_index":"leo","_id":"1346254"}}
	{"id":1346254,"type":"buy","buyer":"justinparke","seller":"enginemaker","symbol":"LEO","quantity":"58.300","price":"0.60299000","timestamp":1628828841,"volume":"35.15431700","buyTxId":"290e00a3f7ff6a21932188a9cb292cac226c70ef","sellTxId":"MM-P-9501789-56484667-3-1-0"}
{"index": {"_index":"leo","_id":"1346255"}}
	{"id":1346255,"type":"buy","buyer":"justinparke","seller":"brofi-market","symbol":"LEO","quantity":"0.001","price":"0.60299000","timestamp":1628828841,"volume":"0.00060299","buyTxId":"290e00a3f7ff6a21932188a9cb292cac226c70ef","sellTxId":"8f544e9e9115059f174fddda3135f6820dd67960"}
{"index": {"_index":"leo","_id":"1346256"}}
	{"id":1346256,"type":"buy","buyer":"justinparke","seller":"sbi-tokens","symbol":"LEO","quantity":"18.735","price":"0.60300000","timestamp":1628828841,"volume":"11.29762496","buyTxId":"290e00a3f7ff6a21932188a9cb292cac226c70ef","sellTxId":"2980ed1b67601d39d8d47d968fe61febacfcccdc"}
{"index": {"_index":"leo","_id":"1346302"}}
	{"id":1346302,"type":"sell","buyer":"anadolu","seller":"mawit07","symbol":"LEO","quantity":"3.467","price":"0.59710000","timestamp":1628829798,"volume":"2.07014570","buyTxId":"4dd3e9ae44a21606ec13098460449842572a74e9","sellTxId":"28c9bd42100f6167bc23419d460eaa8be230bacc"}
{"index": {"_index":"leo","_id":"1346327"}}
	{"id":1346327,"type":"buy","buyer":"steemstreems","seller":"enginemaker","symbol":"LEO","quantity":"37.809","price":"0.60299000","timestamp":1628830254,"volume":"22.7986382","buyTxId":"87d81e850a3e5e81112f49c4c906395f60d27ce1","sellTxId":"MM-P-9504181-56487062-3-1-0"}
{"index": {"_index":"leo","_id":"1346357"}}
	{"id":1346357,"type":"buy","buyer":"whatsup","seller":"enginemaker","symbol":"LEO","quantity":"25.000","price":"0.60299000","timestamp":1628830509,"volume":"15.07475000","buyTxId":"397a6e3cb8a04a2017bb12c10c1b24b8e9d4a891","sellTxId":"MM-P-9504181-56487062-3-1-0"}
{"index": {"_index":"leo","_id":"1346368"}}
	{"id":1346368,"type":"buy","buyer":"wxmark","seller":"enginemaker","symbol":"LEO","quantity":"37.191","price":"0.60299000","timestamp":1628830698,"volume":"22.42580109","buyTxId":"b6f75c07f906ca0ea24e7bec6ff31059d763c847","sellTxId":"MM-P-9504181-56487062-3-1-0"}
{"index": {"_index":"leo","_id":"1346371"}}
	{"id":1346371,"type":"buy","buyer":"wxmark","seller":"sbi-tokens","symbol":"LEO","quantity":"489.648","price":"0.60300000","timestamp":1628830731,"volume":"295.25774400","buyTxId":"c851585ef1059f10917f4808befc1607abc26a61","sellTxId":"2980ed1b67601d39d8d47d968fe61febacfcccdc"}
{"index": {"_index":"leo","_id":"1346424"}}
	{"id":1346424,"type":"sell","buyer":"freebornsociety","seller":"aotearoa","symbol":"LEO","quantity":"0.207","price":"0.60010000","timestamp":1628831856,"volume":"0.12422070","buyTxId":"MM-P-9504815-56487698-3-4-0","sellTxId":"388b2226e86ab4d2f41e9bf5daa3c9a0faf31da7"}
{"index": {"_index":"leo","_id":"1346659"}}
	{"id":1346659,"type":"sell","buyer":"freebornsociety","seller":"deepsafe","symbol":"LEO","quantity":"2.322","price":"0.60010000","timestamp":1628836212,"volume":"1.39343220","buyTxId":"MM-P-9504815-56487698-3-4-0","sellTxId":"c2b3b12cfefd60e5f1d10563ca40bb39e9655098"}
{"index": {"_index":"leo","_id":"1346688"}}
	{"id":1346688,"type":"sell","buyer":"freebornsociety","seller":"kolbjorn","symbol":"LEO","quantity":"19.933","price":"0.60010000","timestamp":1628837103,"volume":"11.96179330","buyTxId":"MM-P-9504815-56487698-3-4-0","sellTxId":"282b3216f1ad79310e0db9862cec4e62f090a0dc"}
{"index": {"_index":"leo","_id":"1346743"}}
	{"id":1346743,"type":"sell","buyer":"freebornsociety","seller":"jjb777","symbol":"LEO","quantity":"10.525","price":"0.60010000","timestamp":1628837898,"volume":"6.31605250","buyTxId":"MM-P-9504815-56487698-3-4-0","sellTxId":"ee9070ae001f8e1f29290163f22b2ad427d85226"}
{"index": {"_index":"leo","_id":"1346784"}}
	{"id":1346784,"type":"buy","buyer":"looftee","seller":"onealfa.leo","symbol":"LEO","quantity":"1.409","price":"0.60669890","timestamp":1628839011,"volume":"0.85483875","buyTxId":"fd65ce8f6e84016ba891756ac82adb1ea9d39953","sellTxId":"11953b8f940069edc02419f5172f12307b5a34e2"}
{"index": {"_index":"leo","_id":"1346801"}}
	{"id":1346801,"type":"sell","buyer":"tandara","seller":"ahmetay","symbol":"LEO","quantity":"50.000","price":"0.60110000","timestamp":1628839635,"volume":"30.05500000","buyTxId":"61c18733f1f0706f9beb5841d8fde44a3f5b644b","sellTxId":"018a9dd44ee8bf0ed7a5f27696a92905148c34fa"}
{"index": {"_index":"leo","_id":"1346879"}}
	{"id":1346879,"type":"sell","buyer":"tandara","seller":"liotes.fund","symbol":"LEO","quantity":"3.000","price":"0.60110000","timestamp":1628841222,"volume":"1.80330000","buyTxId":"61c18733f1f0706f9beb5841d8fde44a3f5b644b","sellTxId":"ac8994b4ad49f23d3c2df158bd3401f5bbdac175"}
{"index": {"_index":"leo","_id":"1346880"}}
	{"id":1346880,"type":"sell","buyer":"freebornsociety","seller":"liotes.fund","symbol":"LEO","quantity":"19.189","price":"0.60010000","timestamp":1628841222,"volume":"11.51531890","buyTxId":"MM-P-9504815-56487698-3-4-0","sellTxId":"ac8994b4ad49f23d3c2df158bd3401f5bbdac175"}
{"index": {"_index":"leo","_id":"1346948"}}
	{"id":1346948,"type":"sell","buyer":"freebornsociety","seller":"brofi-market","symbol":"LEO","quantity":"0.255","price":"0.60010000","timestamp":1628842374,"volume":"0.15302550","buyTxId":"MM-P-9504815-56487698-3-4-0","sellTxId":"dee92ba501c409118a66340e1c83fb17d7bd4407"}
{"index": {"_index":"leo","_id":"1347101"}}
	{"id":1347101,"type":"sell","buyer":"freebornsociety","seller":"successforall","symbol":"LEO","quantity":"50","price":"0.60010000","timestamp":1628844717,"volume":"30.00500000","buyTxId":"MM-P-9504815-56487698-3-4-0","sellTxId":"4acda9845811dab5f8a6db90d56f01d49e9c3dd9"}
{"index": {"_index":"leo","_id":"1347118"}}
	{"id":1347118,"type":"sell","buyer":"freebornsociety","seller":"beemd","symbol":"LEO","quantity":"0.027","price":"0.60010000","timestamp":1628844990,"volume":"0.01620270","buyTxId":"MM-P-9504815-56487698-3-4-0","sellTxId":"005bbbdeb94286bce18bf11547417e63dbcb1e88"}
{"index": {"_index":"leo","_id":"1347124"}}
	{"id":1347124,"type":"sell","buyer":"freebornsociety","seller":"beemd","symbol":"LEO","quantity":"0.132","price":"0.60010000","timestamp":1628845023,"volume":"0.07921320","buyTxId":"MM-P-9504815-56487698-3-4-0","sellTxId":"c1bdb687240af0b9fbe4818d5cac199d82eeff20"}
{"index": {"_index":"leo","_id":"1347129"}}
	{"id":1347129,"type":"sell","buyer":"freebornsociety","seller":"badbitch","symbol":"LEO","quantity":"47.798","price":"0.60010000","timestamp":1628845056,"volume":"28.68357980","buyTxId":"MM-P-9504815-56487698-3-4-0","sellTxId":"0603623b55480227485eaea4890f3603d3e02b03"}
{"index": {"_index":"leo","_id":"1347163"}}
	{"id":1347163,"type":"sell","buyer":"freebornsociety","seller":"sicarius","symbol":"LEO","quantity":"98.041","price":"0.60010000","timestamp":1628845491,"volume":"58.83440410","buyTxId":"MM-P-9504815-56487698-3-4-0","sellTxId":"893ff668cae819e7de5fed41fa501a21f3bb0add"}
{"index": {"_index":"leo","_id":"1347164"}}
	{"id":1347164,"type":"sell","buyer":"pinkfloyd878","seller":"sicarius","symbol":"LEO","quantity":"0.150","price":"0.60010000","timestamp":1628845491,"volume":"0.09001500","buyTxId":"94f58456222e0e30ec1d69895bc54db06bc353c4","sellTxId":"893ff668cae819e7de5fed41fa501a21f3bb0add"}
{"index": {"_index":"leo","_id":"1347165"}}
	{"id":1347165,"type":"sell","buyer":"sbi-tokens","seller":"sicarius","symbol":"LEO","quantity":"46.768","price":"0.59400000","timestamp":1628845491,"volume":"27.78019200","buyTxId":"4610fc8f5c4533e7fcb17b3b9909781b545db223","sellTxId":"893ff668cae819e7de5fed41fa501a21f3bb0add"}
{"index": {"_index":"leo","_id":"1347179"}}
	{"id":1347179,"type":"sell","buyer":"freebornsociety","seller":"empoderat","symbol":"LEO","quantity":"251.256","price":"0.59700000","timestamp":1628845731,"volume":"149.99983200","buyTxId":"MM-P-9509690-56492581-3-4-0","sellTxId":"f9aee5bd9e644e20d1e7712f271ee9e5538960ed"}
{"index": {"_index":"leo","_id":"1347180"}}
	{"id":1347180,"type":"sell","buyer":"sbi-tokens","seller":"empoderat","symbol":"LEO","quantity":"133.744","price":"0.59400000","timestamp":1628845731,"volume":"79.44393600","buyTxId":"4610fc8f5c4533e7fcb17b3b9909781b545db223","sellTxId":"f9aee5bd9e644e20d1e7712f271ee9e5538960ed"}
{"index": {"_index":"leo","_id":"1347244"}}
	{"id":1347244,"type":"sell","buyer":"sbi-tokens","seller":"jphamer1","symbol":"LEO","quantity":"76.589","price":"0.59400000","timestamp":1628847561,"volume":"45.49386600","buyTxId":"4610fc8f5c4533e7fcb17b3b9909781b545db223","sellTxId":"777905e1a07ce176b7f30bda98feb2b5e76bf378"}
{"index": {"_index":"leo","_id":"1347293"}}
	{"id":1347293,"type":"sell","buyer":"sbi-tokens","seller":"effeey","symbol":"LEO","quantity":"1","price":"0.59400000","timestamp":1628848311,"volume":"0.59400000","buyTxId":"4610fc8f5c4533e7fcb17b3b9909781b545db223","sellTxId":"bc327e4103ff4d260429d13f3cbcd1b96d63a772"}
{"index": {"_index":"leo","_id":"1347336"}}
	{"id":1347336,"type":"sell","buyer":"sbi-tokens","seller":"vipservice","symbol":"LEO","quantity":"6.265","price":"0.59400000","timestamp":1628849112,"volume":"3.72141000","buyTxId":"4610fc8f5c4533e7fcb17b3b9909781b545db223","sellTxId":"2ff882a04152cacdfe9243d7e3a66614375aae0d"}
{"index": {"_index":"leo","_id":"1347436"}}
	{"id":1347436,"type":"buy","buyer":"master-lamps","seller":"onealfa.leo","symbol":"LEO","quantity":"0.123","price":"0.60067886","timestamp":1628851485,"volume":"0.07388350","buyTxId":"1d463af0440cbd82db09c734dc8e4187c1b46171","sellTxId":"8b5802e21c489d7aee0f62b7f3f37360bd8fa27a"}
{"index": {"_index":"leo","_id":"1347499"}}
	{"id":1347499,"type":"sell","buyer":"solovey6o2","seller":"aotearoa","symbol":"LEO","quantity":"0.201","price":"0.59400001","timestamp":1628853117,"volume":"0.11939400","buyTxId":"65d9d05755d79d7f62a6a2622cdf5d7a725739cf","sellTxId":"a470ee5c296106f7cefcdc56e00c135f48489999"}
{"index": {"_index":"leo","_id":"1347515"}}
	{"id":1347515,"type":"buy","buyer":"lulu-the-fizzgig","seller":"onealfa.leo","symbol":"LEO","quantity":"0.030","price":"0.60067886","timestamp":1628853348,"volume":"0.01802037","buyTxId":"c5eacc3be7a3ee930ed908d40a6dfd13e6370f6a","sellTxId":"8b5802e21c489d7aee0f62b7f3f37360bd8fa27a"}
{"index": {"_index":"leo","_id":"1347538"}}
	{"id":1347538,"type":"sell","buyer":"solovey6o2","seller":"miketr","symbol":"LEO","quantity":"3.541","price":"0.59400001","timestamp":1628853843,"volume":"2.10335404","buyTxId":"65d9d05755d79d7f62a6a2622cdf5d7a725739cf","sellTxId":"dae13960586bcf181ea9ca8818f9b5fc4fb6af53"}
{"index": {"_index":"leo","_id":"1347674"}}
	{"id":1347674,"type":"buy","buyer":"juanmiguelsalas","seller":"onealfa.leo","symbol":"LEO","quantity":"12.847","price":"0.60067886","timestamp":1628855685,"volume":"7.71692131","buyTxId":"81e44529aaeec518f16d37b24926ae486b7d297f","sellTxId":"8b5802e21c489d7aee0f62b7f3f37360bd8fa27a"}
{"index": {"_index":"leo","_id":"1347677"}}
	{"id":1347677,"type":"buy","buyer":"juanmiguelsalas","seller":"enginemaker","symbol":"LEO","quantity":"3.000","price":"0.60067888","timestamp":1628855706,"volume":"1.80203664","buyTxId":"e364627538598acaf11ec7352888c8f126d87509","sellTxId":"MM-P-9509851-56492742-3-1-0"}
{"index": {"_index":"leo","_id":"1347800"}}
	{"id":1347800,"type":"sell","buyer":"sbi-tokens","seller":"omra-sky","symbol":"LEO","quantity":"8.714","price":"0.59400000","timestamp":1628857692,"volume":"5.17611600","buyTxId":"4610fc8f5c4533e7fcb17b3b9909781b545db223","sellTxId":"2dd49a542e6f9646afd8c1a61f9c8d98fa10553d"}
{"index": {"_index":"leo","_id":"1347829"}}
	{"id":1347829,"type":"sell","buyer":"sbi-tokens","seller":"jlufer","symbol":"LEO","quantity":"3.522","price":"0.59400000","timestamp":1628858073,"volume":"2.09206800","buyTxId":"4610fc8f5c4533e7fcb17b3b9909781b545db223","sellTxId":"c0911489bf924a4c745b3496effb045521e78139"}
{"index": {"_index":"leo","_id":"1347923"}}
	{"id":1347923,"type":"sell","buyer":"sbi-tokens","seller":"ecoinstant","symbol":"LEO","quantity":"11.887","price":"0.59400000","timestamp":1628859369,"volume":"7.06087800","buyTxId":"4610fc8f5c4533e7fcb17b3b9909781b545db223","sellTxId":"f90f1fd1ecc7c283a07b9ad9a867888de9402e13"}
{"index": {"_index":"leo","_id":"1347934"}}
	{"id":1347934,"type":"sell","buyer":"sbi-tokens","seller":"ecoinstats","symbol":"LEO","quantity":"5.511","price":"0.59400000","timestamp":1628859597,"volume":"3.27353400","buyTxId":"4610fc8f5c4533e7fcb17b3b9909781b545db223","sellTxId":"ad0e5a56c4dd56213e9fa9d34040d4255994e44f"}
{"index": {"_index":"leo","_id":"1347935"}}
	{"id":1347935,"type":"sell","buyer":"pinkfloyd878","seller":"ecoinstats","symbol":"LEO","quantity":"0.250","price":"0.59400000","timestamp":1628859597,"volume":"0.14850000","buyTxId":"295f5f17c94c9433e8f2d4db3c137bcb04d22f9e","sellTxId":"ad0e5a56c4dd56213e9fa9d34040d4255994e44f"}
{"index": {"_index":"leo","_id":"1347936"}}
	{"id":1347936,"type":"sell","buyer":"enginemaker","seller":"ecoinstats","symbol":"LEO","quantity":"8.722","price":"0.59016015","timestamp":1628859597,"volume":"5.14737683","buyTxId":"MM-P-9514330-56497228-3-1-0","sellTxId":"ad0e5a56c4dd56213e9fa9d34040d4255994e44f"}
{"index": {"_index":"leo","_id":"1347937"}}
	{"id":1347937,"type":"buy","buyer":"konvik","seller":"freebornsociety","symbol":"LEO","quantity":"215.967","price":"0.59767888","timestamp":1628859672,"volume":"129.07891468","buyTxId":"8c736fd88ec236a1b9a29413ae609a685bf2a349-0","sellTxId":"MM-P-9514368-56497266-3-4-1"}
{"index": {"_index":"leo","_id":"1348000"}}
	{"id":1348000,"type":"sell","buyer":"freebornsociety","seller":"itharagaian","symbol":"LEO","quantity":"0.162","price":"0.59316016","timestamp":1628860755,"volume":"0.09609195","buyTxId":"MM-P-9514368-56497266-3-4-0","sellTxId":"1537aa6156efe4aae5d24a21b7287f075d441461"}
{"index": {"_index":"leo","_id":"1348048"}}
	{"id":1348048,"type":"sell","buyer":"freebornsociety","seller":"globalcurrencies","symbol":"LEO","quantity":"189.496","price":"0.59316016","timestamp":1628861322,"volume":"112.40147768","buyTxId":"MM-P-9514368-56497266-3-4-0","sellTxId":"7cf5b9cbdbc8d57b1266349e83ec521fc49f6e43"}
{"index": {"_index":"leo","_id":"1348049"}}
	{"id":1348049,"type":"sell","buyer":"solovey6o2","seller":"globalcurrencies","symbol":"LEO","quantity":"1410.504","price":"0.59016016","timestamp":1628861322,"volume":"832.42326632","buyTxId":"7b0bae71c3b8d65eb197bf754bfa4bf6a86cc0e2","sellTxId":"7cf5b9cbdbc8d57b1266349e83ec521fc49f6e43"}
{"index": {"_index":"leo","_id":"1348063"}}
	{"id":1348063,"type":"buy","buyer":"konvik","seller":"freebornsociety","symbol":"LEO","quantity":"258.768","price":"0.59467887","timestamp":1628861472,"volume":"153.88386183","buyTxId":"bd86ebf0a3d1e00b0962f319cd3afcfbc3a3f223-0","sellTxId":"MM-P-9514964-56497863-3-4-1"}
{"index": {"_index":"leo","_id":"1348071"}}
	{"id":1348071,"type":"buy","buyer":"konvik","seller":"waraira777","symbol":"LEO","quantity":"102.000","price":"0.59016016","timestamp":1628861553,"volume":"60.19633632","buyTxId":"be6781b30875337805dce9f938cec227b81e9c6a-0","sellTxId":"2b9b904e2eff30775b3f63840e82e581c9eda542"}
{"index": {"_index":"leo","_id":"1348122"}}
	{"id":1348122,"type":"buy","buyer":"tandara","seller":"enginemaker","symbol":"LEO","quantity":"100.000","price":"0.59466887","timestamp":1628862321,"volume":"59.46688700","buyTxId":"496fff65b3485cf514ff6b8664e2ab70353ecdd8","sellTxId":"MM-P-9515026-56497925-3-1-0"}
{"index": {"_index":"leo","_id":"1348123"}}
	{"id":1348123,"type":"buy","buyer":"tandara","seller":"freebornsociety","symbol":"LEO","quantity":"19.135","price":"0.59467887","timestamp":1628862321,"volume":"11.37923303","buyTxId":"496fff65b3485cf514ff6b8664e2ab70353ecdd8","sellTxId":"MM-P-9514964-56497863-3-4-1"}
{"index": {"_index":"leo","_id":"1348170"}}
	{"id":1348170,"type":"sell","buyer":"enginemaker","seller":"nbogda","symbol":"LEO","quantity":"1","price":"0.59016015","timestamp":1628862939,"volume":"0.59016015","buyTxId":"MM-P-9514330-56497228-3-1-0","sellTxId":"6ac28be0fd413f09ec01beda2a3b97118819f7d9"}
{"index": {"_index":"leo","_id":"1348535"}}
	{"id":1348535,"type":"buy","buyer":"juanmiguelsalas","seller":"freebornsociety","symbol":"LEO","quantity":"15.339","price":"0.59467887","timestamp":1628866647,"volume":"9.12177919","buyTxId":"00058e5801f45cba3aaa7e820d10dc365ee14be4","sellTxId":"MM-P-9514964-56497863-3-4-1"}
{"index": {"_index":"leo","_id":"1348539"}}
	{"id":1348539,"type":"buy","buyer":"juanmiguelsalas","seller":"freebornsociety","symbol":"LEO","quantity":"1.200","price":"0.59467887","timestamp":1628866737,"volume":"0.71361464","buyTxId":"889447348a63b956598d9f0eb5301de306f693d8","sellTxId":"MM-P-9514964-56497863-3-4-1"}
{"index": {"_index":"leo","_id":"1348543"}}
	{"id":1348543,"type":"sell","buyer":"enginemaker","seller":"cryptomaniacsgr","symbol":"LEO","quantity":"22.206","price":"0.59016015","timestamp":1628866869,"volume":"13.10509629","buyTxId":"MM-P-9514330-56497228-3-1-0","sellTxId":"4be789dd16a430915ee7b433b107f7d4e8fdf4d0"}
{"index": {"_index":"leo","_id":"1348614"}}
	{"id":1348614,"type":"buy","buyer":"tandara","seller":"freebornsociety","symbol":"LEO","quantity":"180.471","price":"0.59467887","timestamp":1628867685,"volume":"107.32229035","buyTxId":"0b2212af6a82fec44d4063accf1cda92afdca9da","sellTxId":"MM-P-9514964-56497863-3-4-1"}
{"index": {"_index":"leo","_id":"1348615"}}
	{"id":1348615,"type":"buy","buyer":"tandara","seller":"enginemaker","symbol":"LEO","quantity":"100.000","price":"0.59987989","timestamp":1628867685,"volume":"59.98798900","buyTxId":"0b2212af6a82fec44d4063accf1cda92afdca9da","sellTxId":"MM-P-9517022-56499922-3-1-0"}
{"index": {"_index":"leo","_id":"1348616"}}
	{"id":1348616,"type":"buy","buyer":"tandara","seller":"solovey6o2","symbol":"LEO","quantity":"1414.247","price":"0.59988989","timestamp":1628867685,"volume":"848.39247726","buyTxId":"0b2212af6a82fec44d4063accf1cda92afdca9da","sellTxId":"ee16f5921ebaa245668651626b98659abd6e589f"}
{"index": {"_index":"leo","_id":"1348617"}}
	{"id":1348617,"type":"buy","buyer":"tandara","seller":"onealfa.leo","symbol":"LEO","quantity":"0.001","price":"0.60000000","timestamp":1628867685,"volume":"0.00100339","buyTxId":"0b2212af6a82fec44d4063accf1cda92afdca9da","sellTxId":"3af1630b877e383b0d8e1c812725dcc9bac593e1"}
{"index": {"_index":"leo","_id":"1348635"}}
	{"id":1348635,"type":"buy","buyer":"tandara","seller":"onealfa.leo","symbol":"LEO","quantity":"12.999","price":"0.60000000","timestamp":1628868009,"volume":"7.7994","buyTxId":"cf8b7c9b12e982b8d53928784d94bf760717e587","sellTxId":"3af1630b877e383b0d8e1c812725dcc9bac593e1"}
{"index": {"_index":"leo","_id":"1348638"}}
	{"id":1348638,"type":"sell","buyer":"solovey6o2","seller":"aliveprojects","symbol":"LEO","quantity":"0.549","price":"0.59317018","timestamp":1628868063,"volume":"0.32565043","buyTxId":"d4b68395b06ee2733347faf1ad81e7886170cb6d","sellTxId":"b8d3e52a75f303f21bcfc23e498cc0f3ba1d373b"}
{"index": {"_index":"leo","_id":"1348656"}}
	{"id":1348656,"type":"sell","buyer":"freebornsociety","seller":"konvik","symbol":"LEO","quantity":"250.094","price":"0.59918020","timestamp":1628868372,"volume":"149.85137294","buyTxId":"MM-P-9517260-56500160-3-4-0","sellTxId":"e733f14e4638570aae6cd38d53e2b641ea08e37a-1"}
{"index": {"_index":"leo","_id":"1348661"}}
	{"id":1348661,"type":"buy","buyer":"tandara","seller":"onealfa.leo","symbol":"LEO","quantity":"13.000","price":"0.60669888","timestamp":1628868432,"volume":"7.88708544","buyTxId":"21fed839c3256e1e34c5102be91955bc6d2c59f6","sellTxId":"d7d2f8f871d75aa971a74d192f973969fd5d7321"}
{"index": {"_index":"leo","_id":"1348662"}}
	{"id":1348662,"type":"buy","buyer":"tandara","seller":"brofi-market","symbol":"LEO","quantity":"0.255","price":"0.60669890","timestamp":1628868432,"volume":"0.15470822","buyTxId":"21fed839c3256e1e34c5102be91955bc6d2c59f6","sellTxId":"f95f7a86e7ef2a4ab4f40267bad0e719e7fd9959"}
{"index": {"_index":"leo","_id":"1348663"}}
	{"id":1348663,"type":"buy","buyer":"tandara","seller":"brofi-market","symbol":"LEO","quantity":"0.659","price":"0.61869900","timestamp":1628868432,"volume":"0.40772264","buyTxId":"21fed839c3256e1e34c5102be91955bc6d2c59f6","sellTxId":"17c5ab84515fa208df492db76a58f235f3653e25"}
{"index": {"_index":"leo","_id":"1348664"}}
	{"id":1348664,"type":"buy","buyer":"tandara","seller":"rehan12","symbol":"LEO","quantity":"1.800","price":"0.61869900","timestamp":1628868432,"volume":"1.11365820","buyTxId":"21fed839c3256e1e34c5102be91955bc6d2c59f6","sellTxId":"13fe93bc1ca966b67cd3653b48f3521f4510e1d8"}
{"index": {"_index":"leo","_id":"1348665"}}
	{"id":1348665,"type":"buy","buyer":"tandara","seller":"koskl","symbol":"LEO","quantity":"0.720","price":"0.63000000","timestamp":1628868432,"volume":"0.45360000","buyTxId":"21fed839c3256e1e34c5102be91955bc6d2c59f6","sellTxId":"fc954da9aeb5a78021cbd2d06cf6449220766ff0"}
{"index": {"_index":"leo","_id":"1348666"}}
	{"id":1348666,"type":"buy","buyer":"tandara","seller":"brofi-market","symbol":"LEO","quantity":"0.900","price":"0.63000000","timestamp":1628868432,"volume":"0.56700000","buyTxId":"21fed839c3256e1e34c5102be91955bc6d2c59f6","sellTxId":"f951126b45c735bfc79d001801b356fc9bbdd046"}
{"index": {"_index":"leo","_id":"1348667"}}
	{"id":1348667,"type":"buy","buyer":"tandara","seller":"master-lamps","symbol":"LEO","quantity":"1.525","price":"0.63998999","timestamp":1628868432,"volume":"0.97598473","buyTxId":"21fed839c3256e1e34c5102be91955bc6d2c59f6","sellTxId":"4795ad7f67e81f30778acd7ba388e29d89deab40"}
{"index": {"_index":"leo","_id":"1348668"}}
	{"id":1348668,"type":"buy","buyer":"tandara","seller":"master-lamps","symbol":"LEO","quantity":"0.596","price":"0.63999000","timestamp":1628868432,"volume":"0.38143404","buyTxId":"21fed839c3256e1e34c5102be91955bc6d2c59f6","sellTxId":"936fa6542d9092f0edac8c3c97ad7e41ab1e3485"}
{"index": {"_index":"leo","_id":"1348669"}}
	{"id":1348669,"type":"buy","buyer":"tandara","seller":"master-lamps","symbol":"LEO","quantity":"0.183","price":"0.63999000","timestamp":1628868432,"volume":"0.11764673","buyTxId":"21fed839c3256e1e34c5102be91955bc6d2c59f6","sellTxId":"0b7e10790a81e09e5360d252ef9ab0e8fec64bf2"}
{"index": {"_index":"leo","_id":"1348692"}}
	{"id":1348692,"type":"sell","buyer":"freebornsociety","seller":"konvik","symbol":"LEO","quantity":"248.840","price":"0.60220023","timestamp":1628868972,"volume":"149.85150523","buyTxId":"MM-P-9517458-56500358-3-4-0","sellTxId":"8f89c699d82af69a9448891932dd7d298c28ec58-1"}
{"index": {"_index":"leo","_id":"1348694"}}
	{"id":1348694,"type":"buy","buyer":"gubbatv","seller":"onealfa.leo","symbol":"LEO","quantity":"13.000","price":"0.63397994","timestamp":1628869008,"volume":"8.24173922","buyTxId":"59bf6c8c288e0868b580aca5ccfa7df6ababa91b","sellTxId":"572549e58313f196b3b0db7a00f3f7ef6d238d7f"}
{"index": {"_index":"leo","_id":"1348695"}}
	{"id":1348695,"type":"buy","buyer":"gubbatv","seller":"freebornsociety","symbol":"LEO","quantity":"160.362","price":"0.63397996","timestamp":1628869008,"volume":"101.66629435","buyTxId":"59bf6c8c288e0868b580aca5ccfa7df6ababa91b","sellTxId":"MM-P-9517458-56500358-3-4-1"}
{"index": {"_index":"leo","_id":"1348747"}}
	{"id":1348747,"type":"buy","buyer":"juanmiguelsalas","seller":"onealfa.leo","symbol":"LEO","quantity":"13.000","price":"0.62796990","timestamp":1628869626,"volume":"8.16360870","buyTxId":"a810d304a171f7cdd748c882711d641e1943cb8f","sellTxId":"a3393cca838e36c5b78f1e6697c385f6d5dc94c2"}
{"index": {"_index":"leo","_id":"1348752"}}
	{"id":1348752,"type":"buy","buyer":"juanmiguelsalas","seller":"onealfa.leo","symbol":"LEO","quantity":"13.000","price":"0.62796990","timestamp":1628869653,"volume":"8.16360870","buyTxId":"f3cbc809a2ed80b29af06bdcd67a30dbb2742d6b","sellTxId":"9c5c1b0a7cfb28f33617a8326e263827c9dd563d"}
{"index": {"_index":"leo","_id":"1348753"}}
	{"id":1348753,"type":"buy","buyer":"juanmiguelsalas","seller":"freebornsociety","symbol":"LEO","quantity":"10.000","price":"0.62796992","timestamp":1628869653,"volume":"6.27969920","buyTxId":"f3cbc809a2ed80b29af06bdcd67a30dbb2742d6b","sellTxId":"MM-P-9517658-56500558-3-4-0"}
{"index": {"_index":"leo","_id":"1348768"}}
	{"id":1348768,"type":"sell","buyer":"freebornsociety","seller":"globalcurrencies","symbol":"LEO","quantity":"0.247","price":"0.60220023","timestamp":1628869857,"volume":"0.14874346","buyTxId":"MM-P-9517458-56500358-3-4-0","sellTxId":"b516b0613b3764f834aa4d028117c1a44d9a8d55"}
{"index": {"_index":"leo","_id":"1348769"}}
	{"id":1348769,"type":"sell","buyer":"solovey6o2","seller":"globalcurrencies","symbol":"LEO","quantity":"2134.794","price":"0.59923026","timestamp":1628869857,"volume":"1279.23316367","buyTxId":"671d2db0bd297efd609261ac0f4528cd2ecdbb50","sellTxId":"b516b0613b3764f834aa4d028117c1a44d9a8d55"}
{"index": {"_index":"leo","_id":"1348770"}}
	{"id":1348770,"type":"sell","buyer":"enginemaker","seller":"globalcurrencies","symbol":"LEO","quantity":"131.959","price":"0.59923025","timestamp":1628869857,"volume":"79.07382456","buyTxId":"MM-P-9517719-56500619-3-1-0","sellTxId":"b516b0613b3764f834aa4d028117c1a44d9a8d55"}
{"index": {"_index":"leo","_id":"1348803"}}
	{"id":1348803,"type":"sell","buyer":"freebornsociety","seller":"globalcurrencies","symbol":"LEO","quantity":"249.074","price":"0.60223025","timestamp":1628870370,"volume":"149.99989729","buyTxId":"MM-P-9517757-56500657-3-4-0","sellTxId":"0c440a8222fc7fa6142e04586934cda4dee84f7a"}
{"index": {"_index":"leo","_id":"1348804"}}
	{"id":1348804,"type":"sell","buyer":"enginemaker","seller":"globalcurrencies","symbol":"LEO","quantity":"34.922","price":"0.59923025","timestamp":1628870370,"volume":"20.92631879","buyTxId":"MM-P-9517719-56500619-3-1-0","sellTxId":"0c440a8222fc7fa6142e04586934cda4dee84f7a"}
{"index": {"_index":"leo","_id":"1348805"}}
	{"id":1348805,"type":"sell","buyer":"master-lamps","seller":"globalcurrencies","symbol":"LEO","quantity":"2.461","price":"0.59919001","timestamp":1628870370,"volume":"1.47460661","buyTxId":"26f545199c66569935b3b98f695f8934717231a8","sellTxId":"0c440a8222fc7fa6142e04586934cda4dee84f7a"}
{"index": {"_index":"leo","_id":"1348806"}}
	{"id":1348806,"type":"sell","buyer":"tin.aung.soe","seller":"globalcurrencies","symbol":"LEO","quantity":"1.342","price":"0.59000000","timestamp":1628870370,"volume":"0.79178000","buyTxId":"b86a113c5a5775f062cbde42b725213fe5ddbf6f","sellTxId":"0c440a8222fc7fa6142e04586934cda4dee84f7a"}
{"index": {"_index":"leo","_id":"1348807"}}
	{"id":1348807,"type":"sell","buyer":"wxmark","seller":"globalcurrencies","symbol":"LEO","quantity":"0.201","price":"0.59000000","timestamp":1628870370,"volume":"0.11859000","buyTxId":"bdec3321672359194d88088d37617bbf80e38152","sellTxId":"0c440a8222fc7fa6142e04586934cda4dee84f7a"}
{"index": {"_index":"leo","_id":"1348829"}}
	{"id":1348829,"type":"sell","buyer":"wxmark","seller":"globalcurrencies","symbol":"LEO","quantity":"499.799","price":"0.59000000","timestamp":1628870610,"volume":"294.88141000","buyTxId":"bdec3321672359194d88088d37617bbf80e38152","sellTxId":"fde1204b97a315c5e3e40d4dc3c32b78ae8bdd07"}
{"index": {"_index":"leo","_id":"1348843"}}
	{"id":1348843,"type":"buy","buyer":"wxmark","seller":"globalcurrencies","symbol":"LEO","quantity":"0.201","price":"0.59000000","timestamp":1628870787,"volume":"0.11859000","buyTxId":"01897c2f27563870a48fe959c7650572358c0699","sellTxId":"fde1204b97a315c5e3e40d4dc3c32b78ae8bdd07"}
{"index": {"_index":"leo","_id":"1348844"}}
	{"id":1348844,"type":"buy","buyer":"wxmark","seller":"freebornsociety","symbol":"LEO","quantity":"12.799","price":"0.61592982","timestamp":1628870787,"volume":"7.88328577","buyTxId":"01897c2f27563870a48fe959c7650572358c0699","sellTxId":"MM-P-9518057-56500957-3-4-0"}
{"index": {"_index":"leo","_id":"1348845"}}
	{"id":1348845,"type":"buy","buyer":"wxmark","seller":"onealfa.leo","symbol":"LEO","quantity":"13.000","price":"0.61592980","timestamp":1628870805,"volume":"8.00708740","buyTxId":"139272a25d6f6607a4ae7ef16be3add7de3ca0e6","sellTxId":"6e3612f93ab302dcd970fc91490ccfd414efa401"}
{"index": {"_index":"leo","_id":"1348853"}}
	{"id":1348853,"type":"buy","buyer":"wxmark","seller":"onealfa.leo","symbol":"LEO","quantity":"13.000","price":"0.61592980","timestamp":1628870931,"volume":"8.00708740","buyTxId":"66f8d7a2e3648673cc157da9208790afffdd359b","sellTxId":"30a142e966d85e1906e66f0b7991ba2479b37b62"}
{"index": {"_index":"leo","_id":"1348854"}}
	{"id":1348854,"type":"buy","buyer":"wxmark","seller":"solovey6o2","symbol":"LEO","quantity":"34.800","price":"0.61592981","timestamp":1628870931,"volume":"21.43435739","buyTxId":"66f8d7a2e3648673cc157da9208790afffdd359b","sellTxId":"12fc6e6f2010317a1697d73effb7d2c2a96c384f"}
{"index": {"_index":"leo","_id":"1348964"}}
	{"id":1348964,"type":"sell","buyer":"pi-trader","seller":"chireerocks","symbol":"LEO","quantity":"3.365","price":"0.58013001","timestamp":1628871522,"volume":"1.95213748","buyTxId":"8c8194f3103fc2eb992470ca4191701e571d4238","sellTxId":"42a2c77a329554e041557c212eafc09218519c6d"}
{"index": {"_index":"leo","_id":"1348973"}}
	{"id":1348973,"type":"sell","buyer":"pi-trader","seller":"automaton","symbol":"LEO","quantity":"10.000","price":"0.58013001","timestamp":1628871552,"volume":"5.80130010","buyTxId":"a2844b091dfa7c63be7d163beeb9b8fbafaff4aa-1","sellTxId":"cf5404aa553383dfb707e569667165b6080acbe9"}
{"index": {"_index":"leo","_id":"1348974"}}
	{"id":1348974,"type":"sell","buyer":"enm1","seller":"automaton","symbol":"LEO","quantity":"0.050","price":"0.58013000","timestamp":1628871552,"volume":"0.02900650","buyTxId":"6295f6bb2a836f68667b182117eb3816add635b9","sellTxId":"cf5404aa553383dfb707e569667165b6080acbe9"}
{"index": {"_index":"leo","_id":"1349020"}}
	{"id":1349020,"type":"sell","buyer":"pi-trader","seller":"tomhall","symbol":"LEO","quantity":"10.000","price":"0.58013001","timestamp":1628872017,"volume":"5.80130010","buyTxId":"5dd9fbc01cf745ea839c1a21c64112dd2c6742c8","sellTxId":"457eb5b96f866855dfccfc18ed402067fccc93fa"}
{"index": {"_index":"leo","_id":"1349021"}}
	{"id":1349021,"type":"sell","buyer":"enm1","seller":"tomhall","symbol":"LEO","quantity":"19.561","price":"0.58013000","timestamp":1628872017,"volume":"11.34792293","buyTxId":"6295f6bb2a836f68667b182117eb3816add635b9","sellTxId":"457eb5b96f866855dfccfc18ed402067fccc93fa"}
{"index": {"_index":"leo","_id":"1349078"}}
	{"id":1349078,"type":"buy","buyer":"konvik","seller":"freebornsociety","symbol":"LEO","quantity":"246.077","price":"0.59786964","timestamp":1628872572,"volume":"147.12196740","buyTxId":"16b36e86910bfe71516ac4272e748007d319372c-0","sellTxId":"MM-P-9518657-56501557-3-4-1"}
{"index": {"_index":"leo","_id":"1349093"}}
	{"id":1349093,"type":"sell","buyer":"freebornsociety","seller":"sqube","symbol":"LEO","quantity":"5.000","price":"0.58613002","timestamp":1628872782,"volume":"2.93065010","buyTxId":"MM-P-9518657-56501557-3-4-0","sellTxId":"7b2807cd2db6554da7dabe281c300232cd431ea8"}
{"index": {"_index":"leo","_id":"1349102"}}
	{"id":1349102,"type":"buy","buyer":"konvik","seller":"freebornsociety","symbol":"LEO","quantity":"204.722","price":"0.59485962","timestamp":1628872872,"volume":"121.78085113","buyTxId":"1be88ce788d23a885a1d944e678beda18d3eefa6-0","sellTxId":"MM-P-9518757-56501657-3-4-0"}
{"index": {"_index":"leo","_id":"1349136"}}
	{"id":1349136,"type":"buy","buyer":"konvik","seller":"freebornsociety","symbol":"LEO","quantity":"119.295","price":"0.59184960","timestamp":1628873172,"volume":"70.60469803","buyTxId":"b8da02c5a2d5d952680ae03763ab2778997935db-0","sellTxId":"MM-P-9518856-56501756-3-4-0"}
{"index": {"_index":"leo","_id":"1349145"}}
	{"id":1349145,"type":"sell","buyer":"freebornsociety","seller":"toofasteddie","symbol":"LEO","quantity":"40.000","price":"0.58613002","timestamp":1628873238,"volume":"23.44520080","buyTxId":"MM-P-9518657-56501557-3-4-0","sellTxId":"63a47778449de15acda8a1536494d7ef35c1295c"}
{"index": {"_index":"leo","_id":"1349160"}}
	{"id":1349160,"type":"sell","buyer":"freebornsociety","seller":"silvertop","symbol":"LEO","quantity":"2.740","price":"0.58613002","timestamp":1628873421,"volume":"1.60599625","buyTxId":"MM-P-9518657-56501557-3-4-0","sellTxId":"72f77413bf93c5b009497720b6faffee5d10e814"}
{"index": {"_index":"leo","_id":"1349185"}}
	{"id":1349185,"type":"buy","buyer":"skolzeira","seller":"freebornsociety","symbol":"LEO","quantity":"3.751","price":"0.59183959","timestamp":1628873538,"volume":"2.22","buyTxId":"6b1363619d5ed080dd9de4430410d462a8c056ba","sellTxId":"MM-P-9518954-56501854-3-4-0"}
{"index": {"_index":"leo","_id":"1349189"}}
	{"id":1349189,"type":"buy","buyer":"konvik","seller":"freebornsociety","symbol":"LEO","quantity":"38.989","price":"0.59183959","timestamp":1628873541,"volume":"23.07523377","buyTxId":"b88c675fc9cd99440d6ccc19715dc264df3d4766-0","sellTxId":"MM-P-9518954-56501854-3-4-0"}
{"index": {"_index":"leo","_id":"1349254"}}
	{"id":1349254,"type":"sell","buyer":"freebornsociety","seller":"bearbear613","symbol":"LEO","quantity":"114.748","price":"0.58613002","timestamp":1628874195,"volume":"67.25724753","buyTxId":"MM-P-9518657-56501557-3-4-0","sellTxId":"e765fc9d0b601b743c8bc9594d6925d36c482e60"}
{"index": {"_index":"leo","_id":"1349255"}}
	{"id":1349255,"type":"sell","buyer":"pi-trader","seller":"bearbear613","symbol":"LEO","quantity":"10.000","price":"0.58013001","timestamp":1628874228,"volume":"5.80130010","buyTxId":"0f61fffc053dd539bb30c600ace583532c6fcee5","sellTxId":"50ed287502528de5cd15d56eaade891d24de9daf"}
{"index": {"_index":"leo","_id":"1349256"}}
	{"id":1349256,"type":"sell","buyer":"enm1","seller":"bearbear613","symbol":"LEO","quantity":"14.389","price":"0.58013000","timestamp":1628874228,"volume":"8.34749057","buyTxId":"6295f6bb2a836f68667b182117eb3816add635b9","sellTxId":"50ed287502528de5cd15d56eaade891d24de9daf"}
{"index": {"_index":"leo","_id":"1349257"}}
	{"id":1349257,"type":"buy","buyer":"holbein81","seller":"solovey6o2","symbol":"LEO","quantity":"101.744","price":"0.59481957","timestamp":1628874240,"volume":"60.51932233","buyTxId":"901a3440692555bcfb0a598f5b2bf47e631defea","sellTxId":"4e60800cc5ccdeec3d8da55aca4398e47d9ebca7"}
{"index": {"_index":"leo","_id":"1349258"}}
	{"id":1349258,"type":"sell","buyer":"pi-trader","seller":"bearbear613","symbol":"LEO","quantity":"10.000","price":"0.58013001","timestamp":1628874255,"volume":"5.80130010","buyTxId":"4e2fba75ee817060a4d02bf28259e4ade4faba27","sellTxId":"dbc20c33a6a64e4d83e23dfb7ca127f4bdad706e"}
{"index": {"_index":"leo","_id":"1349261"}}
	{"id":1349261,"type":"sell","buyer":"pi-trader","seller":"bearbear613","symbol":"LEO","quantity":"10.000","price":"0.58013001","timestamp":1628874282,"volume":"5.80130010","buyTxId":"9fd176178f780ca753ec2f4e4f021e627b2d9e4a","sellTxId":"6def4b7d01893a5e75bb9f32814ed5386b091a40"}
{"index": {"_index":"leo","_id":"1349262"}}
	{"id":1349262,"type":"sell","buyer":"enm1","seller":"bearbear613","symbol":"LEO","quantity":"10.000","price":"0.58013000","timestamp":1628874303,"volume":"5.80130000","buyTxId":"6295f6bb2a836f68667b182117eb3816add635b9","sellTxId":"bb76c060e6ed972e17bd8d49e64ed8d1e86bf5cd"}
{"index": {"_index":"leo","_id":"1349265"}}
	{"id":1349265,"type":"sell","buyer":"pi-trader","seller":"bearbear613","symbol":"LEO","quantity":"1.334","price":"0.58012762","timestamp":1628874324,"volume":"0.77389025","buyTxId":"cacb617c2635c243d43a17119c697655607059b8","sellTxId":"fd7b57c5f6ddf9aad62f381c70da50de9c3ab58a"}
{"index": {"_index":"leo","_id":"1349266"}}
	{"id":1349266,"type":"sell","buyer":"pi-trader","seller":"bearbear613","symbol":"LEO","quantity":"8.665","price":"0.58012762","timestamp":1628874348,"volume":"5.02680583","buyTxId":"cacb617c2635c243d43a17119c697655607059b8","sellTxId":"92d3001b29d666eb2e836db419f01118651d12a0"}
{"index": {"_index":"leo","_id":"1349271"}}
	{"id":1349271,"type":"sell","buyer":"pi-trader","seller":"bearbear613","symbol":"LEO","quantity":"10.000","price":"0.58012762","timestamp":1628874399,"volume":"5.80127620","buyTxId":"22511d9460ec2525bf7272ea5e118dcc88f25c93-1","sellTxId":"17925fba55399de08da779e78bca4e71ee2dc60b"}
{"index": {"_index":"leo","_id":"1349273"}}
	{"id":1349273,"type":"sell","buyer":"pi-trader","seller":"resiliencia","symbol":"LEO","quantity":"9.330","price":"0.58012762","timestamp":1628874435,"volume":"5.41259069","buyTxId":"ff98bb89ffd577859191f4a48d7a889b17046394","sellTxId":"e40a7db4186e2638df3446211baf60ff428c8684"}
{"index": {"_index":"leo","_id":"1349278"}}
	{"id":1349278,"type":"sell","buyer":"pi-trader","seller":"bearbear613","symbol":"LEO","quantity":"0.670","price":"0.58012762","timestamp":1628874465,"volume":"0.38868551","buyTxId":"ff98bb89ffd577859191f4a48d7a889b17046394","sellTxId":"87b1c45317930f1b67f4808d05ba2aeb3c9b8784"}
{"index": {"_index":"leo","_id":"1349279"}}
	{"id":1349279,"type":"sell","buyer":"he-index","seller":"bearbear613","symbol":"LEO","quantity":"1.334","price":"0.58012761","timestamp":1628874465,"volume":"0.77389023","buyTxId":"d59574f118b244bdd03753891973f32964bf8bae","sellTxId":"87b1c45317930f1b67f4808d05ba2aeb3c9b8784"}
{"index": {"_index":"leo","_id":"1349280"}}
	{"id":1349280,"type":"sell","buyer":"solovey6o2","seller":"bearbear613","symbol":"LEO","quantity":"115.954","price":"0.57757001","timestamp":1628874465,"volume":"66.97155294","buyTxId":"fb00d886ad84ffb734153edc7fced29b1ee78115","sellTxId":"87b1c45317930f1b67f4808d05ba2aeb3c9b8784"}
{"index": {"_index":"leo","_id":"1349286"}}
	{"id":1349286,"type":"buy","buyer":"konvik","seller":"bearbear613","symbol":"LEO","quantity":"10.000","price":"0.58012762","timestamp":1628874522,"volume":"5.80127620","buyTxId":"43618312f6bbf7cce0d50debdf459d2c4eb9ad8a-0","sellTxId":"6fede95d07dcabdb3bab91780e120a506971ff1d"}
{"index": {"_index":"leo","_id":"1349288"}}
	{"id":1349288,"type":"sell","buyer":"pi-trader","seller":"bearbear613","symbol":"LEO","quantity":"10.000","price":"0.57757002","timestamp":1628874537,"volume":"5.77570020","buyTxId":"c35bab3de4f31a98c18573979a7944f2171efa27-1","sellTxId":"61c7e6b25baf8fba8bfd04a7422ed507029704d3"}
{"index": {"_index":"leo","_id":"1349297"}}
	{"id":1349297,"type":"sell","buyer":"pi-trader","seller":"bearbear613","symbol":"LEO","quantity":"2.000","price":"0.57757002","timestamp":1628874651,"volume":"1.15514004","buyTxId":"2485b070d6eba58996fccc3662b299c384108b97","sellTxId":"f10dc62e618c93de64b58f5fa6c068a1f3fdbddf"}
{"index": {"_index":"leo","_id":"1349299"}}
	{"id":1349299,"type":"sell","buyer":"pi-trader","seller":"bearbear613","symbol":"LEO","quantity":"8.000","price":"0.57757002","timestamp":1628874675,"volume":"4.62056016","buyTxId":"2485b070d6eba58996fccc3662b299c384108b97","sellTxId":"23184a331ff2cdc1194d8ba9fe620219975a82d7"}
{"index": {"_index":"leo","_id":"1349303"}}
	{"id":1349303,"type":"sell","buyer":"pi-trader","seller":"bearbear613","symbol":"LEO","quantity":"10.000","price":"0.57757002","timestamp":1628874747,"volume":"5.77570020","buyTxId":"6650f6523ea6b422821cf3cb27c8388f45583be7","sellTxId":"39aa4caaa9e01be92cc0330fa0872a8f6b0822cf"}
{"index": {"_index":"leo","_id":"1349307"}}
	{"id":1349307,"type":"sell","buyer":"pi-trader","seller":"bearbear613","symbol":"LEO","quantity":"10.000","price":"0.57757002","timestamp":1628874786,"volume":"5.77570020","buyTxId":"de5bc4417cb2f51adf8b66b1bc488d68b9e5d58d","sellTxId":"64bfbb2edaf51e49952af642988040390d9a1d93"}
{"index": {"_index":"leo","_id":"1349311"}}
	{"id":1349311,"type":"sell","buyer":"pi-trader","seller":"bearbear613","symbol":"LEO","quantity":"2.004","price":"0.57757002","timestamp":1628874819,"volume":"1.15745032","buyTxId":"901e8e65af9ad34f4f32977c77a58208f880e98f","sellTxId":"7048a5953248cb1d1f1e5941b12bc8ad1df530fe"}
{"index": {"_index":"leo","_id":"1349314"}}
	{"id":1349314,"type":"sell","buyer":"pi-trader","seller":"bearbear613","symbol":"LEO","quantity":"7.996","price":"0.57757002","timestamp":1628874846,"volume":"4.61824988","buyTxId":"abfa765d1fcad1b0b62c1a2f6e6844465e21e66d-1","sellTxId":"f2c3ffe494a268c10ba15042eaa4a414c328afd5"}
{"index": {"_index":"leo","_id":"1349320"}}
	{"id":1349320,"type":"sell","buyer":"pi-trader","seller":"bearbear613","symbol":"LEO","quantity":"10.000","price":"0.57757002","timestamp":1628874873,"volume":"5.77570020","buyTxId":"58f554841b0907612fc8bcc45fcd22d42591feca-1","sellTxId":"74dee26eadd6ef31ad810356dcad27087d1cfdb7"}
{"index": {"_index":"leo","_id":"1349321"}}
	{"id":1349321,"type":"sell","buyer":"solovey6o2","seller":"bearbear613","symbol":"LEO","quantity":"2.004","price":"0.57757001","timestamp":1628874873,"volume":"1.15745030","buyTxId":"fb00d886ad84ffb734153edc7fced29b1ee78115","sellTxId":"74dee26eadd6ef31ad810356dcad27087d1cfdb7"}
{"index": {"_index":"leo","_id":"1349322"}}
	{"id":1349322,"type":"sell","buyer":"mmmmkkkk311","seller":"bearbear613","symbol":"LEO","quantity":"117.850","price":"0.57757000","timestamp":1628874873,"volume":"68.06662450","buyTxId":"MM-P-9506571-56489455-3-17-0","sellTxId":"74dee26eadd6ef31ad810356dcad27087d1cfdb7"}
{"index": {"_index":"leo","_id":"1349323"}}
	{"id":1349323,"type":"buy","buyer":"whatsup","seller":"bearbear613","symbol":"LEO","quantity":"1.334","price":"0.58013000","timestamp":1628874876,"volume":"0.77389342","buyTxId":"0cb99b716be9383290d3ebef3864c3dad6563ae7","sellTxId":"d9dab1d624855618d25f872c3f265fdcb2bed557"}
{"index": {"_index":"leo","_id":"1349324"}}
	{"id":1349324,"type":"buy","buyer":"whatsup","seller":"enginemaker","symbol":"LEO","quantity":"100.000","price":"0.59178954","timestamp":1628874876,"volume":"59.17895400","buyTxId":"0cb99b716be9383290d3ebef3864c3dad6563ae7","sellTxId":"MM-P-9519415-56502315-3-1-0"}
{"index": {"_index":"leo","_id":"1349325"}}
	{"id":1349325,"type":"buy","buyer":"whatsup","seller":"solovey6o2","symbol":"LEO","quantity":"28.666","price":"0.59179954","timestamp":1628874876,"volume":"16.96452561","buyTxId":"0cb99b716be9383290d3ebef3864c3dad6563ae7","sellTxId":"53ea2bf95143193a753282cb7ad9ad584240e5c3"}
{"index": {"_index":"leo","_id":"1349326"}}
	{"id":1349326,"type":"sell","buyer":"mmmmkkkk311","seller":"bearbear613","symbol":"LEO","quantity":"12.004","price":"0.57757000","timestamp":1628874909,"volume":"6.93315028","buyTxId":"MM-P-9506571-56489455-3-17-0","sellTxId":"0931535091dedb704d0530bad6d85a80fcd3db96"}
{"index": {"_index":"leo","_id":"1349331"}}
	{"id":1349331,"type":"buy","buyer":"konvik","seller":"bearbear613","symbol":"LEO","quantity":"10.000","price":"0.57757001","timestamp":1628874963,"volume":"5.77570010","buyTxId":"95170d9cf5730979a9003727c3386483372372cc-0","sellTxId":"9ff76a76d3bd1f4417da38af2c0dbb4dbce97133"}
{"index": {"_index":"leo","_id":"1349335"}}
	{"id":1349335,"type":"buy","buyer":"konvik","seller":"freebornsociety","symbol":"LEO","quantity":"114.748","price":"0.58880955","timestamp":1628874972,"volume":"67.56471824","buyTxId":"e3583ef61371aacc8a9441b02f49a488c5d54618-0","sellTxId":"MM-P-9519453-56502353-3-4-0"}
{"index": {"_index":"leo","_id":"1349337"}}
	{"id":1349337,"type":"sell","buyer":"pi-trader","seller":"bearbear613","symbol":"LEO","quantity":"10.000","price":"0.57005006","timestamp":1628875014,"volume":"5.70050060","buyTxId":"6a30b031405253ec87df20ffadde1741d48bd211-1","sellTxId":"a850146807d3960cb4923a44c77b739571180bd4"}
{"index": {"_index":"leo","_id":"1349340"}}
	{"id":1349340,"type":"sell","buyer":"pi-trader","seller":"bearbear613","symbol":"LEO","quantity":"10.000","price":"0.57005006","timestamp":1628875083,"volume":"5.70050060","buyTxId":"77b13c4708eb60c13bec7ad69f99bb302c405119","sellTxId":"8e5308dc6155d6671c1ef3909860155df2af33fa"}
{"index": {"_index":"leo","_id":"1349341"}}
	{"id":1349341,"type":"sell","buyer":"enginemaker","seller":"bearbear613","symbol":"LEO","quantity":"165.423","price":"0.57005005","timestamp":1628875083,"volume":"94.29938942","buyTxId":"MM-P-9519116-56502016-3-1-0","sellTxId":"8e5308dc6155d6671c1ef3909860155df2af33fa"}
{"index": {"_index":"leo","_id":"1349343"}}
	{"id":1349343,"type":"sell","buyer":"enginemaker","seller":"bearbear613","symbol":"LEO","quantity":"10.000","price":"0.57005005","timestamp":1628875110,"volume":"5.70050050","buyTxId":"MM-P-9519116-56502016-3-1-0","sellTxId":"37be9f149a3b94c1990a94226431e7943adc1f56"}
{"index": {"_index":"leo","_id":"1349345"}}
	{"id":1349345,"type":"sell","buyer":"pi-trader","seller":"bearbear613","symbol":"LEO","quantity":"10.000","price":"0.57005006","timestamp":1628875134,"volume":"5.70050060","buyTxId":"3f170bebdf48f34f038eb2424b645542fb3ae4fd","sellTxId":"c4ea4247d7c93743d37248e93818dd67eb0a6d9a"}
{"index": {"_index":"leo","_id":"1349346"}}
	{"id":1349346,"type":"sell","buyer":"tin.aung.soe","seller":"bearbear613","symbol":"LEO","quantity":"190.000","price":"0.57000000","timestamp":1628875134,"volume":"108.30000000","buyTxId":"d648d669dada2b584374ec4339a80a478f5f094b","sellTxId":"c4ea4247d7c93743d37248e93818dd67eb0a6d9a"}
{"index": {"_index":"leo","_id":"1349349"}}
	{"id":1349349,"type":"sell","buyer":"pi-trader","seller":"bearbear613","symbol":"LEO","quantity":"10.000","price":"0.57000001","timestamp":1628875185,"volume":"5.70000010","buyTxId":"3156f02ee8fc93e00bb7cd6fdee5eec12dbe147e","sellTxId":"63545cffb2892f10997407f1d1d111d2031c7430"}
{"index": {"_index":"leo","_id":"1349356"}}
	{"id":1349356,"type":"sell","buyer":"tin.aung.soe","seller":"bearbear613","symbol":"LEO","quantity":"10.000","price":"0.57000000","timestamp":1628875215,"volume":"5.70000000","buyTxId":"d648d669dada2b584374ec4339a80a478f5f094b","sellTxId":"1b387ac5708255749f723e6fc6fc8429bb492658"}
{"index": {"_index":"leo","_id":"1349357"}}
	{"id":1349357,"type":"sell","buyer":"pi-trader","seller":"bearbear613","symbol":"LEO","quantity":"10.000","price":"0.57000001","timestamp":1628875254,"volume":"5.70000010","buyTxId":"123f0e9374ca29ec3823130bb830365de78e9de6","sellTxId":"82d7e30e745d9027defb8763f4d51e288a492363"}
{"index": {"_index":"leo","_id":"1349363"}}
	{"id":1349363,"type":"sell","buyer":"freebornsociety","seller":"bearbear613","symbol":"LEO","quantity":"118.929","price":"0.56810893","timestamp":1628875278,"volume":"67.56462694","buyTxId":"MM-P-9519553-56502453-3-4-0","sellTxId":"e20e7d692aa35d353bd40d6e19650be77cc754e5"}
{"index": {"_index":"leo","_id":"1349364"}}
	{"id":1349364,"type":"sell","buyer":"pi-trader","seller":"bearbear613","symbol":"LEO","quantity":"10.000","price":"0.56510893","timestamp":1628875278,"volume":"5.65108930","buyTxId":"ebf17d777e51aab0ee3956ec77b57f24d376c71d-1","sellTxId":"e20e7d692aa35d353bd40d6e19650be77cc754e5"}
{"index": {"_index":"leo","_id":"1349365"}}
	{"id":1349365,"type":"sell","buyer":"enginemaker","seller":"bearbear613","symbol":"LEO","quantity":"48.028","price":"0.56510892","timestamp":1628875278,"volume":"27.14105121","buyTxId":"MM-P-9519515-56502415-3-1-0","sellTxId":"e20e7d692aa35d353bd40d6e19650be77cc754e5"}
{"index": {"_index":"leo","_id":"1349366"}}
	{"id":1349366,"type":"sell","buyer":"pi-trader","seller":"bearbear613","symbol":"LEO","quantity":"10.000","price":"0.56510893","timestamp":1628875323,"volume":"5.65108930","buyTxId":"673c54cd8e3324d3ce83aa1f22e4c87c6c2f08db","sellTxId":"bda1457dbb1db5f27e564f3097b6e294361888ec"}
{"index": {"_index":"leo","_id":"1349367"}}
	{"id":1349367,"type":"sell","buyer":"enginemaker","seller":"bearbear613","symbol":"LEO","quantity":"118.929","price":"0.56510892","timestamp":1628875323,"volume":"67.20783875","buyTxId":"MM-P-9519515-56502415-3-1-0","sellTxId":"bda1457dbb1db5f27e564f3097b6e294361888ec"}
{"index": {"_index":"leo","_id":"1349370"}}
	{"id":1349370,"type":"sell","buyer":"pi-trader","seller":"bearbear613","symbol":"LEO","quantity":"10.000","price":"0.56510893","timestamp":1628875347,"volume":"5.65108930","buyTxId":"bdfe9c4cbc075ed9281b2c8eb4774d95a3596e62","sellTxId":"1d885bfc616ae8e60214d4912fe8fcdca6bb496c"}
{"index": {"_index":"leo","_id":"1349373"}}
	{"id":1349373,"type":"sell","buyer":"pi-trader","seller":"nevies","symbol":"LEO","quantity":"3.126","price":"0.56510893","timestamp":1628875377,"volume":"1.76653052","buyTxId":"82b37e2269db0861f8591f4271d98babbec928ec","sellTxId":"26925f5314afcd013c274643e0470dc3fb560d2b"}
{"index": {"_index":"leo","_id":"1349374"}}
	{"id":1349374,"type":"sell","buyer":"pi-trader","seller":"bearbear613","symbol":"LEO","quantity":"6.874","price":"0.56510893","timestamp":1628875395,"volume":"3.88455878","buyTxId":"82b37e2269db0861f8591f4271d98babbec928ec","sellTxId":"0fd5a86c453b60de4fd2059ce8e49681d2e4f18d"}
{"index": {"_index":"leo","_id":"1349375"}}
	{"id":1349375,"type":"sell","buyer":"enginemaker","seller":"bearbear613","symbol":"LEO","quantity":"3.126","price":"0.56510892","timestamp":1628875395,"volume":"1.76653048","buyTxId":"MM-P-9519515-56502415-3-1-0","sellTxId":"0fd5a86c453b60de4fd2059ce8e49681d2e4f18d"}
{"index": {"_index":"leo","_id":"1349377"}}
	{"id":1349377,"type":"sell","buyer":"pi-trader","seller":"bearbear613","symbol":"LEO","quantity":"6.874","price":"0.56510893","timestamp":1628875440,"volume":"3.88455878","buyTxId":"163dff91e646bcb48b20608030098ae5281e5a73","sellTxId":"bdaefa7d94b5cf7f1d058e03fcbfffab083f72a6"}
{"index": {"_index":"leo","_id":"1349379"}}
	{"id":1349379,"type":"sell","buyer":"pi-trader","seller":"bearbear613","symbol":"LEO","quantity":"10.000","price":"0.56510893","timestamp":1628875476,"volume":"5.65108930","buyTxId":"0f92e294a84ac1432b3dae54b81526e7f5485aa1-1","sellTxId":"8c2c58b6e1dfa56cda43b5bfa0f6b712b03d823b"}
{"index": {"_index":"leo","_id":"1349384"}}
	{"id":1349384,"type":"sell","buyer":"pi-trader","seller":"bearbear613","symbol":"LEO","quantity":"6.874","price":"0.56510893","timestamp":1628875503,"volume":"3.88455878","buyTxId":"e54ffe25398d44337a33d4079f68105cf450ea31","sellTxId":"f0ef019ed7ac4270fdfb09053d957ce8ef6d83bb"}
{"index": {"_index":"leo","_id":"1349386"}}
	{"id":1349386,"type":"sell","buyer":"pi-trader","seller":"bearbear613","symbol":"LEO","quantity":"3.126","price":"0.56510893","timestamp":1628875524,"volume":"1.76653052","buyTxId":"e54ffe25398d44337a33d4079f68105cf450ea31","sellTxId":"e45889157b79ac89fb89b33b386a7442eac3c5a6"}
{"index": {"_index":"leo","_id":"1349387"}}
	{"id":1349387,"type":"sell","buyer":"pi-trader","seller":"bearbear613","symbol":"LEO","quantity":"6.874","price":"0.56510893","timestamp":1628875542,"volume":"3.88455878","buyTxId":"187eb3996a3d06e83270751e82d5c3f7d8fa74cc","sellTxId":"08bf5cae383c248c8d7679af0ad75fdf637dd8f3"}
{"index": {"_index":"leo","_id":"1349393"}}
	{"id":1349393,"type":"sell","buyer":"pi-trader","seller":"bearbear613","symbol":"LEO","quantity":"3.126","price":"0.56510893","timestamp":1628875563,"volume":"1.76653052","buyTxId":"187eb3996a3d06e83270751e82d5c3f7d8fa74cc","sellTxId":"287a8b97fd9bc264890fd3720ee589acd04d793a"}
{"index": {"_index":"leo","_id":"1349395"}}
	{"id":1349395,"type":"sell","buyer":"pi-trader","seller":"bearbear613","symbol":"LEO","quantity":"6.874","price":"0.56510893","timestamp":1628875584,"volume":"3.88455878","buyTxId":"34b3f8f1ce099d24e44b0151aa99cb2d32cebef0","sellTxId":"9af8b12db3f83ad47b06cdcd9cf8ea0b373cc6d1"}
{"index": {"_index":"leo","_id":"1349405"}}
	{"id":1349405,"type":"sell","buyer":"pi-trader","seller":"bearbear613","symbol":"LEO","quantity":"10.000","price":"0.56510893","timestamp":1628875638,"volume":"5.65108930","buyTxId":"eae535d3c3ada19675a2c94b90c24f1259ebffab-1","sellTxId":"50d04c3d66bed01448a7a99c176ed1ccf5c7582e"}
{"index": {"_index":"leo","_id":"1349408"}}
	{"id":1349408,"type":"sell","buyer":"enginemaker","seller":"bearbear613","symbol":"LEO","quantity":"6.874","price":"0.56510892","timestamp":1628875659,"volume":"3.88455872","buyTxId":"MM-P-9519515-56502415-3-1-0","sellTxId":"fd1a23105a305375820716a3d6df783ebd3e3916"}
{"index": {"_index":"leo","_id":"1349411"}}
	{"id":1349411,"type":"sell","buyer":"pi-trader","seller":"bearbear613","symbol":"LEO","quantity":"10.000","price":"0.56510893","timestamp":1628875677,"volume":"5.65108930","buyTxId":"7a020ce95303199d617127051a1f962d437d371b","sellTxId":"0a01fb579ce94b01f72dbdcb200a5a6a0ae98cf0"}
{"index": {"_index":"leo","_id":"1349413"}}
	{"id":1349413,"type":"sell","buyer":"mmmmkkkk311","seller":"bearbear613","symbol":"LEO","quantity":"66.139","price":"0.56402001","timestamp":1628875695,"volume":"37.30371944","buyTxId":"MM-P-9519615-56502515-3-17-0","sellTxId":"33f794dd2697fbee795b604a15558abf4f8a77dc"}
{"index": {"_index":"leo","_id":"1349415"}}
	{"id":1349415,"type":"sell","buyer":"pi-trader","seller":"bearbear613","symbol":"LEO","quantity":"10.000","price":"0.56402002","timestamp":1628875716,"volume":"5.64020020","buyTxId":"e1c734ec41ceea86d8590602f221de94717dc6c3","sellTxId":"7285a886b5446d825b20e0e6481f671a6ad4da15"}
{"index": {"_index":"leo","_id":"1349418"}}
	{"id":1349418,"type":"sell","buyer":"pi-trader","seller":"bearbear613","symbol":"LEO","quantity":"10.000","price":"0.56400001","timestamp":1628875746,"volume":"5.64000010","buyTxId":"b837dcf645b18c52e25508be9fee9e7a8a117cb1","sellTxId":"c65fb360ded2a82af9a3f2d6d1c008f9f2462693"}
{"index": {"_index":"leo","_id":"1349419"}}
	{"id":1349419,"type":"sell","buyer":"erikklok","seller":"bearbear613","symbol":"LEO","quantity":"10.000","price":"0.56400000","timestamp":1628875746,"volume":"5.64000000","buyTxId":"fedb160fe4b39596a2c6238f5dae08b59fe32063","sellTxId":"c65fb360ded2a82af9a3f2d6d1c008f9f2462693"}
{"index": {"_index":"leo","_id":"1349420"}}
	{"id":1349420,"type":"sell","buyer":"erikklok","seller":"bearbear613","symbol":"LEO","quantity":"10.000","price":"0.56400000","timestamp":1628875764,"volume":"5.64000000","buyTxId":"fedb160fe4b39596a2c6238f5dae08b59fe32063","sellTxId":"1d3763777efd5c28425e42b1777462d85f32a313"}
{"index": {"_index":"leo","_id":"1349441"}}
	{"id":1349441,"type":"buy","buyer":"konvik","seller":"freebornsociety","symbol":"LEO","quantity":"118.929","price":"0.56211000","timestamp":1628875872,"volume":"66.85118019","buyTxId":"b407555b422f0c5e733fa718c0959c7f10b0002f-0","sellTxId":"MM-P-9519753-56502653-3-4-1"}
{"index": {"_index":"leo","_id":"1349459"}}
	{"id":1349459,"type":"sell","buyer":"pi-trader","seller":"bearbear613","symbol":"LEO","quantity":"10.000","price":"0.55903003","timestamp":1628875998,"volume":"5.59030030","buyTxId":"5b5f3ca30ad662c56844b3509994ca52075ff6f1-1","sellTxId":"0120ca9ab923036f83124a59693df89905dcb9d9"}
{"index": {"_index":"leo","_id":"1349460"}}
	{"id":1349460,"type":"sell","buyer":"solovey6o2","seller":"bearbear613","symbol":"LEO","quantity":"90.871","price":"0.55903003","timestamp":1628875998,"volume":"50.79961786","buyTxId":"c612ec324822ac4c2a30db047dffefc5cebd989e","sellTxId":"0120ca9ab923036f83124a59693df89905dcb9d9"}
{"index": {"_index":"leo","_id":"1349461"}}
	{"id":1349461,"type":"sell","buyer":"freebornsociety","seller":"bearbear613","symbol":"LEO","quantity":"78.975","price":"0.55903002","timestamp":1628875998,"volume":"44.14939583","buyTxId":"MM-P-9519753-56502653-3-4-0","sellTxId":"0120ca9ab923036f83124a59693df89905dcb9d9"}
{"index": {"_index":"leo","_id":"1349462"}}
	{"id":1349462,"type":"buy","buyer":"whatsup","seller":"bearbear613","symbol":"LEO","quantity":"3.126","price":"0.56511000","timestamp":1628876019,"volume":"1.76653386","buyTxId":"2363bab93574defa711633ee49b948e7898ae481","sellTxId":"8c3b3f059609b9fec25b3ca510cf0669f9dcb1ff"}
{"index": {"_index":"leo","_id":"1349463"}}
	{"id":1349463,"type":"buy","buyer":"whatsup","seller":"solovey6o2","symbol":"LEO","quantity":"75.874","price":"0.59785962","timestamp":1628876019,"volume":"45.36200081","buyTxId":"2363bab93574defa711633ee49b948e7898ae481","sellTxId":"8734612319391dd3d83cc2f825581ddfd01669d6"}
{"index": {"_index":"leo","_id":"1349464"}}
	{"id":1349464,"type":"sell","buyer":"pi-trader","seller":"bearbear613","symbol":"LEO","quantity":"10.000","price":"0.55903003","timestamp":1628876019,"volume":"5.59030030","buyTxId":"91b7bcbb1102f3982bb556af74dcb9622db2ffce","sellTxId":"cc2ddbc23daf41f5424a70e549a33acfd89c2977"}
{"index": {"_index":"leo","_id":"1349465"}}
	{"id":1349465,"type":"sell","buyer":"freebornsociety","seller":"bearbear613","symbol":"LEO","quantity":"179.347","price":"0.55903002","timestamp":1628876019,"volume":"100.26035700","buyTxId":"MM-P-9519753-56502653-3-4-0","sellTxId":"cc2ddbc23daf41f5424a70e549a33acfd89c2977"}
{"index": {"_index":"leo","_id":"1349468"}}
	{"id":1349468,"type":"sell","buyer":"freebornsociety","seller":"bearbear613","symbol":"LEO","quantity":"10.000","price":"0.55903002","timestamp":1628876040,"volume":"5.59030020","buyTxId":"MM-P-9519753-56502653-3-4-0","sellTxId":"6339bdb21837507b676c7688d8ad552d8cefa784"}
{"index": {"_index":"leo","_id":"1349469"}}
	{"id":1349469,"type":"sell","buyer":"enginemaker","seller":"bearbear613","symbol":"LEO","quantity":"179.843","price":"0.55604002","timestamp":1628876061,"volume":"99.99990532","buyTxId":"MM-P-9519815-56502715-3-1-0","sellTxId":"f5710b1cfb1d5dbfa90a162af524e0f1d19b2b32"}
{"index": {"_index":"leo","_id":"1349470"}}
	{"id":1349470,"type":"sell","buyer":"pi-trader","seller":"bearbear613","symbol":"LEO","quantity":"10.000","price":"0.55603003","timestamp":1628876061,"volume":"5.56030030","buyTxId":"1147f0614d29f5c41ebe2a776cc625ff8b672d07","sellTxId":"f5710b1cfb1d5dbfa90a162af524e0f1d19b2b32"}
{"index": {"_index":"leo","_id":"1349471"}}
	{"id":1349471,"type":"sell","buyer":"ripazha","seller":"bearbear613","symbol":"LEO","quantity":"1294.523","price":"0.55603002","timestamp":1628876061,"volume":"719.79364958","buyTxId":"9b580f0b3bb8aae7bd5ae59f604617799a671595-1","sellTxId":"f5710b1cfb1d5dbfa90a162af524e0f1d19b2b32"}
{"index": {"_index":"leo","_id":"1349505"}}
	{"id":1349505,"type":"sell","buyer":"pi-trader","seller":"themightyvolcano","symbol":"LEO","quantity":"3.941","price":"0.56203005","timestamp":1628876625,"volume":"2.21496043","buyTxId":"6d979efc6e5c9da327886f4df373387df3f5ec46-1","sellTxId":"6ef6721ca4c8146790492eace53f662c870e69d1"}
{"index": {"_index":"leo","_id":"1349591"}}
	{"id":1349591,"type":"buy","buyer":"konvik","seller":"freebornsociety","symbol":"LEO","quantity":"118.838","price":"0.58280946","timestamp":1628877372,"volume":"69.25991061","buyTxId":"056c46a353f78d30273db77f5d02b5bffeacffbd-0","sellTxId":"MM-P-9520251-56503151-3-4-1"}
{"index": {"_index":"leo","_id":"1349593"}}
	{"id":1349593,"type":"sell","buyer":"freebornsociety","seller":"globetrottergcc","symbol":"LEO","quantity":"1.065","price":"0.57103007","timestamp":1628877378,"volume":"0.60814702","buyTxId":"MM-P-9520251-56503151-3-4-0","sellTxId":"402a39f9f2b40068a037c83ab1aa89da6e59a91a"}
{"index": {"_index":"leo","_id":"1349627"}}
	{"id":1349627,"type":"buy","buyer":"konvik","seller":"freebornsociety","symbol":"LEO","quantity":"150.549","price":"0.57979940","timestamp":1628877672,"volume":"87.28821987","buyTxId":"16423a350697054a42213265ce70d1a9eada04a1-0","sellTxId":"MM-P-9520351-56503251-3-4-1"}
{"index": {"_index":"leo","_id":"1349649"}}
	{"id":1349649,"type":"buy","buyer":"juanmiguelsalas","seller":"ripazha","symbol":"LEO","quantity":"58.000","price":"0.58278934","timestamp":1628877948,"volume":"33.80178172","buyTxId":"5d17df3e611f6ea50d4f8c26b6d7d1ec19e1548f","sellTxId":"ea73409eae0a48d6d5804f04bc0523301e840484-2"}
{"index": {"_index":"leo","_id":"1349740"}}
	{"id":1349740,"type":"sell","buyer":"freebornsociety","seller":"archon-drips","symbol":"LEO","quantity":"0.002","price":"0.57703009","timestamp":1628879130,"volume":"0.00115406","buyTxId":"MM-P-9520451-56503351-3-4-0","sellTxId":"9a9972fae8fec447b0791bc138f2b3414713a64f"}
{"index": {"_index":"leo","_id":"1349901"}}
	{"id":1349901,"type":"sell","buyer":"alokkumar121","seller":"oadissin","symbol":"LEO","quantity":"0.656","price":"0.57704000","timestamp":1628881299,"volume":"0.37853824","buyTxId":"95d9d91201428325852d1f4cb875fff5b11139f1","sellTxId":"f1725d1e3821cc29d98cadc1c0a0ce02dbbaf35a"}
{"index": {"_index":"leo","_id":"1349909"}}
	{"id":1349909,"type":"sell","buyer":"alokkumar121","seller":"droida","symbol":"LEO","quantity":"5.845","price":"0.57704000","timestamp":1628881431,"volume":"3.37279880","buyTxId":"95d9d91201428325852d1f4cb875fff5b11139f1","sellTxId":"8a6671a17d6ef372ae96ba2e396f603a134fb3ef"}
{"index": {"_index":"leo","_id":"1350050"}}
	{"id":1350050,"type":"sell","buyer":"alokkumar121","seller":"silvergoldhunter","symbol":"LEO","quantity":"4.625","price":"0.57704000","timestamp":1628883345,"volume":"2.66881000","buyTxId":"95d9d91201428325852d1f4cb875fff5b11139f1","sellTxId":"a9dce296de9610d144e408623415993977a3f5ef"}
{"index": {"_index":"leo","_id":"1350106"}}
	{"id":1350106,"type":"buy","buyer":"diverse","seller":"enginemaker","symbol":"LEO","quantity":"1.000","price":"0.58276931","timestamp":1628883987,"volume":"0.58276931","buyTxId":"eca9aaaffca39979899730d4c737a781819eef6b","sellTxId":"MM-P-9520911-56503811-3-1-1"}
{"index": {"_index":"leo","_id":"1350147"}}
	{"id":1350147,"type":"sell","buyer":"alokkumar121","seller":"mein-senf-dazu","symbol":"LEO","quantity":"0.276","price":"0.57704000","timestamp":1628884719,"volume":"0.15926304","buyTxId":"95d9d91201428325852d1f4cb875fff5b11139f1","sellTxId":"b540e18105758756d1198a9ce29666eaa5780f12"}
{"index": {"_index":"leo","_id":"1350182"}}
	{"id":1350182,"type":"sell","buyer":"alokkumar121","seller":"reinaldoverdu","symbol":"LEO","quantity":"2.078","price":"0.57704000","timestamp":1628885298,"volume":"1.19908912","buyTxId":"95d9d91201428325852d1f4cb875fff5b11139f1","sellTxId":"7c465e5895f4a61b3046ac24b6ed1e603c599a9d"}
{"index": {"_index":"leo","_id":"1350232"}}
	{"id":1350232,"type":"sell","buyer":"alokkumar121","seller":"nuthman","symbol":"LEO","quantity":"1.972","price":"0.57704000","timestamp":1628885670,"volume":"1.13792288","buyTxId":"95d9d91201428325852d1f4cb875fff5b11139f1","sellTxId":"b118232313b621a5c3cd1dda26315ee5d525c8d8"}
{"index": {"_index":"leo","_id":"1350233"}}
	{"id":1350233,"type":"sell","buyer":"alokkumar121","seller":"ecoinstant","symbol":"LEO","quantity":"6.269","price":"0.57704000","timestamp":1628885682,"volume":"3.61746376","buyTxId":"95d9d91201428325852d1f4cb875fff5b11139f1","sellTxId":"66422e275027247d017caf31de063afe9ef545e7"}
{"index": {"_index":"leo","_id":"1350258"}}
	{"id":1350258,"type":"sell","buyer":"alokkumar121","seller":"beemd","symbol":"LEO","quantity":"0.097","price":"0.57704000","timestamp":1628886078,"volume":"0.05597288","buyTxId":"95d9d91201428325852d1f4cb875fff5b11139f1","sellTxId":"91377424345fe7dbaffd90d9d919c2adb1782636"}
{"index": {"_index":"leo","_id":"1350282"}}
	{"id":1350282,"type":"buy","buyer":"bitcoinflood","seller":"enginemaker","symbol":"LEO","quantity":"13.350","price":"0.58276931","timestamp":1628886279,"volume":"7.77997029","buyTxId":"27a7d52ac8552f7320743768e82b8f8cabfe1413","sellTxId":"MM-P-9520911-56503811-3-1-1"}
{"index": {"_index":"leo","_id":"1350316"}}
	{"id":1350316,"type":"sell","buyer":"alokkumar121","seller":"opidia","symbol":"LEO","quantity":"4.928","price":"0.57704000","timestamp":1628886786,"volume":"2.84365312","buyTxId":"95d9d91201428325852d1f4cb875fff5b11139f1","sellTxId":"98f52876102161b142a7f7eb21cbec0c4aa31deb"}
{"index": {"_index":"leo","_id":"1350367"}}
	{"id":1350367,"type":"sell","buyer":"alokkumar121","seller":"cliffagreen","symbol":"LEO","quantity":"0.365","price":"0.57704000","timestamp":1628887725,"volume":"0.21061960","buyTxId":"95d9d91201428325852d1f4cb875fff5b11139f1","sellTxId":"c91a39bf2ba613b344825cc71a0a66b61bb576c3"}
{"index": {"_index":"leo","_id":"1350434"}}
	{"id":1350434,"type":"sell","buyer":"alokkumar121","seller":"paulmoon410","symbol":"LEO","quantity":"0.173","price":"0.57704000","timestamp":1628888724,"volume":"0.09982792","buyTxId":"95d9d91201428325852d1f4cb875fff5b11139f1","sellTxId":"574e8018a7c3604a248d01d5204fe3858481dfcb"}
{"index": {"_index":"leo","_id":"1350440"}}
	{"id":1350440,"type":"sell","buyer":"alokkumar121","seller":"cliffagreen","symbol":"LEO","quantity":"0.820","price":"0.57704000","timestamp":1628888793,"volume":"0.47317280","buyTxId":"95d9d91201428325852d1f4cb875fff5b11139f1","sellTxId":"3482426236777b815b6d14f332dd2d442b5d112c"}
{"index": {"_index":"leo","_id":"1350442"}}
	{"id":1350442,"type":"sell","buyer":"alokkumar121","seller":"beemd","symbol":"LEO","quantity":"0.039","price":"0.57704000","timestamp":1628888841,"volume":"0.02250456","buyTxId":"95d9d91201428325852d1f4cb875fff5b11139f1","sellTxId":"3b63cd3a575a0448c84bd9f38cb8b5437d02b660"}
{"index": {"_index":"leo","_id":"1350465"}}
	{"id":1350465,"type":"sell","buyer":"alokkumar121","seller":"karmadorje","symbol":"LEO","quantity":"1.633","price":"0.57704000","timestamp":1628889291,"volume":"0.94230632","buyTxId":"95d9d91201428325852d1f4cb875fff5b11139f1","sellTxId":"32f86362f6021bff26f6bedf0d424e1d5e195fe7"}
{"index": {"_index":"leo","_id":"1350549"}}
	{"id":1350549,"type":"buy","buyer":"jk6276","seller":"enginemaker","symbol":"LEO","quantity":"55.940","price":"0.58276931","timestamp":1628890149,"volume":"32.60011520","buyTxId":"fd0e55bf215d589da5d0d92ae759453c931dc5ca","sellTxId":"MM-P-9520911-56503811-3-1-1"}
{"index": {"_index":"leo","_id":"1350595"}}
	{"id":1350595,"type":"sell","buyer":"alokkumar121","seller":"jesustiano","symbol":"LEO","quantity":"0.166","price":"0.57704000","timestamp":1628890635,"volume":"0.09578864","buyTxId":"95d9d91201428325852d1f4cb875fff5b11139f1","sellTxId":"232e30f6e3d7e1926df06862261714982c6e46f4"}
{"index": {"_index":"leo","_id":"1350614"}}
	{"id":1350614,"type":"sell","buyer":"alokkumar121","seller":"kevinnag58","symbol":"LEO","quantity":"13.54","price":"0.57704000","timestamp":1628890860,"volume":"7.81312160","buyTxId":"95d9d91201428325852d1f4cb875fff5b11139f1","sellTxId":"542e1ec6267dd4ae382b788a5135e1097871798c"}
{"index": {"_index":"leo","_id":"1350630"}}
	{"id":1350630,"type":"sell","buyer":"alokkumar121","seller":"gwilberiol","symbol":"LEO","quantity":"27.052","price":"0.57704000","timestamp":1628891268,"volume":"15.61008608","buyTxId":"95d9d91201428325852d1f4cb875fff5b11139f1","sellTxId":"4f191f852463b3c1094228ab2cda19c93c366978"}
{"index": {"_index":"leo","_id":"1350631"}}
	{"id":1350631,"type":"sell","buyer":"alokkumar121","seller":"ericburgoyne","symbol":"LEO","quantity":"4.789","price":"0.57704000","timestamp":1628891268,"volume":"2.76344456","buyTxId":"95d9d91201428325852d1f4cb875fff5b11139f1","sellTxId":"012aaa401031bb04cd3e447f34c7b88210a3345a"}
{"index": {"_index":"leo","_id":"1350673"}}
	{"id":1350673,"type":"buy","buyer":"spinvest-leo","seller":"enginemaker","symbol":"LEO","quantity":"29.710","price":"0.58276931","timestamp":1628891883,"volume":"17.31407620","buyTxId":"359d7578ba68b7499270fe36a38fdc8752933450","sellTxId":"MM-P-9520911-56503811-3-1-1"}
{"index": {"_index":"leo","_id":"1350674"}}
	{"id":1350674,"type":"buy","buyer":"spinvest-leo","seller":"archon-drips","symbol":"LEO","quantity":"0.002","price":"0.58277932","timestamp":1628891883,"volume":"0.00116556","buyTxId":"359d7578ba68b7499270fe36a38fdc8752933450","sellTxId":"8aa740918d02375a8fd1e332057a65ef662960ee"}
{"index": {"_index":"leo","_id":"1350675"}}
	{"id":1350675,"type":"buy","buyer":"spinvest-leo","seller":"onealfa.leo","symbol":"LEO","quantity":"13.000","price":"0.60086964","timestamp":1628891883,"volume":"7.81130532","buyTxId":"359d7578ba68b7499270fe36a38fdc8752933450","sellTxId":"324a456fb3e2745cd0870d9cddd73b48acfa6f52"}
{"index": {"_index":"leo","_id":"1350676"}}
	{"id":1350676,"type":"buy","buyer":"spinvest-leo","seller":"ripazha","symbol":"LEO","quantity":"667.288","price":"0.60462354","timestamp":1628891883,"volume":"403.45803276","buyTxId":"359d7578ba68b7499270fe36a38fdc8752933450","sellTxId":"fc92e53e5220fd2969c2710c1c35db18ecfa7bef-2"}
{"index": {"_index":"leo","_id":"1350682"}}
	{"id":1350682,"type":"buy","buyer":"spinvest-leo","seller":"onealfa.leo","symbol":"LEO","quantity":"5.000","price":"0.60462352","timestamp":1628891925,"volume":"3.02311760","buyTxId":"8d12f5823b5010e30beedb0899855acb10b69038","sellTxId":"405e1133e5ec650a74a8e0ef4c073024253ca4d9"}
{"index": {"_index":"leo","_id":"1350756"}}
	{"id":1350756,"type":"sell","buyer":"freebornsociety","seller":"readthisplease","symbol":"LEO","quantity":"40.000","price":"0.58004000","timestamp":1628893155,"volume":"23.20160000","buyTxId":"MM-P-9525127-56508035-3-4-0","sellTxId":"eaefd7b30735814aeb8288203c148d9ccef0e931"}
{"index": {"_index":"leo","_id":"1350794"}}
	{"id":1350794,"type":"sell","buyer":"freebornsociety","seller":"mykos","symbol":"LEO","quantity":"1.917","price":"0.58004000","timestamp":1628893674,"volume":"1.11193668","buyTxId":"MM-P-9525127-56508035-3-4-0","sellTxId":"2748642e1f5c3d81f2d17ecd498074e2f5c4bbb5"}
{"index": {"_index":"leo","_id":"1350811"}}
	{"id":1350811,"type":"sell","buyer":"freebornsociety","seller":"konvik","symbol":"LEO","quantity":"121.905","price":"0.58304001","timestamp":1628893872,"volume":"71.07549242","buyTxId":"MM-P-9525724-56508633-3-4-0","sellTxId":"b8365464ea2a088f98a292704ae673b5966d9412-1"}
{"index": {"_index":"leo","_id":"1350844"}}
	{"id":1350844,"type":"buy","buyer":"steemstreems","seller":"solovey6o2","symbol":"LEO","quantity":"8.331","price":"0.59501255","timestamp":1628894037,"volume":"4.95748","buyTxId":"a9db9d7dc841e4dfa05bfd880ce50c6a0db5e171","sellTxId":"b8f72b0bfe6cfdd92b7e43b177d6d3aa3217b75c"}
{"index": {"_index":"leo","_id":"1350853"}}
	{"id":1350853,"type":"sell","buyer":"freebornsociety","seller":"konvik","symbol":"LEO","quantity":"189.100","price":"0.58604002","timestamp":1628894172,"volume":"110.82016778","buyTxId":"MM-P-9525824-56508733-3-4-0","sellTxId":"95954bd14a254703bbe8a98f1b3bf6b3d2b1fa49-1"}
{"index": {"_index":"leo","_id":"1350900"}}
	{"id":1350900,"type":"buy","buyer":"chrono88","seller":"solovey6o2","symbol":"LEO","quantity":"3.344","price":"0.59197244","timestamp":1628895003,"volume":"1.98","buyTxId":"ebfd165a77c77464c342917c5e80e8e7af7e4d97","sellTxId":"e1ff842c68ee94544205d545679a71bc5711ed5b"}
{"index": {"_index":"leo","_id":"1350961"}}
	{"id":1350961,"type":"sell","buyer":"solovey6o2","seller":"cccf","symbol":"LEO","quantity":"1.370","price":"0.58604003","timestamp":1628896200,"volume":"0.80287484","buyTxId":"1676a0dcc4093d32f5de21a92029d9a38085455f","sellTxId":"3514a718378c1dc3fa305ae6131c75f957f4dee3"}
{"index": {"_index":"leo","_id":"1350991"}}
	{"id":1350991,"type":"sell","buyer":"solovey6o2","seller":"b00m","symbol":"LEO","quantity":"3.346","price":"0.58604003","timestamp":1628897235,"volume":"1.96088994","buyTxId":"1676a0dcc4093d32f5de21a92029d9a38085455f","sellTxId":"5e1334c1d705b3040b24dd9ae848314ae85bb1c6"}
{"index": {"_index":"leo","_id":"1351014"}}
	{"id":1351014,"type":"buy","buyer":"jrcornel","seller":"enginemaker","symbol":"LEO","quantity":"100.000","price":"0.59195233","timestamp":1628897643,"volume":"59.19523300","buyTxId":"cbf59c7a68b2d5a3b4ea80748f0378a2580ae475","sellTxId":"MM-P-9526282-56509192-3-1-0"}
{"index": {"_index":"leo","_id":"1351015"}}
	{"id":1351015,"type":"sell","buyer":"jrcornel","seller":"konvik","symbol":"LEO","quantity":"161.588","price":"0.59195233","timestamp":1628897646,"volume":"95.65239310","buyTxId":"cbf59c7a68b2d5a3b4ea80748f0378a2580ae475","sellTxId":"76d4ce9902c47601e136cab89e44c267a9d4e3ba-1"}
{"index": {"_index":"leo","_id":"1351109"}}
	{"id":1351109,"type":"sell","buyer":"jrcornel","seller":"sbi-tokens","symbol":"LEO","quantity":"0.161","price":"0.59195233","timestamp":1628898834,"volume":"0.09530433","buyTxId":"cbf59c7a68b2d5a3b4ea80748f0378a2580ae475","sellTxId":"899e7738029d22fef4afd1f3f58a1771ed9d0a64"}
{"index": {"_index":"leo","_id":"1351164"}}
	{"id":1351164,"type":"buy","buyer":"bitcoinflood","seller":"enginemaker","symbol":"LEO","quantity":"73.936","price":"0.59098999","timestamp":1628899458,"volume":"43.69543590","buyTxId":"b5ea38f162af1396cc996ef5be08b57404e5ff05","sellTxId":"MM-P-9527377-56510287-3-1-1"}
{"index": {"_index":"leo","_id":"1351188"}}
	{"id":1351188,"type":"sell","buyer":"sbi-tokens","seller":"brofi-market","symbol":"LEO","quantity":"0.546","price":"0.58700000","timestamp":1628899884,"volume":"0.32050200","buyTxId":"f3404a037f4ac189e083bccb8265646002c433d9","sellTxId":"33dca987d0135e30f2b393b4723f13eeca0030d1"}
{"index": {"_index":"leo","_id":"1351439"}}
	{"id":1351439,"type":"sell","buyer":"sbi-tokens","seller":"ybanezkim26","symbol":"LEO","quantity":"50.000","price":"0.58700000","timestamp":1628905170,"volume":"29.35000000","buyTxId":"f3404a037f4ac189e083bccb8265646002c433d9","sellTxId":"e82a2d7a69db9d0077924e1e38523463cac1b0ee"}
{"index": {"_index":"leo","_id":"1351455"}}
	{"id":1351455,"type":"sell","buyer":"sbi-tokens","seller":"metzli","symbol":"LEO","quantity":"0.787","price":"0.58700000","timestamp":1628905536,"volume":"0.46196900","buyTxId":"f3404a037f4ac189e083bccb8265646002c433d9","sellTxId":"b03cedcbf0512f4492d30e7a856c345d6ab00b52"}
{"index": {"_index":"leo","_id":"1351670"}}
	{"id":1351670,"type":"sell","buyer":"sbi-tokens","seller":"abbey877","symbol":"LEO","quantity":"1.215","price":"0.58700000","timestamp":1628908971,"volume":"0.71320500","buyTxId":"f3404a037f4ac189e083bccb8265646002c433d9","sellTxId":"7b089b9f6b41d66dd2b47b7f0411bcec9e0f338d"}
{"index": {"_index":"leo","_id":"1351676"}}
	{"id":1351676,"type":"sell","buyer":"sbi-tokens","seller":"mawit07","symbol":"LEO","quantity":"3.890","price":"0.58700000","timestamp":1628908995,"volume":"2.28343000","buyTxId":"f3404a037f4ac189e083bccb8265646002c433d9","sellTxId":"fb088e5f31a6a4325107a537bfd9de8e52b739b2"}
