{"index": {"_index":"leo","_id":"3384868"}}
	{"id":3384868,"type":"sell","buyer":"didyourmom","seller":"sunset.curator","symbol":"LEO","quantity":"0.626","price":"0.16503799","timestamp":1652065407,"volume":"0.10331378","buyTxId":"eedcda9baf60e6ecfb3e95d73ac65af9c7ea35e0","sellTxId":"4e81edd14efd9a44484b2d43313d1d37a7fd80d3"}
{"index": {"_index":"leo","_id":"3384909"}}
	{"id":3384909,"type":"buy","buyer":"konvik","seller":"lichtblick","symbol":"LEO","quantity":"110.015","price":"0.16513000","timestamp":1652065869,"volume":"18.16677695","buyTxId":"eee63bc6b22d1fda12350a8e29c2892c4a74a77b-0","sellTxId":"2f34c36d50be60ce257071a6e2d3574658ea342d"}
{"index": {"_index":"leo","_id":"3384910"}}
	{"id":3384910,"type":"buy","buyer":"konvik","seller":"forexbrokr","symbol":"LEO","quantity":"99.251","price":"0.16514000","timestamp":1652065869,"volume":"16.39031014","buyTxId":"eee63bc6b22d1fda12350a8e29c2892c4a74a77b-0","sellTxId":"70872726330fab06b8e5ec543a90c47cda4681ae"}
{"index": {"_index":"leo","_id":"3384911"}}
	{"id":3384911,"type":"buy","buyer":"konvik","seller":"leeyh2","symbol":"LEO","quantity":"188.735","price":"0.16514100","timestamp":1652065869,"volume":"31.16788664","buyTxId":"eee63bc6b22d1fda12350a8e29c2892c4a74a77b-0","sellTxId":"33c10dca6d922503c4d080ffb63d9857547f497f"}
{"index": {"_index":"leo","_id":"3384912"}}
	{"id":3384912,"type":"buy","buyer":"konvik","seller":"jjprac","symbol":"LEO","quantity":"6.046","price":"0.16600003","timestamp":1652065869,"volume":"1.00363618","buyTxId":"eee63bc6b22d1fda12350a8e29c2892c4a74a77b-0","sellTxId":"d84f2e074b967e3a13b5af28f978e4651bdd9025"}
{"index": {"_index":"leo","_id":"3384913"}}
	{"id":3384913,"type":"buy","buyer":"konvik","seller":"handtalk5","symbol":"LEO","quantity":"3.067","price":"0.16600003","timestamp":1652065869,"volume":"0.50912209","buyTxId":"eee63bc6b22d1fda12350a8e29c2892c4a74a77b-0","sellTxId":"d5bf00adaf6a90657179a9f729c0241903197537"}
{"index": {"_index":"leo","_id":"3384914"}}
	{"id":3384914,"type":"buy","buyer":"konvik","seller":"abundance.tribe","symbol":"LEO","quantity":"178.852","price":"0.16600004","timestamp":1652065869,"volume":"29.68943915","buyTxId":"eee63bc6b22d1fda12350a8e29c2892c4a74a77b-0","sellTxId":"ef30c83b394afc921a41bf73d960e84bd7149b50"}
{"index": {"_index":"leo","_id":"3384918"}}
	{"id":3384918,"type":"sell","buyer":"hive-combine","seller":"steem82868","symbol":"LEO","quantity":"0.603","price":"0.16503803","timestamp":1652066007,"volume":"0.09951793","buyTxId":"b89d1a14615ff57562157049471e7ca084d9cd14","sellTxId":"8cff09b2bd3338865863882e9ea64944cbaaf1ab"}
{"index": {"_index":"leo","_id":"3384919"}}
	{"id":3384919,"type":"sell","buyer":"hive-combine","seller":"phoenixonhive","symbol":"LEO","quantity":"207.663","price":"0.16503803","timestamp":1652066088,"volume":"34.27229242","buyTxId":"b89d1a14615ff57562157049471e7ca084d9cd14","sellTxId":"235fecff80bc5077b37a008909e7bc8b8c264ca2"}
{"index": {"_index":"leo","_id":"3384977"}}
	{"id":3384977,"type":"sell","buyer":"pi-trader","seller":"russia-btc","symbol":"LEO","quantity":"33.993","price":"0.16503800","timestamp":1652067051,"volume":"5.61013673","buyTxId":"c3644fd31cd56620c5ddc408e5c1cc49695c09b6-3","sellTxId":"891717b7dfc54c7d74598516b500672cbc96c373"}
{"index": {"_index":"leo","_id":"3385000"}}
	{"id":3385000,"type":"sell","buyer":"pi-trader","seller":"microbot","symbol":"LEO","quantity":"0.200","price":"0.16504001","timestamp":1652067243,"volume":"0.03300800","buyTxId":"edf59fc6761fc88c60ad9a4fd8d2bdb18b26219c-4","sellTxId":"29a3f27019cb1290a83676a5221f2c628d34f60b"}
{"index": {"_index":"leo","_id":"3385005"}}
	{"id":3385005,"type":"sell","buyer":"pi-trader","seller":"isnochys","symbol":"LEO","quantity":"0.200","price":"0.16504001","timestamp":1652067264,"volume":"0.03300800","buyTxId":"7f0232dd083569b5ff3d707a6a42c74ae5fd775f-1","sellTxId":"2200629db0217e371efd46c93adf090c6f37d0b1"}
{"index": {"_index":"leo","_id":"3385024"}}
	{"id":3385024,"type":"sell","buyer":"pi-trader","seller":"grand.strategy","symbol":"LEO","quantity":"0.200","price":"0.16504001","timestamp":1652067336,"volume":"0.03300800","buyTxId":"175133466e4656b4b867bbb4c36444ea34c089c6-2","sellTxId":"1183c7f2299027d7113c3a2fd196847c1212bd28"}
{"index": {"_index":"leo","_id":"3385156"}}
	{"id":3385156,"type":"sell","buyer":"pi-trader","seller":"valorbeats","symbol":"LEO","quantity":"2.995","price":"0.16504201","timestamp":1652068956,"volume":"0.49430082","buyTxId":"a21c12de77d825d48fe62fb840aa7cd98f291b4b-1","sellTxId":"17ac91ffd781dd4887fd9a63a6144e5a040fde2a"}
{"index": {"_index":"leo","_id":"3385393"}}
	{"id":3385393,"type":"buy","buyer":"captainquack22","seller":"staywithit1974","symbol":"LEO","quantity":"0.031","price":"0.16600709","timestamp":1652072175,"volume":"0.00514622","buyTxId":"601e3c6f1bc6253779278b7e8a501df58d37e86f","sellTxId":"e3e88b82bd304ece1f67d19d83bb25cfd3404634"}
{"index": {"_index":"leo","_id":"3385394"}}
	{"id":3385394,"type":"buy","buyer":"captainquack22","seller":"leomaker","symbol":"LEO","quantity":"24.614","price":"0.16959900","timestamp":1652072175,"volume":"4.17450979","buyTxId":"601e3c6f1bc6253779278b7e8a501df58d37e86f","sellTxId":"13be371334848a7277ac24564679d643a0b8f4d4"}
{"index": {"_index":"leo","_id":"3385395"}}
	{"id":3385395,"type":"buy","buyer":"captainquack22","seller":"master-lamps","symbol":"LEO","quantity":"4.836","price":"0.16959999","timestamp":1652072175,"volume":"0.82034399","buyTxId":"601e3c6f1bc6253779278b7e8a501df58d37e86f","sellTxId":"d93fa548489ba98144067fc8edb5aab2d5f8b6ca"}
{"index": {"_index":"leo","_id":"3385516"}}
	{"id":3385516,"type":"sell","buyer":"pi-trader","seller":"senseiphil","symbol":"LEO","quantity":"128.113","price":"0.16505001","timestamp":1652073585,"volume":"21.14505193","buyTxId":"eccd81925fa587b063d6d56251c5cfbb3372ea57-1","sellTxId":"d20873090bd2b66460f91563e550a2bbbca2d1e5"}
{"index": {"_index":"leo","_id":"3385517"}}
	{"id":3385517,"type":"sell","buyer":"pi-trader","seller":"miketr","symbol":"LEO","quantity":"0.999","price":"0.16505001","timestamp":1652073588,"volume":"0.16488496","buyTxId":"eccd81925fa587b063d6d56251c5cfbb3372ea57-1","sellTxId":"7744ad9eeb0bee8462d6be52619210bd9229e7f5"}
{"index": {"_index":"leo","_id":"3385547"}}
	{"id":3385547,"type":"sell","buyer":"pi-trader","seller":"razam","symbol":"LEO","quantity":"0.603","price":"0.16600001","timestamp":1652073864,"volume":"0.10009801","buyTxId":"d781c5dd0d8fb059940d07f7914abbddbc834f32-1","sellTxId":"06f4cc0d1712e00d6f81c4459b86bea2b4b27f90"}
{"index": {"_index":"leo","_id":"3385579"}}
	{"id":3385579,"type":"buy","buyer":"mypathtofire","seller":"master-lamps","symbol":"LEO","quantity":"20.595","price":"0.16959999","timestamp":1652074293,"volume":"3.49291179","buyTxId":"e9bf0f0dce38e6671097fdee664f0d73a01aa49c","sellTxId":"d93fa548489ba98144067fc8edb5aab2d5f8b6ca"}
{"index": {"_index":"leo","_id":"3385582"}}
	{"id":3385582,"type":"buy","buyer":"mypathtofire","seller":"leomaker","symbol":"LEO","quantity":"10.252","price":"0.16974600","timestamp":1652074356,"volume":"1.74023599","buyTxId":"ab32ac7ccf57a013495c72dba674e3abd2da536a","sellTxId":"143fde1c924a406af8490b4a71d9309fbfd1c4ee"}
{"index": {"_index":"leo","_id":"3385590"}}
	{"id":3385590,"type":"buy","buyer":"mypathtofire","seller":"solovey6o2","symbol":"LEO","quantity":"104.068","price":"0.16974694","timestamp":1652074482,"volume":"17.66522455","buyTxId":"6b42ea5f290fc352df58876b2d963ee217bd1c28","sellTxId":"d5760c3b34b886678cb28af7fbcaa9d9b9d80d4b"}
{"index": {"_index":"leo","_id":"3385619"}}
	{"id":3385619,"type":"sell","buyer":"pi-trader","seller":"kolbjorn","symbol":"LEO","quantity":"56.981","price":"0.16600201","timestamp":1652075136,"volume":"9.45896053","buyTxId":"be747be5d7add47c01423788a27403ba2ebd6198-1","sellTxId":"5378d59540c20bf53db13b922503130e8b968579"}
{"index": {"_index":"leo","_id":"3385668"}}
	{"id":3385668,"type":"buy","buyer":"konvik","seller":"leveragetrading","symbol":"LEO","quantity":"59.809","price":"0.16900000","timestamp":1652076102,"volume":"10.10772100","buyTxId":"082787fccd0da9b74f6c9fa0a8f152e6f11278a5-0","sellTxId":"9740ae02a2d6585a9b5469cc91c2e7fa3625cbfc"}
{"index": {"_index":"leo","_id":"3385811"}}
	{"id":3385811,"type":"sell","buyer":"pi-trader","seller":"handtalk5","symbol":"LEO","quantity":"2.607","price":"0.16600401","timestamp":1652078358,"volume":"0.43277245","buyTxId":"14df10c9408d66ffdb9ef3497512ed7cf3f12e28-1","sellTxId":"06148354f81bbc430704d566ed5432ecb17d1fa7"}
{"index": {"_index":"leo","_id":"3385899"}}
	{"id":3385899,"type":"sell","buyer":"pi-trader","seller":"pob.curator","symbol":"LEO","quantity":"3.277","price":"0.16600401","timestamp":1652079141,"volume":"0.54399514","buyTxId":"8100baf92597446073ed40e56957e679652f3c77-4","sellTxId":"232bc89614914b48515813c6becb86bf56c515d0"}
{"index": {"_index":"leo","_id":"3385917"}}
	{"id":3385917,"type":"sell","buyer":"pi-trader","seller":"helios.voter","symbol":"LEO","quantity":"0.140","price":"0.16600401","timestamp":1652079546,"volume":"0.02324056","buyTxId":"27ae7a3cd6f69b0250cee7d6014eeac2fa363313-1","sellTxId":"7760cdcbc88699889a129dfbe756f30a773a27c0"}
{"index": {"_index":"leo","_id":"3386123"}}
	{"id":3386123,"type":"sell","buyer":"pi-trader","seller":"bengy","symbol":"LEO","quantity":"20.118","price":"0.16600706","timestamp":1652082630,"volume":"3.33973003","buyTxId":"d2fe720495173a5320c1f7ecd124aba54e816d91-1","sellTxId":"560463a7ea0ae080c8fdfa57694e2c1ea6a6d319"}
{"index": {"_index":"leo","_id":"3386342"}}
	{"id":3386342,"type":"sell","buyer":"pi-trader","seller":"solistyle2","symbol":"LEO","quantity":"26.233","price":"0.16601101","timestamp":1652085546,"volume":"4.35496683","buyTxId":"908d051d521396642d5079aa3ed86ea26cd90648-1","sellTxId":"152645211467881e0eedf8d8b947d33706471dd4"}
{"index": {"_index":"leo","_id":"3386347"}}
	{"id":3386347,"type":"buy","buyer":"solistyle2","seller":"leomaker","symbol":"LEO","quantity":"23.711","price":"0.16974300","timestamp":1652085606,"volume":"4.02477627","buyTxId":"e9fe917b2d8af51cf5293ae0c9bcf3c43d3d6ca8","sellTxId":"da58e0bd04a8ad34676183c4f257ff0a65830c30"}
{"index": {"_index":"leo","_id":"3386348"}}
	{"id":3386348,"type":"buy","buyer":"solistyle2","seller":"zirochka","symbol":"LEO","quantity":"1.945","price":"0.16974300","timestamp":1652085606,"volume":"0.33019056","buyTxId":"e9fe917b2d8af51cf5293ae0c9bcf3c43d3d6ca8","sellTxId":"212de5b9471c712456809d82981acdea5e4a7557"}
{"index": {"_index":"leo","_id":"3386365"}}
	{"id":3386365,"type":"sell","buyer":"pi-trader","seller":"solistyle2","symbol":"LEO","quantity":"25.656","price":"0.16601101","timestamp":1652085663,"volume":"4.25917847","buyTxId":"e2d49c56234b2460a7145289a2dd32626730804f-2","sellTxId":"9b7b21f2b444d28b921afc5a5fdf9660e3a20fab"}
{"index": {"_index":"leo","_id":"3386451"}}
	{"id":3386451,"type":"buy","buyer":"mypathtofire","seller":"zirochka","symbol":"LEO","quantity":"1.223","price":"0.16974300","timestamp":1652086398,"volume":"0.20759569","buyTxId":"0c36d1fc9b856c24bd68710169653f3841307127","sellTxId":"212de5b9471c712456809d82981acdea5e4a7557"}
{"index": {"_index":"leo","_id":"3386458"}}
	{"id":3386458,"type":"buy","buyer":"mypathtofire","seller":"solovey6o2","symbol":"LEO","quantity":"110.282","price":"0.16974394","timestamp":1652086533,"volume":"18.71970119","buyTxId":"bc80ff6d875acd05994fbfd8fc9fc3620c61514a","sellTxId":"a3266b9ddc9a29443e605fc1a164846a48d69b2f"}
{"index": {"_index":"leo","_id":"3386481"}}
	{"id":3386481,"type":"sell","buyer":"pi-trader","seller":"acesontop","symbol":"LEO","quantity":"29","price":"0.16601366","timestamp":1652086764,"volume":"4.81439614","buyTxId":"1b36adb59bb10660cd6df1a6273c6a81a11fcb5b-1","sellTxId":"9b04670329e238d158709fb7a8e0ed9f7c384037"}
{"index": {"_index":"leo","_id":"3386589"}}
	{"id":3386589,"type":"buy","buyer":"ugochill","seller":"solovey6o2","symbol":"LEO","quantity":"0.974","price":"0.16974299","timestamp":1652088267,"volume":"0.16532967","buyTxId":"0b5a7eb960b9af13731323e7d592526d40896297","sellTxId":"9c741a94e24657fc206814f255dc67d57192d38b"}
{"index": {"_index":"leo","_id":"3386591"}}
	{"id":3386591,"type":"sell","buyer":"pi-trader","seller":"pieter87","symbol":"LEO","quantity":"10.287","price":"0.16601606","timestamp":1652088282,"volume":"1.70780721","buyTxId":"60cb06d55cccd590d955b36e2c5920fcc9c66f63-2","sellTxId":"b11a66befa015bfefa868980590759ad33e38ec1"}
{"index": {"_index":"leo","_id":"3386602"}}
	{"id":3386602,"type":"sell","buyer":"pi-trader","seller":"lionsuit","symbol":"LEO","quantity":"0.111","price":"0.16601601","timestamp":1652088540,"volume":"0.01842778","buyTxId":"8adde73db668cec10f85169a3a74320a79487d34-1","sellTxId":"305553c3db8ef87cbd95dd32314a54ccbeb5dc9d"}
{"index": {"_index":"leo","_id":"3386659"}}
	{"id":3386659,"type":"sell","buyer":"b3-kay93","seller":"solovey6o2","symbol":"LEO","quantity":"11.232","price":"0.16974299","timestamp":1652089605,"volume":"1.90655326","buyTxId":"a46726b00e1f94d9f0123513bb088686891ff065","sellTxId":"a4f1f499cc5d9066198494e275987ef736cf8947"}
{"index": {"_index":"leo","_id":"3386864"}}
	{"id":3386864,"type":"sell","buyer":"pi-trader","seller":"papacrusher","symbol":"LEO","quantity":"0.422","price":"0.16602201","timestamp":1652092791,"volume":"0.07006129","buyTxId":"f962de20d04ecb4c2126fcebf6092e85c900b9cd-3","sellTxId":"2ff522b9269538909ea32ed7d517685a9ced1c6f"}
{"index": {"_index":"leo","_id":"3386900"}}
	{"id":3386900,"type":"sell","buyer":"pi-trader","seller":"thatcryptodave","symbol":"LEO","quantity":"0.532","price":"0.16602206","timestamp":1652093265,"volume":"0.08832374","buyTxId":"e8810bb8edda90cfefeabfe9f68d872e8ff258ef-1","sellTxId":"63429a8732beda08c483abde9c7529d873a32c17"}
{"index": {"_index":"leo","_id":"3386972"}}
	{"id":3386972,"type":"sell","buyer":"pi-trader","seller":"eturnerx","symbol":"LEO","quantity":"3.233","price":"0.16602406","timestamp":1652093550,"volume":"0.53675579","buyTxId":"c37f37d8813511d5c070d5d2f49157cbb2294ff2-1","sellTxId":"8f41d40974a73aad2d39b647a96a25a53c505f4a"}
{"index": {"_index":"leo","_id":"3387004"}}
	{"id":3387004,"type":"sell","buyer":"pi-trader","seller":"bilpcoinbpc","symbol":"LEO","quantity":"0.104","price":"0.16602426","timestamp":1652093988,"volume":"0.01726652","buyTxId":"9cb4f7c0ed4c53c31474bccdfc7bcaa9d248705d-1","sellTxId":"d448c0bb352f79f7e892e7c93b18342df50e2a1d"}
{"index": {"_index":"leo","_id":"3387024"}}
	{"id":3387024,"type":"buy","buyer":"konvik","seller":"mikezillo","symbol":"LEO","quantity":"96.000","price":"0.16602426","timestamp":1652094327,"volume":"15.93832896","buyTxId":"98f5ca899ffb84bf2befbcba1a0526ceb4a23625-0","sellTxId":"5a80279f8bdefb29b3ae48be4398359e6855171d"}
{"index": {"_index":"leo","_id":"3387098"}}
	{"id":3387098,"type":"sell","buyer":"mazurbits","seller":"steem82868","symbol":"LEO","quantity":"0.070","price":"0.16602620","timestamp":1652095149,"volume":"0.01162183","buyTxId":"49443d23c8ac1bea55a522349404324b94d902c1","sellTxId":"5a71f8d69bf7dd02a117abfc786636eba6bebc75"}
{"index": {"_index":"leo","_id":"3387306"}}
	{"id":3387306,"type":"sell","buyer":"leomaker","seller":"steem82868","symbol":"LEO","quantity":"0.020","price":"0.16603000","timestamp":1652097657,"volume":"0.00332060","buyTxId":"ddc31a5cb7d635f778c2f9eadcb69b5c27acb3ed","sellTxId":"e0caf7ffa0bbbfdddb0e60728819ba85a5d0d37e"}
{"index": {"_index":"leo","_id":"3387347"}}
	{"id":3387347,"type":"sell","buyer":"pi-trader","seller":"farm-mom","symbol":"LEO","quantity":"5.250","price":"0.16603001","timestamp":1652098353,"volume":"0.87165755","buyTxId":"875e5cbde9d7581228fb770a8315df138dedd7c4-1","sellTxId":"89311b3a218e3b2a08eea43b17cb0fc26e6352b5"}
{"index": {"_index":"leo","_id":"3387520"}}
	{"id":3387520,"type":"sell","buyer":"leomaker","seller":"berthold","symbol":"LEO","quantity":"0.599","price":"0.16603400","timestamp":1652100558,"volume":"0.09945437","buyTxId":"734037b5c126769ca18a568ae06503cb04fb3468","sellTxId":"252060bc6529cb75b409f7f2e3c07f8897a47d75"}
{"index": {"_index":"leo","_id":"3387599"}}
	{"id":3387599,"type":"buy","buyer":"whatsup","seller":"solovey6o2","symbol":"LEO","quantity":"200.000","price":"0.16973699","timestamp":1652101644,"volume":"33.94739800","buyTxId":"276ec6f85fadfc190a2878ac7fca843a27d9eea7","sellTxId":"bf6d9b84427618fa2db702d768be8fc110133267"}
{"index": {"_index":"leo","_id":"3387706"}}
	{"id":3387706,"type":"sell","buyer":"pi-trader","seller":"bearbear613","symbol":"LEO","quantity":"9.266","price":"0.16603721","timestamp":1652102961,"volume":"1.53850079","buyTxId":"80fad9f3ea7b3db7daebb90aee77fb0ea1c288e0-1","sellTxId":"760484e48dfe93a0cc05eb332c399484765d9df6"}
{"index": {"_index":"leo","_id":"3387743"}}
	{"id":3387743,"type":"sell","buyer":"pi-trader","seller":"lotto-de","symbol":"LEO","quantity":"0.599","price":"0.16603701","timestamp":1652103438,"volume":"0.09945617","buyTxId":"15aa8f5fd8cd8bb0964f793934c690c343b0d2f2-1","sellTxId":"3cf5a195d4345355f59781c3ebd7f88d801a4805"}
{"index": {"_index":"leo","_id":"3387747"}}
	{"id":3387747,"type":"sell","buyer":"leomaker","seller":"der-prophet","symbol":"LEO","quantity":"17.617","price":"0.16603900","timestamp":1652103519,"volume":"2.92510906","buyTxId":"f6cd4750c01a6fadb98b618c82614e39ffc5e61b","sellTxId":"b394c4d0d6712ec4e5ed72551d1323fcf0b6b424"}
{"index": {"_index":"leo","_id":"3387793"}}
	{"id":3387793,"type":"sell","buyer":"pi-trader","seller":"investyourvote","symbol":"LEO","quantity":"0.440","price":"0.16603901","timestamp":1652103765,"volume":"0.07305716","buyTxId":"89be9cbce40d22a51e0be7d83e426259adfb486e-2","sellTxId":"648c2e40e7ca851fddee7932504fe4121dd8e58d"}
{"index": {"_index":"leo","_id":"3387903"}}
	{"id":3387903,"type":"buy","buyer":"leomaker","seller":"leontr","symbol":"LEO","quantity":"0.585","price":"0.16603905","timestamp":1652105037,"volume":"0.09713284","buyTxId":"720619137906bcb26d5a137c7edfa63a9bba18b2","sellTxId":"1294209e266c7bd32f279809201b4a535d935d14"}
{"index": {"_index":"leo","_id":"3388107"}}
	{"id":3388107,"type":"sell","buyer":"pi-trader","seller":"casimirio","symbol":"LEO","quantity":"0.610","price":"0.16604301","timestamp":1652107038,"volume":"0.10128624","buyTxId":"eed1e042c4b2941cafe8e81c5d8a6a70874a89e7-1","sellTxId":"2e3720e07a407d1647ba555808aea50f9826f6bc"}
{"index": {"_index":"leo","_id":"3388126"}}
	{"id":3388126,"type":"sell","buyer":"pi-trader","seller":"elizabethbit","symbol":"LEO","quantity":"56.871","price":"0.16604301","timestamp":1652107308,"volume":"9.44303202","buyTxId":"66a4a467fb2645d9df08e7df824377d9c84717a7-2","sellTxId":"7f782c25a4e56228a0170606cc1b77297fe2deed"}
{"index": {"_index":"leo","_id":"3388193"}}
	{"id":3388193,"type":"sell","buyer":"pi-trader","seller":"silvertop","symbol":"LEO","quantity":"55.693","price":"0.16604301","timestamp":1652107956,"volume":"9.24743336","buyTxId":"2010792bea065e5e366c6331d054122a16b95373-2","sellTxId":"87cacc7dd04b7aed4ef42eed325ba591aae3244e"}
{"index": {"_index":"leo","_id":"3388852"}}
	{"id":3388852,"type":"sell","buyer":"pi-trader","seller":"juanmiguelsalas","symbol":"LEO","quantity":"2.642","price":"0.16605101","timestamp":1652113950,"volume":"0.43870677","buyTxId":"9a43be831d1e9c7396739b3f94d17520bb87293f-1","sellTxId":"91b4ce40b4470b90d1e45be69457bc3df40b9183"}
{"index": {"_index":"leo","_id":"3389631"}}
	{"id":3389631,"type":"sell","buyer":"stdd","seller":"josediccus","symbol":"LEO","quantity":"10.000","price":"0.16700000","timestamp":1652120283,"volume":"1.67000000","buyTxId":"e6b9eb52a9b66346f740459a18ff2954f9bea28c","sellTxId":"2d8fbae1bdc9c039c14d50d0202985d401c3b972"}
{"index": {"_index":"leo","_id":"3389632"}}
	{"id":3389632,"type":"buy","buyer":"konvik","seller":"josediccus","symbol":"LEO","quantity":"30.000","price":"0.16629225","timestamp":1652120286,"volume":"4.98876750","buyTxId":"7e467c9dd1aa5cca054f4d9bfa4bd0bcefef01d4-0","sellTxId":"2d8fbae1bdc9c039c14d50d0202985d401c3b972"}
{"index": {"_index":"leo","_id":"3389809"}}
	{"id":3389809,"type":"sell","buyer":"pi-trader","seller":"emergingabove","symbol":"LEO","quantity":"2.136","price":"0.16606001","timestamp":1652122305,"volume":"0.35470418","buyTxId":"2408cab615843efc5608753e41a7b4df97bbb09a-1","sellTxId":"c1b8389b362e58e3d69d69624d13077cabba50bb"}
{"index": {"_index":"leo","_id":"3389979"}}
	{"id":3389979,"type":"sell","buyer":"pi-trader","seller":"jjprac","symbol":"LEO","quantity":"11.000","price":"0.16606201","timestamp":1652123511,"volume":"1.82668211","buyTxId":"385b1e7374add73b0ecc139f8ff989e81e46503c-3","sellTxId":"1231e9aea0a4cba9f14217812ad7b110c47ed742"}
{"index": {"_index":"leo","_id":"3390184"}}
	{"id":3390184,"type":"sell","buyer":"pi-trader","seller":"deepresearch","symbol":"LEO","quantity":"300.000","price":"0.16606401","timestamp":1652125290,"volume":"49.81920300","buyTxId":"061539d657d80f6307fb78adae6eb42c20721310-1","sellTxId":"267b0bd669cc7f018db53e1c9338c46de2142e4f"}
{"index": {"_index":"leo","_id":"3390185"}}
	{"id":3390185,"type":"sell","buyer":"leomaker","seller":"deepresearch","symbol":"LEO","quantity":"18.987","price":"0.16606400","timestamp":1652125290,"volume":"3.15305717","buyTxId":"5bfae359592371e5feaca8d2907d5e4c30cabc9c","sellTxId":"267b0bd669cc7f018db53e1c9338c46de2142e4f"}
{"index": {"_index":"leo","_id":"3390186"}}
	{"id":3390186,"type":"sell","buyer":"leomaker","seller":"deepresearch","symbol":"LEO","quantity":"19.329","price":"0.16606200","timestamp":1652125290,"volume":"3.20981240","buyTxId":"938b7cc35850605c42be450ce9278722f5445237","sellTxId":"267b0bd669cc7f018db53e1c9338c46de2142e4f"}
{"index": {"_index":"leo","_id":"3390187"}}
	{"id":3390187,"type":"sell","buyer":"condeas","seller":"deepresearch","symbol":"LEO","quantity":"75.000","price":"0.16606000","timestamp":1652125290,"volume":"12.45450000","buyTxId":"30592adeed4e477ccbc9be8087cba77f5fec6119","sellTxId":"267b0bd669cc7f018db53e1c9338c46de2142e4f"}
{"index": {"_index":"leo","_id":"3390188"}}
	{"id":3390188,"type":"sell","buyer":"leomaker","seller":"deepresearch","symbol":"LEO","quantity":"19.675","price":"0.16605900","timestamp":1652125290,"volume":"3.26721083","buyTxId":"50ce19a538a9488b82b58d7ac1d67172597190f0","sellTxId":"267b0bd669cc7f018db53e1c9338c46de2142e4f"}
{"index": {"_index":"leo","_id":"3390189"}}
	{"id":3390189,"type":"sell","buyer":"leomaker","seller":"deepresearch","symbol":"LEO","quantity":"20.024","price":"0.16605700","timestamp":1652125290,"volume":"3.32512537","buyTxId":"3786ab3ae7d6c0f0f3331465055bdcbd15e90994","sellTxId":"267b0bd669cc7f018db53e1c9338c46de2142e4f"}
{"index": {"_index":"leo","_id":"3390190"}}
	{"id":3390190,"type":"sell","buyer":"leomaker","seller":"deepresearch","symbol":"LEO","quantity":"20.384","price":"0.16605500","timestamp":1652125290,"volume":"3.38486512","buyTxId":"513280c2f8f0c99b6715b3fd38f24da25645e62b","sellTxId":"267b0bd669cc7f018db53e1c9338c46de2142e4f"}
{"index": {"_index":"leo","_id":"3390191"}}
	{"id":3390191,"type":"sell","buyer":"leomaker","seller":"deepresearch","symbol":"LEO","quantity":"20.748","price":"0.16605300","timestamp":1652125290,"volume":"3.44526764","buyTxId":"fbbb57214b8c429e6362cf08608765036487ad2d","sellTxId":"267b0bd669cc7f018db53e1c9338c46de2142e4f"}
{"index": {"_index":"leo","_id":"3390192"}}
	{"id":3390192,"type":"sell","buyer":"leomaker","seller":"deepresearch","symbol":"LEO","quantity":"21.120","price":"0.16605100","timestamp":1652125290,"volume":"3.50699712","buyTxId":"03574af208c57179c6eca0319ba4abce15698ced","sellTxId":"267b0bd669cc7f018db53e1c9338c46de2142e4f"}
{"index": {"_index":"leo","_id":"3390193"}}
	{"id":3390193,"type":"sell","buyer":"leomaker","seller":"deepresearch","symbol":"LEO","quantity":"21.498","price":"0.16604900","timestamp":1652125290,"volume":"3.56972140","buyTxId":"60e0a85f12a08f81a12b9256394938bdb89ffdca","sellTxId":"267b0bd669cc7f018db53e1c9338c46de2142e4f"}
{"index": {"_index":"leo","_id":"3390194"}}
	{"id":3390194,"type":"sell","buyer":"leomaker","seller":"deepresearch","symbol":"LEO","quantity":"21.884","price":"0.16604700","timestamp":1652125290,"volume":"3.63377255","buyTxId":"0cc96cba0ec7ea76cedb005b71235861c24c6953","sellTxId":"267b0bd669cc7f018db53e1c9338c46de2142e4f"}
{"index": {"_index":"leo","_id":"3390195"}}
	{"id":3390195,"type":"sell","buyer":"leomaker","seller":"deepresearch","symbol":"LEO","quantity":"22.275","price":"0.16604500","timestamp":1652125290,"volume":"3.69865238","buyTxId":"6c31d295b9aca7ac6b61d243657f8f3616c25090","sellTxId":"267b0bd669cc7f018db53e1c9338c46de2142e4f"}
{"index": {"_index":"leo","_id":"3390196"}}
	{"id":3390196,"type":"sell","buyer":"leomaker","seller":"deepresearch","symbol":"LEO","quantity":"19.076","price":"0.16604300","timestamp":1652125290,"volume":"3.16743627","buyTxId":"4c111722c0b3ae97f1cfb17d82bb668a700f0807","sellTxId":"267b0bd669cc7f018db53e1c9338c46de2142e4f"}
{"index": {"_index":"leo","_id":"3390200"}}
	{"id":3390200,"type":"sell","buyer":"leomaker","seller":"trumpman","symbol":"LEO","quantity":"3.599","price":"0.16604300","timestamp":1652125302,"volume":"0.59758876","buyTxId":"4c111722c0b3ae97f1cfb17d82bb668a700f0807","sellTxId":"b013962de55456276ce81982866383084af514ce"}
{"index": {"_index":"leo","_id":"3390201"}}
	{"id":3390201,"type":"sell","buyer":"leomaker","seller":"trumpman","symbol":"LEO","quantity":"22.497","price":"0.16604100","timestamp":1652125302,"volume":"3.73542438","buyTxId":"720619137906bcb26d5a137c7edfa63a9bba18b2","sellTxId":"b013962de55456276ce81982866383084af514ce"}
{"index": {"_index":"leo","_id":"3390202"}}
	{"id":3390202,"type":"sell","buyer":"leomaker","seller":"trumpman","symbol":"LEO","quantity":"5.878","price":"0.16603900","timestamp":1652125302,"volume":"0.97597724","buyTxId":"f6cd4750c01a6fadb98b618c82614e39ffc5e61b","sellTxId":"b013962de55456276ce81982866383084af514ce"}
{"index": {"_index":"leo","_id":"3390203"}}
	{"id":3390203,"type":"sell","buyer":"leomaker","seller":"trumpman","symbol":"LEO","quantity":"13.248","price":"0.16603700","timestamp":1652125302,"volume":"2.19965818","buyTxId":"58befcd81547e23b1ac22b8ee190421dfcaeff48","sellTxId":"b013962de55456276ce81982866383084af514ce"}
{"index": {"_index":"leo","_id":"3390207"}}
	{"id":3390207,"type":"buy","buyer":"konvik","seller":"deepresearch","symbol":"LEO","quantity":"600.000","price":"0.16604100","timestamp":1652125365,"volume":"99.62460000","buyTxId":"bf5ae3b7a59a5dcfdb0150441f7b12508b7ca718-0","sellTxId":"7b395ecc59b77035d3f4b148a8e4c441c8047b1c"}
{"index": {"_index":"leo","_id":"3390548"}}
	{"id":3390548,"type":"sell","buyer":"leomaker","seller":"thisisawesome","symbol":"LEO","quantity":"0.001","price":"0.16603700","timestamp":1652128746,"volume":"0.00016604","buyTxId":"58befcd81547e23b1ac22b8ee190421dfcaeff48","sellTxId":"ddda72604e045d5dc70d37b31f81f1d1b6829903"}
{"index": {"_index":"leo","_id":"3390615"}}
	{"id":3390615,"type":"sell","buyer":"leomaker","seller":"toofasteddie","symbol":"LEO","quantity":"10.668","price":"0.16603700","timestamp":1652129331,"volume":"1.77128271","buyTxId":"58befcd81547e23b1ac22b8ee190421dfcaeff48","sellTxId":"ecc36f78b96143a501cb68dce42c42a7052d6093"}
{"index": {"_index":"leo","_id":"3390616"}}
	{"id":3390616,"type":"sell","buyer":"leomaker","seller":"toofasteddie","symbol":"LEO","quantity":"9.332","price":"0.16603400","timestamp":1652129331,"volume":"1.54942929","buyTxId":"734037b5c126769ca18a568ae06503cb04fb3468","sellTxId":"ecc36f78b96143a501cb68dce42c42a7052d6093"}
{"index": {"_index":"leo","_id":"3390730"}}
	{"id":3390730,"type":"sell","buyer":"leomaker","seller":"einfachnathi","symbol":"LEO","quantity":"14.416","price":"0.16603400","timestamp":1652130198,"volume":"2.39354614","buyTxId":"734037b5c126769ca18a568ae06503cb04fb3468","sellTxId":"a330055668b3e59867a02e85d622e1e8b1060a37"}
{"index": {"_index":"leo","_id":"3390731"}}
	{"id":3390731,"type":"sell","buyer":"leomaker","seller":"einfachnathi","symbol":"LEO","quantity":"5.116","price":"0.16603200","timestamp":1652130198,"volume":"0.84941971","buyTxId":"462382faa2525df87e8e98dba6aa4f2804228136","sellTxId":"a330055668b3e59867a02e85d622e1e8b1060a37"}
{"index": {"_index":"leo","_id":"3390863"}}
	{"id":3390863,"type":"sell","buyer":"barmus81","seller":"hive-189742","symbol":"LEO","quantity":"0.003","price":"0.16603303","timestamp":1652131710,"volume":"0.00049810","buyTxId":"26d07384a1ef08a52a67b38a98cae262aed1cb78","sellTxId":"b3fef239f0d1c63d996212f75ca6eb87ad8f8319"}
{"index": {"_index":"leo","_id":"3391096"}}
	{"id":3391096,"type":"buy","buyer":"jk6276","seller":"pi-trader","symbol":"LEO","quantity":"100.000","price":"0.16969955","timestamp":1652133819,"volume":"16.96995500","buyTxId":"5e57e833b7ee99d135b599b4df0c04dcbf65db23","sellTxId":"1f0b70ea68ca8c17fb119e3b709f7e2818852221-2"}
{"index": {"_index":"leo","_id":"3391097"}}
	{"id":3391097,"type":"buy","buyer":"jk6276","seller":"ricksens85","symbol":"LEO","quantity":"180.766","price":"0.16969956","timestamp":1652133819,"volume":"30.67607043","buyTxId":"5e57e833b7ee99d135b599b4df0c04dcbf65db23","sellTxId":"f297292cf97c6888f6f06a2327ff6e0a913cecac"}
{"index": {"_index":"leo","_id":"3391210"}}
	{"id":3391210,"type":"sell","buyer":"leomaker","seller":"collinz","symbol":"LEO","quantity":"18.704","price":"0.16603500","timestamp":1652134656,"volume":"3.10551864","buyTxId":"d6b14cf616dd0658bc05b629fc158ffa65de6c61","sellTxId":"591e3bcf5730c2fcc5317ebfcd3d4f1f93ca4590"}
{"index": {"_index":"leo","_id":"3391211"}}
	{"id":3391211,"type":"sell","buyer":"ammonite","seller":"collinz","symbol":"LEO","quantity":"5.460","price":"0.16603499","timestamp":1652134656,"volume":"0.90655105","buyTxId":"c8ef17d999b9b88bf5cc12f29c53d58f6dfd4439","sellTxId":"591e3bcf5730c2fcc5317ebfcd3d4f1f93ca4590"}
{"index": {"_index":"leo","_id":"3392210"}}
	{"id":3392210,"type":"sell","buyer":"leomaker","seller":"jphamer1","symbol":"LEO","quantity":"18.378","price":"0.16603700","timestamp":1652142807,"volume":"3.05142799","buyTxId":"72e39f9659f99d361748060b7accc258029627df","sellTxId":"508f99aef84945e8e3d55aee78eb60d37f671dc7"}
{"index": {"_index":"leo","_id":"3392211"}}
	{"id":3392211,"type":"sell","buyer":"ammonite","seller":"jphamer1","symbol":"LEO","quantity":"44.540","price":"0.16603499","timestamp":1652142807,"volume":"7.39519845","buyTxId":"c8ef17d999b9b88bf5cc12f29c53d58f6dfd4439","sellTxId":"508f99aef84945e8e3d55aee78eb60d37f671dc7"}
{"index": {"_index":"leo","_id":"3392212"}}
	{"id":3392212,"type":"sell","buyer":"he-index","seller":"jphamer1","symbol":"LEO","quantity":"7.011","price":"0.16603499","timestamp":1652142807,"volume":"1.16407131","buyTxId":"79b1d0e9ff4bc64a83cfb336266fb0b1dcc1a058","sellTxId":"508f99aef84945e8e3d55aee78eb60d37f671dc7"}
{"index": {"_index":"leo","_id":"3392213"}}
	{"id":3392213,"type":"sell","buyer":"he-index","seller":"jphamer1","symbol":"LEO","quantity":"1.442","price":"0.16603499","timestamp":1652142807,"volume":"0.23942246","buyTxId":"5124df304b62a10fca871673b33b9f226ac794bb","sellTxId":"508f99aef84945e8e3d55aee78eb60d37f671dc7"}
{"index": {"_index":"leo","_id":"3392312"}}
	{"id":3392312,"type":"sell","buyer":"leomaker","seller":"lichtblick","symbol":"LEO","quantity":"18.067","price":"0.16603500","timestamp":1652143548,"volume":"2.99975435","buyTxId":"37dfcb26f14fac755c2b50dbf3790d27a6213670","sellTxId":"2764832484a3beff4178c84f4acf8629a325fc8c"}
{"index": {"_index":"leo","_id":"3392313"}}
	{"id":3392313,"type":"sell","buyer":"he-index","seller":"lichtblick","symbol":"LEO","quantity":"0.606","price":"0.16603499","timestamp":1652143548,"volume":"0.10061720","buyTxId":"5124df304b62a10fca871673b33b9f226ac794bb","sellTxId":"2764832484a3beff4178c84f4acf8629a325fc8c"}
{"index": {"_index":"leo","_id":"3392314"}}
	{"id":3392314,"type":"sell","buyer":"he-index","seller":"lichtblick","symbol":"LEO","quantity":"4.764","price":"0.16603499","timestamp":1652143548,"volume":"0.79099069","buyTxId":"cd615bf071aec943a45672269ae05ce7f6cdd4a0","sellTxId":"2764832484a3beff4178c84f4acf8629a325fc8c"}
{"index": {"_index":"leo","_id":"3392315"}}
	{"id":3392315,"type":"sell","buyer":"he-index","seller":"lichtblick","symbol":"LEO","quantity":"2.951","price":"0.16603499","timestamp":1652143548,"volume":"0.48996926","buyTxId":"08f94e9440ddfe9c546ec07acb2b24f6eeadac9a","sellTxId":"2764832484a3beff4178c84f4acf8629a325fc8c"}
{"index": {"_index":"leo","_id":"3392316"}}
	{"id":3392316,"type":"sell","buyer":"he-index","seller":"lichtblick","symbol":"LEO","quantity":"1.554","price":"0.16603499","timestamp":1652143548,"volume":"0.25801837","buyTxId":"df3681891b227567e8d0301b6f1cf48d3bf9d2b6","sellTxId":"2764832484a3beff4178c84f4acf8629a325fc8c"}
{"index": {"_index":"leo","_id":"3392317"}}
	{"id":3392317,"type":"sell","buyer":"he-index","seller":"lichtblick","symbol":"LEO","quantity":"7.818","price":"0.16603499","timestamp":1652143548,"volume":"1.29806155","buyTxId":"004759c812a3e18e7bec2071907a0d2db5bfbf7d","sellTxId":"2764832484a3beff4178c84f4acf8629a325fc8c"}
{"index": {"_index":"leo","_id":"3392318"}}
	{"id":3392318,"type":"sell","buyer":"he-index","seller":"lichtblick","symbol":"LEO","quantity":"3.132","price":"0.16603499","timestamp":1652143548,"volume":"0.52002159","buyTxId":"866d87f7f6da4d0432a3a8e1162e72b6a9ed28a5","sellTxId":"2764832484a3beff4178c84f4acf8629a325fc8c"}
{"index": {"_index":"leo","_id":"3392319"}}
	{"id":3392319,"type":"sell","buyer":"he-index","seller":"lichtblick","symbol":"LEO","quantity":"19.538","price":"0.16603499","timestamp":1652143548,"volume":"3.24399163","buyTxId":"a309a0beb7a97ab1dad171487e38e21c257b316b","sellTxId":"2764832484a3beff4178c84f4acf8629a325fc8c"}
{"index": {"_index":"leo","_id":"3392320"}}
	{"id":3392320,"type":"buy","buyer":"konvik","seller":"lichtblick","symbol":"LEO","quantity":"49.554","price":"0.16603411","timestamp":1652143551,"volume":"8.22765429","buyTxId":"146e18b68e9605c518413f01e5ed997448e40faa-34","sellTxId":"2764832484a3beff4178c84f4acf8629a325fc8c"}
{"index": {"_index":"leo","_id":"3392367"}}
	{"id":3392367,"type":"buy","buyer":"dswap","seller":"pi-trader","symbol":"LEO","quantity":"14.868","price":"0.16968559","timestamp":1652144100,"volume":"2.52300000","buyTxId":"51efcdfb770ba508ff20b62dfe2965a2b9b3dfe3","sellTxId":"62ea2bbc6bde887320cb3e9552ce6c90499512a6-8"}
{"index": {"_index":"leo","_id":"3392408"}}
	{"id":3392408,"type":"sell","buyer":"solovey6o2","seller":"felixgarciap","symbol":"LEO","quantity":"1.339","price":"0.16603307","timestamp":1652144730,"volume":"0.22231828","buyTxId":"0addc29f6559b8dbc2601880deac94cb480c735f","sellTxId":"216a6184bd705d932a2886791ff530bc7311549c"}
{"index": {"_index":"leo","_id":"3392615"}}
	{"id":3392615,"type":"sell","buyer":"leomaker","seller":"diegoloco","symbol":"LEO","quantity":"3.131","price":"0.16603500","timestamp":1652146830,"volume":"0.51985559","buyTxId":"dac2ab2520b25091106e138543d96c3405b41b4d","sellTxId":"153312a7d34c02c73b1dc10026b8fc5c93abf098"}
{"index": {"_index":"leo","_id":"3392677"}}
	{"id":3392677,"type":"sell","buyer":"leomaker","seller":"hooiyewlim","symbol":"LEO","quantity":"14.619","price":"0.16603500","timestamp":1652147394,"volume":"2.42726566","buyTxId":"dac2ab2520b25091106e138543d96c3405b41b4d","sellTxId":"3892fa283efe3f0a0735cb09ac6ab590193cef47"}
{"index": {"_index":"leo","_id":"3392698"}}
	{"id":3392698,"type":"sell","buyer":"solovey6o2","seller":"soyuntito","symbol":"LEO","quantity":"6.088","price":"0.16603307","timestamp":1652147673,"volume":"1.01080933","buyTxId":"0addc29f6559b8dbc2601880deac94cb480c735f","sellTxId":"e328e70c0a48a1b7e9b5440881f35887d3aff82e"}
{"index": {"_index":"leo","_id":"3392716"}}
	{"id":3392716,"type":"buy","buyer":"leomaker","seller":"hooiyewlim","symbol":"LEO","quantity":"0.099","price":"0.16603500","timestamp":1652147982,"volume":"0.01643747","buyTxId":"3e2741c9d8f6508cedfe6a36d8eb7b25ad86553e","sellTxId":"3892fa283efe3f0a0735cb09ac6ab590193cef47"}
{"index": {"_index":"leo","_id":"3392851"}}
	{"id":3392851,"type":"buy","buyer":"ugochill","seller":"pi-trader","symbol":"LEO","quantity":"0.978","price":"0.16968099","timestamp":1652148987,"volume":"0.16594801","buyTxId":"1d7cdfa5a64a44fe50d3e83af5596c6298abb402","sellTxId":"1f84a4e1b3e977d5bb2d2123cb8ac66e907b65bd-5"}
{"index": {"_index":"leo","_id":"3392922"}}
	{"id":3392922,"type":"sell","buyer":"leomaker","seller":"steem82868","symbol":"LEO","quantity":"0.937","price":"0.16603500","timestamp":1652149893,"volume":"0.15557480","buyTxId":"3e2741c9d8f6508cedfe6a36d8eb7b25ad86553e","sellTxId":"01df83803b02c9fbd4ac1d6d8e713e9a5268d81d"}
{"index": {"_index":"leo","_id":"3392974"}}
	{"id":3392974,"type":"sell","buyer":"leomaker","seller":"phoenixonhive","symbol":"LEO","quantity":"16.404","price":"0.16603500","timestamp":1652151189,"volume":"2.72363814","buyTxId":"3e2741c9d8f6508cedfe6a36d8eb7b25ad86553e","sellTxId":"97d599397427cf53ac85fce3557c6f11b84c0279"}
{"index": {"_index":"leo","_id":"3392975"}}
	{"id":3392975,"type":"sell","buyer":"twicejoy","seller":"phoenixonhive","symbol":"LEO","quantity":"30.000","price":"0.16603303","timestamp":1652151189,"volume":"4.98099090","buyTxId":"9c1d3c110fbc9b9de4518da257c294ae9a070671","sellTxId":"97d599397427cf53ac85fce3557c6f11b84c0279"}
{"index": {"_index":"leo","_id":"3392976"}}
	{"id":3392976,"type":"sell","buyer":"didyourmom","seller":"phoenixonhive","symbol":"LEO","quantity":"157.565","price":"0.16603299","timestamp":1652151189,"volume":"26.16098807","buyTxId":"4487a3b632c9260a736176a7cf6407372615e329","sellTxId":"97d599397427cf53ac85fce3557c6f11b84c0279"}
