{"index": {"_index":"leo","_id":"3216286"}}
	{"id":3216286,"type":"sell","buyer":"pi-trader","seller":"doitvoluntarily","symbol":"LEO","quantity":"9.063","price":"0.17702201","timestamp":1650164178,"volume":"1.60435048","buyTxId":"6087161dfcd8f69fa290af087327ea3aafd037a9-2","sellTxId":"46ea5778b30606a54848926e810568307a0682d2"}
{"index": {"_index":"leo","_id":"3216295"}}
	{"id":3216295,"type":"sell","buyer":"pi-trader","seller":"steem82868","symbol":"LEO","quantity":"4.176","price":"0.17702201","timestamp":1650164394,"volume":"0.73924391","buyTxId":"5ea5e51e111cee7f16e26a27e275736d6339a922-2","sellTxId":"dcb999dc8a91eff0ebb53f12b8fcdf01740ef740"}
{"index": {"_index":"leo","_id":"3216316"}}
	{"id":3216316,"type":"sell","buyer":"pi-trader","seller":"phoenixonhive","symbol":"LEO","quantity":"240.858","price":"0.17702201","timestamp":1650164730,"volume":"42.63716728","buyTxId":"bf80331e4672896f9356aac3e320971145d6155f-2","sellTxId":"08b6f6922a55d1e2f338d892d44b19ba8bfd4761"}
{"index": {"_index":"leo","_id":"3216453"}}
	{"id":3216453,"type":"sell","buyer":"pi-trader","seller":"lichtblick","symbol":"LEO","quantity":"126.944","price":"0.17702201","timestamp":1650166740,"volume":"22.47188204","buyTxId":"b2543e4bdb5f9f228202f20ada8738d5682b359c-2","sellTxId":"a1e48481c562d39a41bc559b0125d21941875026"}
{"index": {"_index":"leo","_id":"3216486"}}
	{"id":3216486,"type":"sell","buyer":"pi-trader","seller":"jphamer1","symbol":"LEO","quantity":"59.140","price":"0.17702201","timestamp":1650167430,"volume":"10.46908167","buyTxId":"6c85cf395d2546ef361799806009680a6ada1a46-2","sellTxId":"b9a670c1ad86a69248703814ff20c1252541674c"}
{"index": {"_index":"leo","_id":"3216536"}}
	{"id":3216536,"type":"sell","buyer":"pi-trader","seller":"microbot","symbol":"LEO","quantity":"0.232","price":"0.17702201","timestamp":1650168213,"volume":"0.04106911","buyTxId":"1122bb78409747c67ef61e72bdc066705c0b4a49-4","sellTxId":"f43f6e84d921fdaf542c7df9204b89c40f68ba2f"}
{"index": {"_index":"leo","_id":"3216544"}}
	{"id":3216544,"type":"sell","buyer":"pi-trader","seller":"grand.strategy","symbol":"LEO","quantity":"0.232","price":"0.17702201","timestamp":1650168282,"volume":"0.04106911","buyTxId":"8b8bde9914021bfa43c99be28b4e9261fb786317-2","sellTxId":"4c24d7aae61e19abffd09658c9f79f5d4b07c4eb"}
{"index": {"_index":"leo","_id":"3216634"}}
	{"id":3216634,"type":"sell","buyer":"pi-trader","seller":"lionsuit","symbol":"LEO","quantity":"0.127","price":"0.17702201","timestamp":1650170610,"volume":"0.02248180","buyTxId":"ed5b6d89b253a1dad0e769ed1256232ea8e98759-2","sellTxId":"86de7b0e299aaa7ded5c3177325c8532b062735a"}
{"index": {"_index":"leo","_id":"3216642"}}
	{"id":3216642,"type":"sell","buyer":"pi-trader","seller":"zdigital222","symbol":"LEO","quantity":"4","price":"0.17702201","timestamp":1650170766,"volume":"0.70808804","buyTxId":"73244dce9a568866941261b5202b458676823844-3","sellTxId":"1e547ff3740563d4cb2f564530feaa5d85389070"}
{"index": {"_index":"leo","_id":"3216745"}}
	{"id":3216745,"type":"sell","buyer":"pi-trader","seller":"fun2learn","symbol":"LEO","quantity":"1.532","price":"0.17702201","timestamp":1650172896,"volume":"0.27119772","buyTxId":"2d0670a64fed7f59be8e143236fdc8e5f0f4532c-4","sellTxId":"497d90c2c50e802334c675b50efeaa4381bf858b"}
{"index": {"_index":"leo","_id":"3216807"}}
	{"id":3216807,"type":"sell","buyer":"pi-trader","seller":"kendewitt","symbol":"LEO","quantity":"2.487","price":"0.17702201","timestamp":1650174111,"volume":"0.44025374","buyTxId":"fcfded49526c1c23b6103996d1e785f6665329ee-2","sellTxId":"ebb2a5de77b6d5b75ecf6b94a81b7bd9439722b9"}
{"index": {"_index":"leo","_id":"3216890"}}
	{"id":3216890,"type":"buy","buyer":"cassillas5553","seller":"mushanov","symbol":"LEO","quantity":"2.193","price":"0.18000000","timestamp":1650175713,"volume":"0.3948","buyTxId":"0ec4921c50201470a8dfcee82dd5741be6ce5baa","sellTxId":"504fd9315bfc4d8554afa9743050ac8a7a6d4700"}
{"index": {"_index":"leo","_id":"3217039"}}
	{"id":3217039,"type":"sell","buyer":"pi-trader","seller":"mein-senf-dazu","symbol":"LEO","quantity":"1.508","price":"0.17702201","timestamp":1650177906,"volume":"0.26694919","buyTxId":"6787edcdbeaef2817138a9aa34279033460d78cc-2","sellTxId":"e97475fa82ccca506964fa8c394e0a5fab3633f3"}
{"index": {"_index":"leo","_id":"3217097"}}
	{"id":3217097,"type":"sell","buyer":"pi-trader","seller":"chronocrypto","symbol":"LEO","quantity":"72.416","price":"0.17702201","timestamp":1650178416,"volume":"12.81922588","buyTxId":"2a92ffdfe4aeb04f8b052baa06ab1beb24c1c2a4-4","sellTxId":"bed89109d6d8d6f91d412b5ec49c7f70aece36a1"}
{"index": {"_index":"leo","_id":"3217161"}}
	{"id":3217161,"type":"sell","buyer":"pi-trader","seller":"thatcryptodave","symbol":"LEO","quantity":"5.000","price":"0.17702201","timestamp":1650179241,"volume":"0.88511005","buyTxId":"231379798b1f857fc0c97f94e28f4595e0b39203-4","sellTxId":"1987374e1c360a9c947e308d57087365051606ec"}
{"index": {"_index":"leo","_id":"3217176"}}
	{"id":3217176,"type":"sell","buyer":"pi-trader","seller":"holbein81","symbol":"LEO","quantity":"300.000","price":"0.17702201","timestamp":1650179601,"volume":"53.10660300","buyTxId":"40e84c36a35bc67ee531568305ab43bed6cf7655-2","sellTxId":"87e04b63aae46c1a047e325c216046efe860e2f7"}
{"index": {"_index":"leo","_id":"3217177"}}
	{"id":3217177,"type":"sell","buyer":"leomaker","seller":"holbein81","symbol":"LEO","quantity":"29.192","price":"0.17702200","timestamp":1650179601,"volume":"5.16762622","buyTxId":"11d2db7fd0892f2746fc89fa82217baa71636f6b","sellTxId":"87e04b63aae46c1a047e325c216046efe860e2f7"}
{"index": {"_index":"leo","_id":"3217253"}}
	{"id":3217253,"type":"sell","buyer":"pi-trader","seller":"entraide.rewards","symbol":"LEO","quantity":"0.006","price":"0.17702201","timestamp":1650180633,"volume":"0.00106213","buyTxId":"292fa53c4ce34cd4886b9b58a6431c7e53eada33-1","sellTxId":"7ab5e623a7ce4390e20345e3e1842efc581026d2"}
{"index": {"_index":"leo","_id":"3217295"}}
	{"id":3217295,"type":"sell","buyer":"pi-trader","seller":"miketr","symbol":"LEO","quantity":"0.812","price":"0.17702201","timestamp":1650181092,"volume":"0.14374187","buyTxId":"539eacacd08c433ab89ea5f87c3ccfd52c3a51e5-1","sellTxId":"2833a037615e983c4f14543fcc93fe2b8c313ff6"}
{"index": {"_index":"leo","_id":"3217315"}}
	{"id":3217315,"type":"sell","buyer":"pi-trader","seller":"berthold","symbol":"LEO","quantity":"0.580","price":"0.17702201","timestamp":1650181539,"volume":"0.10267277","buyTxId":"5a8244c041d6b264b2f5cc2adc1d72aa74038d08-2","sellTxId":"55b452c60cb6aaaa698517244bdd31cac76ab543"}
{"index": {"_index":"leo","_id":"3217336"}}
	{"id":3217336,"type":"sell","buyer":"pi-trader","seller":"der-prophet","symbol":"LEO","quantity":"1.474","price":"0.17702201","timestamp":1650181713,"volume":"0.26093044","buyTxId":"c6d358d5862642bb6490aa255515b30050e7bec9-2","sellTxId":"0be2db6f0874dd60492a745c217f47861149758e"}
{"index": {"_index":"leo","_id":"3217351"}}
	{"id":3217351,"type":"sell","buyer":"pi-trader","seller":"investyourvote","symbol":"LEO","quantity":"0.511","price":"0.17702201","timestamp":1650181935,"volume":"0.09045825","buyTxId":"047c300fd90a2e623795d7d927970274079a5d9d-2","sellTxId":"04abd43295a448ce5e22c8c61d3306fe108d2193"}
{"index": {"_index":"leo","_id":"3217361"}}
	{"id":3217361,"type":"sell","buyer":"pi-trader","seller":"leontr","symbol":"LEO","quantity":"0.453","price":"0.17702201","timestamp":1650182127,"volume":"0.08019097","buyTxId":"3d9e2bea17a5cb23ba1033447feeffab4776dcc8-2","sellTxId":"89043bd372fe6db49badb29fab9c899700d7be20"}
{"index": {"_index":"leo","_id":"3217414"}}
	{"id":3217414,"type":"sell","buyer":"pi-trader","seller":"dswap","symbol":"LEO","quantity":"0.004","price":"0.17702201","timestamp":1650182601,"volume":"0.00070809","buyTxId":"50c4af6e52ad88a7cae603fe435842204b4c93d1-2","sellTxId":"4610c3874752b5a5748284b24b5a829c18409b88"}
{"index": {"_index":"leo","_id":"3217425"}}
	{"id":3217425,"type":"sell","buyer":"pi-trader","seller":"leontr","symbol":"LEO","quantity":"1.000","price":"0.17702201","timestamp":1650182739,"volume":"0.17702201","buyTxId":"d65efe8e9e6e64c484540c2db25211f099b9d68e-1","sellTxId":"1faf26ccccfce168f0e6d6566568efe3196890ef"}
{"index": {"_index":"leo","_id":"3217791"}}
	{"id":3217791,"type":"sell","buyer":"pi-trader","seller":"fedesox","symbol":"LEO","quantity":"300.000","price":"0.17702201","timestamp":1650188355,"volume":"53.10660300","buyTxId":"befe0bf5c228a586fea7be060602e506e38a9696-2","sellTxId":"2b025be935f4ea78c9a9d61d40ea5b5bcb8a1322"}
{"index": {"_index":"leo","_id":"3217792"}}
	{"id":3217792,"type":"sell","buyer":"leomaker","seller":"fedesox","symbol":"LEO","quantity":"64.684","price":"0.17702200","timestamp":1650188355,"volume":"11.45049105","buyTxId":"11d2db7fd0892f2746fc89fa82217baa71636f6b","sellTxId":"2b025be935f4ea78c9a9d61d40ea5b5bcb8a1322"}
{"index": {"_index":"leo","_id":"3217793"}}
	{"id":3217793,"type":"sell","buyer":"leomaker","seller":"fedesox","symbol":"LEO","quantity":"96.959","price":"0.17702000","timestamp":1650188355,"volume":"17.16368218","buyTxId":"28d17ca248b97029db4d0dd818c06ff3783c5c88","sellTxId":"2b025be935f4ea78c9a9d61d40ea5b5bcb8a1322"}
{"index": {"_index":"leo","_id":"3217794"}}
	{"id":3217794,"type":"sell","buyer":"leomaker","seller":"fedesox","symbol":"LEO","quantity":"100.152","price":"0.17701800","timestamp":1650188355,"volume":"17.72870674","buyTxId":"1ab2bf401bc73e1369c6505727965e6ab2928195","sellTxId":"2b025be935f4ea78c9a9d61d40ea5b5bcb8a1322"}
{"index": {"_index":"leo","_id":"3217795"}}
	{"id":3217795,"type":"sell","buyer":"leomaker","seller":"fedesox","symbol":"LEO","quantity":"17.816","price":"0.17701600","timestamp":1650188355,"volume":"3.15371706","buyTxId":"2d8644c93577a4840caedd0fa08f3bc8641264ac","sellTxId":"2b025be935f4ea78c9a9d61d40ea5b5bcb8a1322"}
{"index": {"_index":"leo","_id":"3217840"}}
	{"id":3217840,"type":"buy","buyer":"cassillas5553","seller":"mushanov","symbol":"LEO","quantity":"3.630","price":"0.18000000","timestamp":1650188763,"volume":"0.65340000","buyTxId":"00714abc6ab516c188ebdec356adc509507da5cc","sellTxId":"504fd9315bfc4d8554afa9743050ac8a7a6d4700"}
{"index": {"_index":"leo","_id":"3217841"}}
	{"id":3217841,"type":"buy","buyer":"cassillas5553","seller":"master-lamps","symbol":"LEO","quantity":"4.744","price":"0.18499050","timestamp":1650188763,"volume":"0.87766000","buyTxId":"00714abc6ab516c188ebdec356adc509507da5cc","sellTxId":"2a2f37c54dbd83f923184b9d5882a4b089282c80"}
{"index": {"_index":"leo","_id":"3218077"}}
	{"id":3218077,"type":"buy","buyer":"barski","seller":"pi-trader","symbol":"LEO","quantity":"0.199","price":"0.18498599","timestamp":1650191901,"volume":"0.03681221","buyTxId":"2693b28dc67831470b7b7a261f7cb17af8a931a5","sellTxId":"dcfaf66ec1e6c804e7687f245635f2aba16dacf6-5"}
{"index": {"_index":"leo","_id":"3218082"}}
	{"id":3218082,"type":"buy","buyer":"barski","seller":"russia-btc","symbol":"LEO","quantity":"5.382","price":"0.18300000","timestamp":1650191988,"volume":"0.98490600","buyTxId":"b10f4ec8dba1c4c9ed3840a7d6c84bf2ed4fd2d7","sellTxId":"825e2e273208ef41cb2089318140fa89c428b3ff"}
{"index": {"_index":"leo","_id":"3218324"}}
	{"id":3218324,"type":"buy","buyer":"barski","seller":"pi-trader","symbol":"LEO","quantity":"0.349","price":"0.18199899","timestamp":1650196446,"volume":"0.06351765","buyTxId":"05be37a08ef3a5cdcd2b9a258d708f18c16c7716","sellTxId":"02f32940c0cfb077dc5df63fa721b8326486ef11-5"}
{"index": {"_index":"leo","_id":"3218386"}}
	{"id":3218386,"type":"sell","buyer":"pi-trader","seller":"brofi-market","symbol":"LEO","quantity":"7.831","price":"0.17702201","timestamp":1650197838,"volume":"1.38625936","buyTxId":"81087f4f9b69d9d8420f9261c22c417723e35825-3","sellTxId":"fb91ad7b0b7a415d2e8fc4dc1b5abfd72166f840"}
{"index": {"_index":"leo","_id":"3218485"}}
	{"id":3218485,"type":"sell","buyer":"pi-trader","seller":"mrtats","symbol":"LEO","quantity":"37.248","price":"0.17702202","timestamp":1650198933,"volume":"6.59371620","buyTxId":"8b8410833dbdee843846fb81a698e1750d420c9a-3","sellTxId":"cee5cae4f721d51d58b25807181354a4a4ec81da"}
{"index": {"_index":"leo","_id":"3218554"}}
	{"id":3218554,"type":"sell","buyer":"pi-trader","seller":"dhedge-drips","symbol":"LEO","quantity":"0.839","price":"0.17702202","timestamp":1650199578,"volume":"0.14852147","buyTxId":"722537ccc5949d7c35b8c81822b287cd49b8f861-4","sellTxId":"b1162a6a70eebc1f64044946b2480126b8f53014"}
{"index": {"_index":"leo","_id":"3218677"}}
	{"id":3218677,"type":"buy","buyer":"aschatria","seller":"pi-trader","symbol":"LEO","quantity":"2.184","price":"0.18199499","timestamp":1650200529,"volume":"0.39747706","buyTxId":"bde8d81e29f694c59a31848093d265ca032d9d8d","sellTxId":"c555f4e7cbb4e9a3ef7be5a3c5f17b40600fd43c-1"}
{"index": {"_index":"leo","_id":"3218742"}}
	{"id":3218742,"type":"buy","buyer":"is200","seller":"pi-trader","symbol":"LEO","quantity":"0.002","price":"0.18199499","timestamp":1650201189,"volume":"0.00036399","buyTxId":"e904dd9640e3c438fcbca3187913f1f5d5dc636f","sellTxId":"3e5a498cb4c869c098bd3cc8daf3c29a768f70de-8"}
{"index": {"_index":"leo","_id":"3218791"}}
	{"id":3218791,"type":"sell","buyer":"pi-trader","seller":"token-thx","symbol":"LEO","quantity":"1.982","price":"0.17702601","timestamp":1650201432,"volume":"0.35086555","buyTxId":"3e5a498cb4c869c098bd3cc8daf3c29a768f70de-2","sellTxId":"0875c66fbeb659c8384957c92b668d53ff2bfd8c"}
{"index": {"_index":"leo","_id":"3218807"}}
	{"id":3218807,"type":"buy","buyer":"whatsup","seller":"pi-trader","symbol":"LEO","quantity":"7.000","price":"0.18199399","timestamp":1650201573,"volume":"1.27395793","buyTxId":"d22ed13dbc10e0a4f3b6f69bffbe741eaac8e1a0","sellTxId":"2790d2fa7460f9ae3e38800c0690fc04e640cfd4-6"}
{"index": {"_index":"leo","_id":"3219003"}}
	{"id":3219003,"type":"buy","buyer":"konvik","seller":"leomaker","symbol":"LEO","quantity":"42.801","price":"0.18199200","timestamp":1650203784,"volume":"7.78943959","buyTxId":"f5ea68c094a9003a0ef51e9b487a9ecf3a1d9192-0","sellTxId":"97406fe858d024533b2f76add6cd7222a764e284"}
{"index": {"_index":"leo","_id":"3219004"}}
	{"id":3219004,"type":"buy","buyer":"konvik","seller":"pi-trader","symbol":"LEO","quantity":"100.000","price":"0.18199299","timestamp":1650203784,"volume":"18.19929900","buyTxId":"f5ea68c094a9003a0ef51e9b487a9ecf3a1d9192-0","sellTxId":"a0d0b3989c220ed924583913f2a3e94bdca59347-3"}
{"index": {"_index":"leo","_id":"3219005"}}
	{"id":3219005,"type":"buy","buyer":"konvik","seller":"leomaker","symbol":"LEO","quantity":"43.307","price":"0.18199300","timestamp":1650203784,"volume":"7.88157085","buyTxId":"f5ea68c094a9003a0ef51e9b487a9ecf3a1d9192-0","sellTxId":"f05338b55ef3d2a94918113afdd416c58af874a0"}
{"index": {"_index":"leo","_id":"3219006"}}
	{"id":3219006,"type":"buy","buyer":"konvik","seller":"leomaker","symbol":"LEO","quantity":"43.817","price":"0.18199400","timestamp":1650203784,"volume":"7.97443110","buyTxId":"f5ea68c094a9003a0ef51e9b487a9ecf3a1d9192-0","sellTxId":"831025e141aa7447dc42c4934150f80402cb2ace"}
{"index": {"_index":"leo","_id":"3219007"}}
	{"id":3219007,"type":"buy","buyer":"konvik","seller":"leomaker","symbol":"LEO","quantity":"44.322","price":"0.18199500","timestamp":1650203784,"volume":"8.06638239","buyTxId":"f5ea68c094a9003a0ef51e9b487a9ecf3a1d9192-0","sellTxId":"c1aeacaad7344e192c22a3ad37ba9734f72d8579"}
{"index": {"_index":"leo","_id":"3219008"}}
	{"id":3219008,"type":"buy","buyer":"konvik","seller":"dhedge-drips","symbol":"LEO","quantity":"0.839","price":"0.18199599","timestamp":1650203784,"volume":"0.15269464","buyTxId":"f5ea68c094a9003a0ef51e9b487a9ecf3a1d9192-0","sellTxId":"e20785a4c339fbc0ac8014e633a61f03b524be8d"}
{"index": {"_index":"leo","_id":"3219009"}}
	{"id":3219009,"type":"buy","buyer":"konvik","seller":"leomaker","symbol":"LEO","quantity":"44.845","price":"0.18199600","timestamp":1650203784,"volume":"8.16161062","buyTxId":"f5ea68c094a9003a0ef51e9b487a9ecf3a1d9192-0","sellTxId":"a2022e51c7b25e765c7a2fc94f05abf7f6677d44"}
{"index": {"_index":"leo","_id":"3219010"}}
	{"id":3219010,"type":"buy","buyer":"konvik","seller":"leomaker","symbol":"LEO","quantity":"45.371","price":"0.18199700","timestamp":1650203784,"volume":"8.25738589","buyTxId":"f5ea68c094a9003a0ef51e9b487a9ecf3a1d9192-0","sellTxId":"4a4bc08fc339862116fe9ab574a520d1564cb1cd"}
{"index": {"_index":"leo","_id":"3219011"}}
	{"id":3219011,"type":"buy","buyer":"konvik","seller":"droida","symbol":"LEO","quantity":"0.247","price":"0.18199798","timestamp":1650203784,"volume":"0.04495350","buyTxId":"f5ea68c094a9003a0ef51e9b487a9ecf3a1d9192-0","sellTxId":"116bc55697bdacf464bfd8f6c5ca1e3ca36d274a"}
{"index": {"_index":"leo","_id":"3219012"}}
	{"id":3219012,"type":"buy","buyer":"konvik","seller":"brofi-market","symbol":"LEO","quantity":"7.831","price":"0.18199798","timestamp":1650203784,"volume":"1.42522618","buyTxId":"f5ea68c094a9003a0ef51e9b487a9ecf3a1d9192-0","sellTxId":"ee13405bdd997d5b21b0790a5395d8f0f089bda8"}
{"index": {"_index":"leo","_id":"3219013"}}
	{"id":3219013,"type":"buy","buyer":"konvik","seller":"leomaker","symbol":"LEO","quantity":"45.901","price":"0.18199800","timestamp":1650203784,"volume":"8.35389020","buyTxId":"f5ea68c094a9003a0ef51e9b487a9ecf3a1d9192-0","sellTxId":"2be042893b5cc21c9fe2862091ea563d93847af3"}
{"index": {"_index":"leo","_id":"3219014"}}
	{"id":3219014,"type":"buy","buyer":"konvik","seller":"leomaker","symbol":"LEO","quantity":"46.433","price":"0.18199900","timestamp":1650203784,"volume":"8.45075957","buyTxId":"f5ea68c094a9003a0ef51e9b487a9ecf3a1d9192-0","sellTxId":"046b6bcdbdc929cc863888258ec001829566a84a"}
{"index": {"_index":"leo","_id":"3219015"}}
	{"id":3219015,"type":"buy","buyer":"konvik","seller":"russia-btc","symbol":"LEO","quantity":"42.850","price":"0.18200000","timestamp":1650203784,"volume":"7.79870000","buyTxId":"f5ea68c094a9003a0ef51e9b487a9ecf3a1d9192-0","sellTxId":"38892fb8f289ca887722b854ecee38fa093cc111"}
{"index": {"_index":"leo","_id":"3219016"}}
	{"id":3219016,"type":"buy","buyer":"konvik","seller":"leomaker","symbol":"LEO","quantity":"46.968","price":"0.18299700","timestamp":1650203784,"volume":"8.59500310","buyTxId":"f5ea68c094a9003a0ef51e9b487a9ecf3a1d9192-0","sellTxId":"103431b43cf547c094a81c42c6fdd535fa6b255f"}
{"index": {"_index":"leo","_id":"3219017"}}
	{"id":3219017,"type":"buy","buyer":"konvik","seller":"leomaker","symbol":"LEO","quantity":"47.506","price":"0.18299800","timestamp":1650203784,"volume":"8.69350299","buyTxId":"f5ea68c094a9003a0ef51e9b487a9ecf3a1d9192-0","sellTxId":"2133b065c0249fcbf334701bcaf121f4b5e15df9"}
{"index": {"_index":"leo","_id":"3219018"}}
	{"id":3219018,"type":"buy","buyer":"konvik","seller":"leomaker","symbol":"LEO","quantity":"48.048","price":"0.18299900","timestamp":1650203784,"volume":"8.79273595","buyTxId":"f5ea68c094a9003a0ef51e9b487a9ecf3a1d9192-0","sellTxId":"33ec90b7bd7ddb65abe3b2f39892bb61531f2a41"}
{"index": {"_index":"leo","_id":"3219019"}}
	{"id":3219019,"type":"buy","buyer":"konvik","seller":"russia-btc","symbol":"LEO","quantity":"38.839","price":"0.18300000","timestamp":1650203784,"volume":"7.10753700","buyTxId":"f5ea68c094a9003a0ef51e9b487a9ecf3a1d9192-0","sellTxId":"825e2e273208ef41cb2089318140fa89c428b3ff"}
{"index": {"_index":"leo","_id":"3219020"}}
	{"id":3219020,"type":"buy","buyer":"konvik","seller":"leomaker","symbol":"LEO","quantity":"48.590","price":"0.18498600","timestamp":1650203784,"volume":"8.98846974","buyTxId":"f5ea68c094a9003a0ef51e9b487a9ecf3a1d9192-0","sellTxId":"9f31663ecd4a8c0c2da9920a0d4c590730f6c904"}
{"index": {"_index":"leo","_id":"3219021"}}
	{"id":3219021,"type":"buy","buyer":"konvik","seller":"leomaker","symbol":"LEO","quantity":"49.137","price":"0.18498700","timestamp":1650203784,"volume":"9.08970622","buyTxId":"f5ea68c094a9003a0ef51e9b487a9ecf3a1d9192-0","sellTxId":"20f15e8dc78129470c6c26a8f7e0bd8def2137b6"}
{"index": {"_index":"leo","_id":"3219022"}}
	{"id":3219022,"type":"buy","buyer":"konvik","seller":"leomaker","symbol":"LEO","quantity":"49.676","price":"0.18498800","timestamp":1650203784,"volume":"9.18946389","buyTxId":"f5ea68c094a9003a0ef51e9b487a9ecf3a1d9192-0","sellTxId":"76c5358d15435c08e42f2e89a15e7716a6af13ab"}
{"index": {"_index":"leo","_id":"3219023"}}
	{"id":3219023,"type":"buy","buyer":"konvik","seller":"leomaker","symbol":"LEO","quantity":"50.218","price":"0.18498900","timestamp":1650203784,"volume":"9.28977760","buyTxId":"f5ea68c094a9003a0ef51e9b487a9ecf3a1d9192-0","sellTxId":"3d93ef34b4a69cf616055299a0542bbc6839d40c"}
{"index": {"_index":"leo","_id":"3219024"}}
	{"id":3219024,"type":"buy","buyer":"konvik","seller":"leomaker","symbol":"LEO","quantity":"50.762","price":"0.18499000","timestamp":1650203784,"volume":"9.39046238","buyTxId":"f5ea68c094a9003a0ef51e9b487a9ecf3a1d9192-0","sellTxId":"991a8387c0b7309f0f29dfe06f4f31a294f06e5e"}
{"index": {"_index":"leo","_id":"3219025"}}
	{"id":3219025,"type":"buy","buyer":"konvik","seller":"master-lamps","symbol":"LEO","quantity":"0.182","price":"0.18499050","timestamp":1650203784,"volume":"0.03366827","buyTxId":"f5ea68c094a9003a0ef51e9b487a9ecf3a1d9192-0","sellTxId":"2a2f37c54dbd83f923184b9d5882a4b089282c80"}
{"index": {"_index":"leo","_id":"3219026"}}
	{"id":3219026,"type":"buy","buyer":"konvik","seller":"leomaker","symbol":"LEO","quantity":"41.810","price":"0.18499100","timestamp":1650203784,"volume":"7.73447371","buyTxId":"f5ea68c094a9003a0ef51e9b487a9ecf3a1d9192-0","sellTxId":"d38140fe8bc99a5f0a22f0b4d6a154d2453f129e"}
{"index": {"_index":"leo","_id":"3219027"}}
	{"id":3219027,"type":"buy","buyer":"konvik","seller":"cryptofiloz","symbol":"LEO","quantity":"95.899","price":"0.18499100","timestamp":1650203784,"volume":"17.74045191","buyTxId":"f5ea68c094a9003a0ef51e9b487a9ecf3a1d9192-0","sellTxId":"8795c0f3f0f9a974288193ea598285eded40195d"}
{"index": {"_index":"leo","_id":"3219028"}}
	{"id":3219028,"type":"buy","buyer":"konvik","seller":"leomaker","symbol":"LEO","quantity":"42.113","price":"0.18499200","timestamp":1650203784,"volume":"7.79056810","buyTxId":"f5ea68c094a9003a0ef51e9b487a9ecf3a1d9192-0","sellTxId":"fb83435ce1d2684493e39b0c79633be3946d13d1"}
{"index": {"_index":"leo","_id":"3219029"}}
	{"id":3219029,"type":"buy","buyer":"konvik","seller":"leomaker","symbol":"LEO","quantity":"42.411","price":"0.18499300","timestamp":1650203784,"volume":"7.84573812","buyTxId":"f5ea68c094a9003a0ef51e9b487a9ecf3a1d9192-0","sellTxId":"8eb446ba0dfd2ecea9b47de55156faa31d1c39b4"}
{"index": {"_index":"leo","_id":"3219030"}}
	{"id":3219030,"type":"buy","buyer":"konvik","seller":"leomaker","symbol":"LEO","quantity":"42.707","price":"0.18499400","timestamp":1650203784,"volume":"7.90053876","buyTxId":"f5ea68c094a9003a0ef51e9b487a9ecf3a1d9192-0","sellTxId":"6fdfe67ca30a29164e7c6ce36004008a86fd29ef"}
{"index": {"_index":"leo","_id":"3219031"}}
	{"id":3219031,"type":"buy","buyer":"konvik","seller":"leomaker","symbol":"LEO","quantity":"42.994","price":"0.18499500","timestamp":1650203784,"volume":"7.95367503","buyTxId":"f5ea68c094a9003a0ef51e9b487a9ecf3a1d9192-0","sellTxId":"252a55535b90b19fa0979d0cc7a556f3004c0a96"}
{"index": {"_index":"leo","_id":"3219032"}}
	{"id":3219032,"type":"buy","buyer":"konvik","seller":"droida","symbol":"LEO","quantity":"1.945","price":"0.18499599","timestamp":1650203784,"volume":"0.35981720","buyTxId":"f5ea68c094a9003a0ef51e9b487a9ecf3a1d9192-0","sellTxId":"d52f4c8474f710f1e13ec0fd2db747a2f2d0763e"}
{"index": {"_index":"leo","_id":"3219033"}}
	{"id":3219033,"type":"buy","buyer":"konvik","seller":"leomaker","symbol":"LEO","quantity":"11.445","price":"0.18499600","timestamp":1650203784,"volume":"2.11727922","buyTxId":"f5ea68c094a9003a0ef51e9b487a9ecf3a1d9192-0","sellTxId":"f9a31b1ef2456bd57383f321b6a9c0c7b284b236"}
{"index": {"_index":"leo","_id":"3219034"}}
	{"id":3219034,"type":"buy","buyer":"konvik","seller":"leomaker","symbol":"LEO","quantity":"30.617","price":"0.18499700","timestamp":1650203784,"volume":"5.66405315","buyTxId":"f5ea68c094a9003a0ef51e9b487a9ecf3a1d9192-0","sellTxId":"a8b69713e723139ebf2aabc838623a26ca4d5057"}
{"index": {"_index":"leo","_id":"3219035"}}
	{"id":3219035,"type":"buy","buyer":"konvik","seller":"leomaker","symbol":"LEO","quantity":"30.402","price":"0.18499800","timestamp":1650203784,"volume":"5.62430920","buyTxId":"f5ea68c094a9003a0ef51e9b487a9ecf3a1d9192-0","sellTxId":"737dacf431c33e5532534a177ccd46be57399cb3"}
{"index": {"_index":"leo","_id":"3219036"}}
	{"id":3219036,"type":"buy","buyer":"konvik","seller":"leomaker","symbol":"LEO","quantity":"17.555","price":"0.18499900","timestamp":1650203784,"volume":"3.24765745","buyTxId":"f5ea68c094a9003a0ef51e9b487a9ecf3a1d9192-0","sellTxId":"107f2ff78f61c2186948fdf72f87efebcaf20885"}
{"index": {"_index":"leo","_id":"3219037"}}
	{"id":3219037,"type":"buy","buyer":"konvik","seller":"stiant","symbol":"LEO","quantity":"120.000","price":"0.18500000","timestamp":1650203784,"volume":"22.20000000","buyTxId":"f5ea68c094a9003a0ef51e9b487a9ecf3a1d9192-0","sellTxId":"3461894291bf1a4e6ba89383facebad21643872b"}
{"index": {"_index":"leo","_id":"3219038"}}
	{"id":3219038,"type":"buy","buyer":"konvik","seller":"enginemaker","symbol":"LEO","quantity":"129.880","price":"0.18504100","timestamp":1650203784,"volume":"24.03312508","buyTxId":"f5ea68c094a9003a0ef51e9b487a9ecf3a1d9192-0","sellTxId":"MM-P-16579729-63569106-3-1-0"}
{"index": {"_index":"leo","_id":"3219054"}}
	{"id":3219054,"type":"buy","buyer":"hitmeasap","seller":"pi-trader","symbol":"LEO","quantity":"72.045","price":"0.18504099","timestamp":1650203991,"volume":"13.33127812","buyTxId":"ea76ba0636e557e1b9761c6ae68515bc60a8a101","sellTxId":"769890ea5968ac7dc1dc326bc851a50f2173e423-3"}
{"index": {"_index":"leo","_id":"3219063"}}
	{"id":3219063,"type":"buy","buyer":"hitmeasap","seller":"pi-trader","symbol":"LEO","quantity":"0.878","price":"0.18504099","timestamp":1650204060,"volume":"0.16246599","buyTxId":"8bf9a056dbb3866c76cde68a43e6a20efa7518d9","sellTxId":"81488cd6e69d8dd871d2617fa5dfc05c58e1294a-4"}
{"index": {"_index":"leo","_id":"3219127"}}
	{"id":3219127,"type":"buy","buyer":"whatsup","seller":"pi-trader","symbol":"LEO","quantity":"100.000","price":"0.18499899","timestamp":1650205050,"volume":"18.49989900","buyTxId":"0adad50e5b9003d34062ab52df08c57952752a76","sellTxId":"2744ee5382bc13ee4d7695172eea346a992bb09c-5"}
{"index": {"_index":"leo","_id":"3219132"}}
	{"id":3219132,"type":"sell","buyer":"whatsup","seller":"svirus","symbol":"LEO","quantity":"100.000","price":"0.18499899","timestamp":1650205053,"volume":"18.49989900","buyTxId":"0adad50e5b9003d34062ab52df08c57952752a76","sellTxId":"0ae4bf2dca1dba83b9091a9848871f2b470017da-1"}
{"index": {"_index":"leo","_id":"3219224"}}
	{"id":3219224,"type":"buy","buyer":"jacobpeacock","seller":"pi-trader","symbol":"LEO","quantity":"40.498","price":"0.18499799","timestamp":1650206142,"volume":"7.49204860","buyTxId":"00ab552f2b99953d4f24220e54d576d2bc667471","sellTxId":"6d6ec0882aa2233c1b645f6e782f926a6863133f-1"}
{"index": {"_index":"leo","_id":"3219234"}}
	{"id":3219234,"type":"sell","buyer":"pi-trader","seller":"willsaldeno","symbol":"LEO","quantity":"0.679","price":"0.17740601","timestamp":1650206349,"volume":"0.12045868","buyTxId":"3a05404a74ed2af51bab0160765daf43e30297f5-2","sellTxId":"772c63f89cedbda2efaaf018455ae82c04d0e434"}
{"index": {"_index":"leo","_id":"3219274"}}
	{"id":3219274,"type":"buy","buyer":"olympicdragon","seller":"pi-trader","symbol":"LEO","quantity":"18.486","price":"0.18499699","timestamp":1650206880,"volume":"3.42","buyTxId":"740f1ed03bd69b89e1a857e12f483231b48af224","sellTxId":"3a05404a74ed2af51bab0160765daf43e30297f5-8"}
{"index": {"_index":"leo","_id":"3219410"}}
	{"id":3219410,"type":"buy","buyer":"ugochill","seller":"pi-trader","symbol":"LEO","quantity":"1.000","price":"0.18499599","timestamp":1650207900,"volume":"0.18499599","buyTxId":"97e503f4f2394a41f67cb43d879f4f909c3b5824","sellTxId":"16861fd7e4851e0cb3df8c3a3c8782fb9d0aaa6b-12"}
{"index": {"_index":"leo","_id":"3219447"}}
	{"id":3219447,"type":"buy","buyer":"jlsplatts","seller":"pi-trader","symbol":"LEO","quantity":"100.000","price":"0.18499499","timestamp":1650208395,"volume":"18.49949900","buyTxId":"539a41f043a555e9140d9ca5ce7d80389564075d","sellTxId":"705a0467d072112c654745ed767eec837400d14e-3"}
{"index": {"_index":"leo","_id":"3219455"}}
	{"id":3219455,"type":"sell","buyer":"pi-trader","seller":"offgridlife","symbol":"LEO","quantity":"23.180","price":"0.17741001","timestamp":1650208473,"volume":"4.11236403","buyTxId":"705a0467d072112c654745ed767eec837400d14e-1","sellTxId":"47760c08b31790fd73b1dbb84dbb1543efce9d47"}
{"index": {"_index":"leo","_id":"3219477"}}
	{"id":3219477,"type":"sell","buyer":"pi-trader","seller":"thisismylife","symbol":"LEO","quantity":"16.021","price":"0.17741001","timestamp":1650209076,"volume":"2.84228577","buyTxId":"821d77a7b9ad7512ae8ae97c63b45365f81d39d6-2","sellTxId":"d86a19b683f08fad12acc848dcf5a134e2544866"}
{"index": {"_index":"leo","_id":"3219638"}}
	{"id":3219638,"type":"sell","buyer":"pi-trader","seller":"anna89","symbol":"LEO","quantity":"1.284","price":"0.17741001","timestamp":1650210975,"volume":"0.22779445","buyTxId":"cbc40229aa004e4f89a1eb6f47caf69d47a0d9cf-2","sellTxId":"15a6f28fc90db3d8d138b355fb1b6d35056fd0bc"}
{"index": {"_index":"leo","_id":"3219685"}}
	{"id":3219685,"type":"sell","buyer":"pi-trader","seller":"andyblack","symbol":"LEO","quantity":"1.507","price":"0.17741001","timestamp":1650211653,"volume":"0.26735689","buyTxId":"d32a5a9853adb951da5ae8d4c80f587042843386-3","sellTxId":"dfd56846b10ec6a01d89488ddb23187ef0b97358"}
{"index": {"_index":"leo","_id":"3219705"}}
	{"id":3219705,"type":"sell","buyer":"pi-trader","seller":"brofi-market","symbol":"LEO","quantity":"0.001","price":"0.17741001","timestamp":1650211875,"volume":"0.00017741","buyTxId":"ce21a3b6f4120ecd8d8c70db63e56df533553389-2","sellTxId":"4664a750d036948c4b7e30905d2bad3bec61b421"}
{"index": {"_index":"leo","_id":"3220037"}}
	{"id":3220037,"type":"sell","buyer":"pi-trader","seller":"wdougwatson","symbol":"LEO","quantity":"23.254","price":"0.17741001","timestamp":1650215052,"volume":"4.12549237","buyTxId":"34385e357806a6981b0871780e92fad061340f2e-1","sellTxId":"eaacc3dc972973c9d25f77e0c31c8b242855fd9e"}
{"index": {"_index":"leo","_id":"3220297"}}
	{"id":3220297,"type":"sell","buyer":"pi-trader","seller":"alchemystones","symbol":"LEO","quantity":"0.003","price":"0.17741001","timestamp":1650217482,"volume":"0.00053223","buyTxId":"afdafdbe848b5d7b6713520613ad905457d3b99a-3","sellTxId":"274acb9661f3bca8d542f235d6251539078167e1"}
{"index": {"_index":"leo","_id":"3220462"}}
	{"id":3220462,"type":"buy","buyer":"bitcoinflood","seller":"pi-trader","symbol":"LEO","quantity":"3.354","price":"0.18498199","timestamp":1650218580,"volume":"0.62042959","buyTxId":"cc428dd39cb607f5a19bafe3afdb4635a9712330","sellTxId":"086b21673ffe65d9bdfecc7d971d1e0c1f133aa7-7"}
{"index": {"_index":"leo","_id":"3220484"}}
	{"id":3220484,"type":"sell","buyer":"pi-trader","seller":"mango-juice","symbol":"LEO","quantity":"3.259","price":"0.17741001","timestamp":1650218685,"volume":"0.57817922","buyTxId":"6f3ed19ba036c86de7bb18198145871739ff583e-1","sellTxId":"716effdc2e3c4d0cf94da47629c78b09cca5f357"}
{"index": {"_index":"leo","_id":"3220500"}}
	{"id":3220500,"type":"buy","buyer":"hive-189742","seller":"pi-trader","symbol":"LEO","quantity":"0.329","price":"0.18498199","timestamp":1650218865,"volume":"0.06085907","buyTxId":"b2e360e1ee8bc9d21f145018210ca92e4605cc7d","sellTxId":"92b7a78f3be7d7a32183cd614ce63a11eed54bbd-7"}
{"index": {"_index":"leo","_id":"3220669"}}
	{"id":3220669,"type":"buy","buyer":"roninrelax","seller":"pi-trader","symbol":"LEO","quantity":"0.405","price":"0.18497899","timestamp":1650220449,"volume":"0.07491649","buyTxId":"9690f598afb2aaaa9560b71f26ea421dcec58152","sellTxId":"a4fe6a5495536866321972fa0f8003a671a79996-1"}
{"index": {"_index":"leo","_id":"3220822"}}
	{"id":3220822,"type":"buy","buyer":"life-shturm","seller":"pi-trader","symbol":"LEO","quantity":"0.129","price":"0.18497799","timestamp":1650221781,"volume":"0.02386216","buyTxId":"691cea8e70401b9a92ccbf0f0ab23b3af2115060","sellTxId":"e9914e9877fa0d64785738630b908170fc4c9a1d-3"}
{"index": {"_index":"leo","_id":"3220879"}}
	{"id":3220879,"type":"buy","buyer":"peter-stone","seller":"pi-trader","symbol":"LEO","quantity":"0.298","price":"0.18497699","timestamp":1650222231,"volume":"0.05512314","buyTxId":"363a717b27c831177db688bc46db055f887b5c78","sellTxId":"4f6819284309c6da064d237185defa5efd73cabf-1"}
{"index": {"_index":"leo","_id":"3220892"}}
	{"id":3220892,"type":"buy","buyer":"barski","seller":"pi-trader","symbol":"LEO","quantity":"8.769","price":"0.18497699","timestamp":1650222366,"volume":"1.62206323","buyTxId":"d82620167c35ccd4f488e12b2815c31b17bb06c9","sellTxId":"70b6d63772b3f6908fa4a41e0a2f012238fad080-2"}
{"index": {"_index":"leo","_id":"3220915"}}
	{"id":3220915,"type":"sell","buyer":"pi-trader","seller":"travelwritemoney","symbol":"LEO","quantity":"1.785","price":"0.17741001","timestamp":1650222531,"volume":"0.31667687","buyTxId":"9e90fa4fe7e5d02e46d32db815bd145e6d3dbdd7-2","sellTxId":"b508a1eda3f87fd851cd7054118ac1832aad9f06"}
{"index": {"_index":"leo","_id":"3220984"}}
	{"id":3220984,"type":"sell","buyer":"pi-trader","seller":"chucho27","symbol":"LEO","quantity":"30.000","price":"0.17741001","timestamp":1650222888,"volume":"5.32230030","buyTxId":"ab3533125384b8d128cfe550c396ba4ec1f31564-4","sellTxId":"a28f2168d65c7133ac64d7266ffa7c7fecd4f23c"}
{"index": {"_index":"leo","_id":"3221330"}}
	{"id":3221330,"type":"sell","buyer":"pi-trader","seller":"jphamer1","symbol":"LEO","quantity":"60.125","price":"0.17741001","timestamp":1650226209,"volume":"10.66677685","buyTxId":"3b713aae72355dcaede01d48bd127b634a851a30-2","sellTxId":"cc4e8b8c390baba24af1817dd6ea97661c802cb6"}
{"index": {"_index":"leo","_id":"3221448"}}
	{"id":3221448,"type":"sell","buyer":"pi-trader","seller":"lrekt01","symbol":"LEO","quantity":"0.009","price":"0.17741001","timestamp":1650227178,"volume":"0.00159669","buyTxId":"c230fcbc7b23fdd245b02e1cfcc3d363a1107ffe-2","sellTxId":"6fb8c7b40cda2310139d2fb63bbbd68782b6936f"}
{"index": {"_index":"leo","_id":"3221485"}}
	{"id":3221485,"type":"sell","buyer":"pi-trader","seller":"toofasteddie","symbol":"LEO","quantity":"13.868","price":"0.17741001","timestamp":1650227499,"volume":"2.46032202","buyTxId":"5de24352158d173c11fedd96a6cc168590113d8e-1","sellTxId":"dce390011c8d8114e7f6695440a7d5047c7d00ee"}
{"index": {"_index":"leo","_id":"3221688"}}
	{"id":3221688,"type":"sell","buyer":"pi-trader","seller":"mephistophenes","symbol":"LEO","quantity":"33.97","price":"0.17741001","timestamp":1650230670,"volume":"6.02661804","buyTxId":"312470e3c568e0341c889b7dbdfdc6447fb0ae31-2","sellTxId":"39d15d6efd2ff66363ba6cf7d6296f2380a320f0"}
{"index": {"_index":"leo","_id":"3221729"}}
	{"id":3221729,"type":"sell","buyer":"pi-trader","seller":"paulmoon410","symbol":"LEO","quantity":"0.395","price":"0.17741001","timestamp":1650231216,"volume":"0.07007695","buyTxId":"39076c9d3bafed70b6e263fdb6e54e6713eae8d1-2","sellTxId":"5b65261983d55018b3ff2ab9eb00594cebd242a9"}
{"index": {"_index":"leo","_id":"3221764"}}
	{"id":3221764,"type":"buy","buyer":"barski","seller":"pi-trader","symbol":"LEO","quantity":"4.714","price":"0.18496499","timestamp":1650231648,"volume":"0.87192496","buyTxId":"a0c2dac44feb5cb8a1a014127944e3a5055c521f","sellTxId":"4bdd9b2b9f826601844439ee57a482c3a0c726c8-3"}
{"index": {"_index":"leo","_id":"3221841"}}
	{"id":3221841,"type":"buy","buyer":"skuration","seller":"pi-trader","symbol":"LEO","quantity":"15.000","price":"0.18496399","timestamp":1650232347,"volume":"2.77445985","buyTxId":"ce05ea0890c849070fbb8542b4564ce9915dae6f","sellTxId":"c4aa4b7628fa6967959489b7ea2a0cc2c2f7eff5-1"}
{"index": {"_index":"leo","_id":"3221877"}}
	{"id":3221877,"type":"buy","buyer":"jk6276","seller":"pi-trader","symbol":"LEO","quantity":"100.000","price":"0.18496399","timestamp":1650232785,"volume":"18.49639900","buyTxId":"5836a9f747b058fd7d3cf8b242e85f6ce74e04ba","sellTxId":"2f67e4752586c7d0c670d0e066572ae8869cb2c7-5"}
{"index": {"_index":"leo","_id":"3221878"}}
	{"id":3221878,"type":"buy","buyer":"jk6276","seller":"leomaker","symbol":"LEO","quantity":"27.158","price":"0.18496400","timestamp":1650232785,"volume":"5.02325231","buyTxId":"5836a9f747b058fd7d3cf8b242e85f6ce74e04ba","sellTxId":"6955346079eafcddeae2466a01bb06d32bf3e108"}
{"index": {"_index":"leo","_id":"3221879"}}
	{"id":3221879,"type":"buy","buyer":"jk6276","seller":"leomaker","symbol":"LEO","quantity":"27.547","price":"0.18496500","timestamp":1650232785,"volume":"5.09523086","buyTxId":"5836a9f747b058fd7d3cf8b242e85f6ce74e04ba","sellTxId":"3eaff87b29b5b60af845a80a9ec5976467cf174c"}
{"index": {"_index":"leo","_id":"3221880"}}
	{"id":3221880,"type":"buy","buyer":"jk6276","seller":"leomaker","symbol":"LEO","quantity":"27.940","price":"0.18496600","timestamp":1650232785,"volume":"5.16795004","buyTxId":"5836a9f747b058fd7d3cf8b242e85f6ce74e04ba","sellTxId":"2764811a6ea9d270b9dda3eb796cffe69799a8c2"}
{"index": {"_index":"leo","_id":"3221881"}}
	{"id":3221881,"type":"buy","buyer":"jk6276","seller":"leomaker","symbol":"LEO","quantity":"28.339","price":"0.18496700","timestamp":1650232785,"volume":"5.24177981","buyTxId":"5836a9f747b058fd7d3cf8b242e85f6ce74e04ba","sellTxId":"bbb610d78977715aa11b1ae05f7afd179486c1d0"}
{"index": {"_index":"leo","_id":"3221882"}}
	{"id":3221882,"type":"buy","buyer":"jk6276","seller":"leomaker","symbol":"LEO","quantity":"28.742","price":"0.18496800","timestamp":1650232785,"volume":"5.31635026","buyTxId":"5836a9f747b058fd7d3cf8b242e85f6ce74e04ba","sellTxId":"5b436ef1f663ee4bd4ead944630428cf775e9d2d"}
{"index": {"_index":"leo","_id":"3221883"}}
	{"id":3221883,"type":"buy","buyer":"jk6276","seller":"leomaker","symbol":"LEO","quantity":"9.266","price":"0.18496900","timestamp":1650232785,"volume":"1.71403772","buyTxId":"5836a9f747b058fd7d3cf8b242e85f6ce74e04ba","sellTxId":"d6db16aaada6c544e5e3e8071afefca5b3e31302"}
{"index": {"_index":"leo","_id":"3221974"}}
	{"id":3221974,"type":"sell","buyer":"pi-trader","seller":"toofasteddie","symbol":"LEO","quantity":"11.500","price":"0.17741001","timestamp":1650233679,"volume":"2.04021512","buyTxId":"ad7660f297a3296453043572c87b4b5693ef0d9e-3","sellTxId":"b5b7c1700b69d9183b700dfaba4485991185a73b"}
{"index": {"_index":"leo","_id":"3222278"}}
	{"id":3222278,"type":"sell","buyer":"pi-trader","seller":"playbyhive","symbol":"LEO","quantity":"0.702","price":"0.17741001","timestamp":1650238005,"volume":"0.12454183","buyTxId":"2d2ff6e9c2eeaebe249af78d79d5f0198347c8ce-4","sellTxId":"5111ffad418ecf29285cb8a144355f6e535d7cdc"}
{"index": {"_index":"leo","_id":"3222291"}}
	{"id":3222291,"type":"buy","buyer":"whatsup","seller":"pi-trader","symbol":"LEO","quantity":"20.000","price":"0.18496199","timestamp":1650238191,"volume":"3.69923980","buyTxId":"18dcd15b973a4b7e39d071cacd0e8a247ec0aa65","sellTxId":"a63e9abb6f7b790def35addd95a62fb0e7fe9efd-1"}
{"index": {"_index":"leo","_id":"3222818"}}
	{"id":3222818,"type":"buy","buyer":"globalcurrencies","seller":"pi-trader","symbol":"LEO","quantity":"100.000","price":"0.18495699","timestamp":1650242457,"volume":"18.49569900","buyTxId":"ea910bf98d59e52711ec3e95730c1f22de67d277","sellTxId":"3d65b33e01fc6dbe420c472e068b89c9bf02897e-1"}
{"index": {"_index":"leo","_id":"3222819"}}
	{"id":3222819,"type":"buy","buyer":"globalcurrencies","seller":"leomaker","symbol":"LEO","quantity":"24.812","price":"0.18495700","timestamp":1650242457,"volume":"4.58915308","buyTxId":"ea910bf98d59e52711ec3e95730c1f22de67d277","sellTxId":"63877373a43a1e397fd43c463b411db8d8d6912d"}
{"index": {"_index":"leo","_id":"3222820"}}
	{"id":3222820,"type":"buy","buyer":"globalcurrencies","seller":"leomaker","symbol":"LEO","quantity":"25.178","price":"0.18495800","timestamp":1650242457,"volume":"4.65687252","buyTxId":"ea910bf98d59e52711ec3e95730c1f22de67d277","sellTxId":"5e6d738c4799f1ce6d9e36948e04e12ae723c556"}
{"index": {"_index":"leo","_id":"3222821"}}
	{"id":3222821,"type":"buy","buyer":"globalcurrencies","seller":"leomaker","symbol":"LEO","quantity":"25.547","price":"0.18495900","timestamp":1650242457,"volume":"4.72514757","buyTxId":"ea910bf98d59e52711ec3e95730c1f22de67d277","sellTxId":"876a42a4e19b312e7e7fc22770b9e7b5ba4a8bd4"}
{"index": {"_index":"leo","_id":"3222822"}}
	{"id":3222822,"type":"buy","buyer":"globalcurrencies","seller":"leomaker","symbol":"LEO","quantity":"25.922","price":"0.18496000","timestamp":1650242457,"volume":"4.79453312","buyTxId":"ea910bf98d59e52711ec3e95730c1f22de67d277","sellTxId":"e1f8fa71c4ffe8ea31f5c3bd8374da117ab5b88e"}
{"index": {"_index":"leo","_id":"3222823"}}
	{"id":3222823,"type":"buy","buyer":"globalcurrencies","seller":"leomaker","symbol":"LEO","quantity":"26.301","price":"0.18496100","timestamp":1650242457,"volume":"4.86465926","buyTxId":"ea910bf98d59e52711ec3e95730c1f22de67d277","sellTxId":"65153e160d57d8dbadb3b38eb9117a2f82110cc4"}
{"index": {"_index":"leo","_id":"3222824"}}
	{"id":3222824,"type":"buy","buyer":"globalcurrencies","seller":"leomaker","symbol":"LEO","quantity":"26.312","price":"0.18496200","timestamp":1650242457,"volume":"4.86672014","buyTxId":"ea910bf98d59e52711ec3e95730c1f22de67d277","sellTxId":"6f35ddaccd51120a6fd6de4a5dde131d48464513"}
{"index": {"_index":"leo","_id":"3222825"}}
	{"id":3222825,"type":"buy","buyer":"globalcurrencies","seller":"droida","symbol":"LEO","quantity":"0.627","price":"0.18496298","timestamp":1650242457,"volume":"0.11597179","buyTxId":"ea910bf98d59e52711ec3e95730c1f22de67d277","sellTxId":"7b3a31c537022f82112930c9a7f9cbdbc933abe9"}
{"index": {"_index":"leo","_id":"3222826"}}
	{"id":3222826,"type":"buy","buyer":"globalcurrencies","seller":"leomaker","symbol":"LEO","quantity":"25.812","price":"0.18496300","timestamp":1650242457,"volume":"4.77426496","buyTxId":"ea910bf98d59e52711ec3e95730c1f22de67d277","sellTxId":"e7ab16e8ea3e96fdfe304bdfcc6df265e3de5b56"}
{"index": {"_index":"leo","_id":"3222827"}}
	{"id":3222827,"type":"buy","buyer":"globalcurrencies","seller":"leomaker","symbol":"LEO","quantity":"25.283","price":"0.18496400","timestamp":1650242457,"volume":"4.67644481","buyTxId":"ea910bf98d59e52711ec3e95730c1f22de67d277","sellTxId":"11e28b98893f88c12916a5bffaa39cecd4e71efb"}
{"index": {"_index":"leo","_id":"3222828"}}
	{"id":3222828,"type":"buy","buyer":"globalcurrencies","seller":"leomaker","symbol":"LEO","quantity":"25.649","price":"0.18496500","timestamp":1650242457,"volume":"4.74416729","buyTxId":"ea910bf98d59e52711ec3e95730c1f22de67d277","sellTxId":"87a7198a32657f1ec3dcd85a17f11bc374bf8575"}
{"index": {"_index":"leo","_id":"3222829"}}
	{"id":3222829,"type":"buy","buyer":"globalcurrencies","seller":"leomaker","symbol":"LEO","quantity":"26.019","price":"0.18496600","timestamp":1650242457,"volume":"4.81263035","buyTxId":"ea910bf98d59e52711ec3e95730c1f22de67d277","sellTxId":"403e9cf4131af26330318168914fbe107b63d968"}
{"index": {"_index":"leo","_id":"3222830"}}
	{"id":3222830,"type":"buy","buyer":"globalcurrencies","seller":"leomaker","symbol":"LEO","quantity":"26.394","price":"0.18496700","timestamp":1650242457,"volume":"4.88201900","buyTxId":"ea910bf98d59e52711ec3e95730c1f22de67d277","sellTxId":"78513d885be56c3dc272522cc065b4a794440e46"}
{"index": {"_index":"leo","_id":"3222831"}}
	{"id":3222831,"type":"buy","buyer":"globalcurrencies","seller":"leomaker","symbol":"LEO","quantity":"26.774","price":"0.18496800","timestamp":1650242457,"volume":"4.95233323","buyTxId":"ea910bf98d59e52711ec3e95730c1f22de67d277","sellTxId":"05c77c9cf0a0496021c67d218b2488a377d49d68"}
{"index": {"_index":"leo","_id":"3222832"}}
	{"id":3222832,"type":"buy","buyer":"globalcurrencies","seller":"leomaker","symbol":"LEO","quantity":"19.883","price":"0.18496900","timestamp":1650242457,"volume":"3.67773863","buyTxId":"ea910bf98d59e52711ec3e95730c1f22de67d277","sellTxId":"d6db16aaada6c544e5e3e8071afefca5b3e31302"}
{"index": {"_index":"leo","_id":"3222833"}}
	{"id":3222833,"type":"sell","buyer":"globalcurrencies","seller":"konvik","symbol":"LEO","quantity":"1278.627","price":"0.18496900","timestamp":1650242460,"volume":"236.50635756","buyTxId":"ea910bf98d59e52711ec3e95730c1f22de67d277","sellTxId":"e65d668b3d1605603fae1e9fd2d6a362257ba4fe-1"}
{"index": {"_index":"leo","_id":"3222841"}}
	{"id":3222841,"type":"buy","buyer":"globalcurrencies","seller":"leomaker","symbol":"LEO","quantity":"29.560","price":"0.18497000","timestamp":1650242529,"volume":"5.46771320","buyTxId":"ea13c0c09556b814e2c03acfc8e8b1448d3ead0b","sellTxId":"9692bec89ff9bd4498b9c36ae7cefb21f17a2d82"}
{"index": {"_index":"leo","_id":"3222842"}}
	{"id":3222842,"type":"buy","buyer":"globalcurrencies","seller":"leomaker","symbol":"LEO","quantity":"29.978","price":"0.18497100","timestamp":1650242529,"volume":"5.54506064","buyTxId":"ea13c0c09556b814e2c03acfc8e8b1448d3ead0b","sellTxId":"ef0f6f33226dad01c10775e4f2508d33890221be"}
{"index": {"_index":"leo","_id":"3222843"}}
	{"id":3222843,"type":"buy","buyer":"globalcurrencies","seller":"leomaker","symbol":"LEO","quantity":"30.399","price":"0.18497200","timestamp":1650242529,"volume":"5.62296383","buyTxId":"ea13c0c09556b814e2c03acfc8e8b1448d3ead0b","sellTxId":"97ec7375f57acbdd798062a6a4f648196f77eb17"}
{"index": {"_index":"leo","_id":"3222844"}}
	{"id":3222844,"type":"buy","buyer":"globalcurrencies","seller":"leomaker","symbol":"LEO","quantity":"30.826","price":"0.18497300","timestamp":1650242529,"volume":"5.70197770","buyTxId":"ea13c0c09556b814e2c03acfc8e8b1448d3ead0b","sellTxId":"28a97d50e50f33d0d6219d6458459256392244c9"}
{"index": {"_index":"leo","_id":"3222845"}}
	{"id":3222845,"type":"buy","buyer":"globalcurrencies","seller":"leomaker","symbol":"LEO","quantity":"31.257","price":"0.18497400","timestamp":1650242529,"volume":"5.78173232","buyTxId":"ea13c0c09556b814e2c03acfc8e8b1448d3ead0b","sellTxId":"7ef91f30f77300c2066f979eaafbd3126fcddc0b"}
{"index": {"_index":"leo","_id":"3222846"}}
	{"id":3222846,"type":"buy","buyer":"globalcurrencies","seller":"phaeton","symbol":"LEO","quantity":"0.514","price":"0.18497499","timestamp":1650242529,"volume":"0.09507714","buyTxId":"ea13c0c09556b814e2c03acfc8e8b1448d3ead0b","sellTxId":"0f9625fef04aaf13cff1ba59d43e2366f4500c4c"}
{"index": {"_index":"leo","_id":"3222847"}}
	{"id":3222847,"type":"buy","buyer":"globalcurrencies","seller":"leomaker","symbol":"LEO","quantity":"31.693","price":"0.18497500","timestamp":1650242529,"volume":"5.86241268","buyTxId":"ea13c0c09556b814e2c03acfc8e8b1448d3ead0b","sellTxId":"a2509f7d8be46bec1f7a4b7df83931a2f250082c"}
{"index": {"_index":"leo","_id":"3222848"}}
	{"id":3222848,"type":"buy","buyer":"globalcurrencies","seller":"johnripper","symbol":"LEO","quantity":"6.777","price":"0.18497598","timestamp":1650242529,"volume":"1.25358222","buyTxId":"ea13c0c09556b814e2c03acfc8e8b1448d3ead0b","sellTxId":"972323a0a61dc6c4ba792df35ebf227a674e0a8c"}
{"index": {"_index":"leo","_id":"3222849"}}
	{"id":3222849,"type":"buy","buyer":"globalcurrencies","seller":"leomaker","symbol":"LEO","quantity":"32.133","price":"0.18497600","timestamp":1650242529,"volume":"5.94383381","buyTxId":"ea13c0c09556b814e2c03acfc8e8b1448d3ead0b","sellTxId":"357f262d50a415a849bf8438d3dd43df6323d2ec"}
{"index": {"_index":"leo","_id":"3222850"}}
	{"id":3222850,"type":"buy","buyer":"globalcurrencies","seller":"leomaker","symbol":"LEO","quantity":"32.578","price":"0.18497700","timestamp":1650242529,"volume":"6.02618071","buyTxId":"ea13c0c09556b814e2c03acfc8e8b1448d3ead0b","sellTxId":"4e8434a8112c5347b4235a47be526480957ee743"}
{"index": {"_index":"leo","_id":"3222851"}}
	{"id":3222851,"type":"buy","buyer":"globalcurrencies","seller":"ravenking13","symbol":"LEO","quantity":"26.999","price":"0.18497799","timestamp":1650242529,"volume":"4.99422075","buyTxId":"ea13c0c09556b814e2c03acfc8e8b1448d3ead0b","sellTxId":"ba089df1eb9deb5a6ed91461555c3ab60d3f4225"}
{"index": {"_index":"leo","_id":"3222852"}}
	{"id":3222852,"type":"buy","buyer":"globalcurrencies","seller":"leomaker","symbol":"LEO","quantity":"8.146","price":"0.18497800","timestamp":1650242529,"volume":"1.50683079","buyTxId":"ea13c0c09556b814e2c03acfc8e8b1448d3ead0b","sellTxId":"c29e707193506bd6aedd90018e18dd08a1824660"}
{"index": {"_index":"leo","_id":"3223060"}}
	{"id":3223060,"type":"sell","buyer":"pi-trader","seller":"bearbear613","symbol":"LEO","quantity":"8.020","price":"0.17742001","timestamp":1650244968,"volume":"1.42290848","buyTxId":"0d6a1d93361fb264410248ccba15f2cdd892db88-4","sellTxId":"8495394d596e940f80aafe91cd2c036aed07079d"}
{"index": {"_index":"leo","_id":"3223091"}}
	{"id":3223091,"type":"sell","buyer":"pi-trader","seller":"melbourneswest","symbol":"LEO","quantity":"6.385","price":"0.17742201","timestamp":1650245274,"volume":"1.13283953","buyTxId":"c01936857dd5469c28cf02be9127a5c34bbee6be-3","sellTxId":"4045d897b94fa9be603e7409246af797a6db697d"}
{"index": {"_index":"leo","_id":"3223235"}}
	{"id":3223235,"type":"sell","buyer":"leomaker","seller":"readthisplease","symbol":"LEO","quantity":"81.000","price":"0.17742600","timestamp":1650246534,"volume":"14.37150600","buyTxId":"c741f4d5c71eaefcab20526e43d66d7ba06c302f","sellTxId":"ee94495510a1fb03fc0ba45dcc0f7d2d65c38902"}
{"index": {"_index":"leo","_id":"3223370"}}
	{"id":3223370,"type":"buy","buyer":"rtonline","seller":"master-lamps","symbol":"LEO","quantity":"1.000","price":"0.18490000","timestamp":1650248301,"volume":"0.18490000","buyTxId":"3b7a9a2730116c2b799ec3ca668ec441d443d688","sellTxId":"f5e888766681d59a474ccfe3893af99ff2ac8d28"}
{"index": {"_index":"leo","_id":"3223382"}}
	{"id":3223382,"type":"sell","buyer":"pi-trader","seller":"phoenixonhive","symbol":"LEO","quantity":"239.546","price":"0.17743001","timestamp":1650248580,"volume":"42.50264918","buyTxId":"512c369b70dedde8cb9d2afd0492df3ee5291787-3","sellTxId":"e035ee9b63b098722590bcff346695a0a4054bed"}
{"index": {"_index":"leo","_id":"3223384"}}
	{"id":3223384,"type":"sell","buyer":"pi-trader","seller":"chireerocks","symbol":"LEO","quantity":"60.454","price":"0.17743001","timestamp":1650248598,"volume":"10.72635382","buyTxId":"512c369b70dedde8cb9d2afd0492df3ee5291787-3","sellTxId":"201e914d45867814f0f8f356c4c286b403a3a650"}
{"index": {"_index":"leo","_id":"3223385"}}
	{"id":3223385,"type":"buy","buyer":"svirus","seller":"chireerocks","symbol":"LEO","quantity":"16.080","price":"0.17743001","timestamp":1650248601,"volume":"2.85307456","buyTxId":"3e8223bbfed05980b0255ac3409bdf1354437c67-0","sellTxId":"201e914d45867814f0f8f356c4c286b403a3a650"}
{"index": {"_index":"leo","_id":"3223386"}}
	{"id":3223386,"type":"buy","buyer":"pi-trader","seller":"chireerocks","symbol":"LEO","quantity":"0.003","price":"0.17743001","timestamp":1650248607,"volume":"0.00053229","buyTxId":"1c55b6d905d40a981755bfa6ca1ccb5f441ae0f3-3","sellTxId":"201e914d45867814f0f8f356c4c286b403a3a650"}
{"index": {"_index":"leo","_id":"3223404"}}
	{"id":3223404,"type":"buy","buyer":"globalcurrencies","seller":"master-lamps","symbol":"LEO","quantity":"4.354","price":"0.18490000","timestamp":1650248889,"volume":"0.80505460","buyTxId":"faf360a0a69d2f76a2edaa89267b7107a0aa68f3","sellTxId":"f5e888766681d59a474ccfe3893af99ff2ac8d28"}
{"index": {"_index":"leo","_id":"3223405"}}
	{"id":3223405,"type":"buy","buyer":"globalcurrencies","seller":"bearmol","symbol":"LEO","quantity":"0.515","price":"0.18490000","timestamp":1650248889,"volume":"0.09522350","buyTxId":"faf360a0a69d2f76a2edaa89267b7107a0aa68f3","sellTxId":"b4a69cf662372f159e67baab759add4e480fd6dd"}
{"index": {"_index":"leo","_id":"3223406"}}
	{"id":3223406,"type":"buy","buyer":"globalcurrencies","seller":"leomaker","symbol":"LEO","quantity":"24.883","price":"0.18497800","timestamp":1650248889,"volume":"4.60280757","buyTxId":"faf360a0a69d2f76a2edaa89267b7107a0aa68f3","sellTxId":"c29e707193506bd6aedd90018e18dd08a1824660"}
{"index": {"_index":"leo","_id":"3223407"}}
	{"id":3223407,"type":"buy","buyer":"globalcurrencies","seller":"leomaker","symbol":"LEO","quantity":"33.484","price":"0.18497900","timestamp":1650248889,"volume":"6.19383684","buyTxId":"faf360a0a69d2f76a2edaa89267b7107a0aa68f3","sellTxId":"425d558c09e0320d2b0324e41151f36c57f29610"}
{"index": {"_index":"leo","_id":"3223408"}}
	{"id":3223408,"type":"buy","buyer":"globalcurrencies","seller":"leomaker","symbol":"LEO","quantity":"33.942","price":"0.18498000","timestamp":1650248889,"volume":"6.27859116","buyTxId":"faf360a0a69d2f76a2edaa89267b7107a0aa68f3","sellTxId":"70e7facda14844153bf25eb32d4cb2fd0023c64a"}
{"index": {"_index":"leo","_id":"3223409"}}
	{"id":3223409,"type":"buy","buyer":"globalcurrencies","seller":"leomaker","symbol":"LEO","quantity":"34.408","price":"0.18498100","timestamp":1650248889,"volume":"6.36482625","buyTxId":"faf360a0a69d2f76a2edaa89267b7107a0aa68f3","sellTxId":"4352c535adfca776d36665d9b599a4b7ee0ba9e0"}
{"index": {"_index":"leo","_id":"3223410"}}
	{"id":3223410,"type":"buy","buyer":"globalcurrencies","seller":"leomaker","symbol":"LEO","quantity":"34.877","price":"0.18498200","timestamp":1650248889,"volume":"6.45161721","buyTxId":"faf360a0a69d2f76a2edaa89267b7107a0aa68f3","sellTxId":"cec4fbee4d8256a2f3b6c655ff6fb7b268532785"}
{"index": {"_index":"leo","_id":"3223411"}}
	{"id":3223411,"type":"buy","buyer":"globalcurrencies","seller":"leomaker","symbol":"LEO","quantity":"35.351","price":"0.18498300","timestamp":1650248889,"volume":"6.53933403","buyTxId":"faf360a0a69d2f76a2edaa89267b7107a0aa68f3","sellTxId":"6c5175981ae969b0ceb66a93da032b37b8cfe574"}
{"index": {"_index":"leo","_id":"3223412"}}
	{"id":3223412,"type":"buy","buyer":"globalcurrencies","seller":"leomaker","symbol":"LEO","quantity":"35.831","price":"0.18498400","timestamp":1650248889,"volume":"6.62816170","buyTxId":"faf360a0a69d2f76a2edaa89267b7107a0aa68f3","sellTxId":"9b0f084dcc62a51ed6723662e0e26507e944f84e"}
{"index": {"_index":"leo","_id":"3223413"}}
	{"id":3223413,"type":"buy","buyer":"globalcurrencies","seller":"leomaker","symbol":"LEO","quantity":"36.316","price":"0.18498500","timestamp":1650248889,"volume":"6.71791526","buyTxId":"faf360a0a69d2f76a2edaa89267b7107a0aa68f3","sellTxId":"0b43987ec98b463ee5df2e3d943b09a2e4d308c6"}
{"index": {"_index":"leo","_id":"3223414"}}
	{"id":3223414,"type":"buy","buyer":"globalcurrencies","seller":"leomaker","symbol":"LEO","quantity":"36.804","price":"0.18498600","timestamp":1650248889,"volume":"6.80822474","buyTxId":"faf360a0a69d2f76a2edaa89267b7107a0aa68f3","sellTxId":"f6b6e00605fcd56c4cfbc6ee45ccf38cc4e89433"}
{"index": {"_index":"leo","_id":"3223415"}}
	{"id":3223415,"type":"buy","buyer":"globalcurrencies","seller":"leomaker","symbol":"LEO","quantity":"37.298","price":"0.18498700","timestamp":1650248889,"volume":"6.89964513","buyTxId":"faf360a0a69d2f76a2edaa89267b7107a0aa68f3","sellTxId":"74dc639197a97c5ce3360319b067a5c9368bd397"}
{"index": {"_index":"leo","_id":"3223416"}}
	{"id":3223416,"type":"buy","buyer":"globalcurrencies","seller":"leomaker","symbol":"LEO","quantity":"37.798","price":"0.18498800","timestamp":1650248889,"volume":"6.99217642","buyTxId":"faf360a0a69d2f76a2edaa89267b7107a0aa68f3","sellTxId":"94d6659a192475eb390f634b4057a731083f0a33"}
{"index": {"_index":"leo","_id":"3223417"}}
	{"id":3223417,"type":"buy","buyer":"globalcurrencies","seller":"leomaker","symbol":"LEO","quantity":"38.301","price":"0.18498900","timestamp":1650248889,"volume":"7.08526369","buyTxId":"faf360a0a69d2f76a2edaa89267b7107a0aa68f3","sellTxId":"df6dec6ccdd5cd43ef76d081c3a740d07bc1bb24"}
{"index": {"_index":"leo","_id":"3223418"}}
	{"id":3223418,"type":"buy","buyer":"globalcurrencies","seller":"brofi-market","symbol":"LEO","quantity":"0.001","price":"0.18498999","timestamp":1650248889,"volume":"0.00018499","buyTxId":"faf360a0a69d2f76a2edaa89267b7107a0aa68f3","sellTxId":"90697793707cc4850528b2824f3e300caf9e7200"}
{"index": {"_index":"leo","_id":"3223419"}}
	{"id":3223419,"type":"buy","buyer":"globalcurrencies","seller":"leomaker","symbol":"LEO","quantity":"38.810","price":"0.18499000","timestamp":1650248889,"volume":"7.17946190","buyTxId":"faf360a0a69d2f76a2edaa89267b7107a0aa68f3","sellTxId":"893c784b727759341879c2be5e43be51ea7f6418"}
{"index": {"_index":"leo","_id":"3223420"}}
	{"id":3223420,"type":"buy","buyer":"globalcurrencies","seller":"leomaker","symbol":"LEO","quantity":"39.322","price":"0.18499100","timestamp":1650248889,"volume":"7.27421610","buyTxId":"faf360a0a69d2f76a2edaa89267b7107a0aa68f3","sellTxId":"dfe64b2b20a1a21aadeb79fbb60e18572a93dfb8"}
{"index": {"_index":"leo","_id":"3223421"}}
	{"id":3223421,"type":"buy","buyer":"globalcurrencies","seller":"leomaker","symbol":"LEO","quantity":"39.841","price":"0.18499200","timestamp":1650248889,"volume":"7.37026627","buyTxId":"faf360a0a69d2f76a2edaa89267b7107a0aa68f3","sellTxId":"88b67260eea15d6bd5ef0f2927448a3187d3ec0e"}
{"index": {"_index":"leo","_id":"3223422"}}
	{"id":3223422,"type":"buy","buyer":"globalcurrencies","seller":"ctpsb","symbol":"LEO","quantity":"2.166","price":"0.18499299","timestamp":1650248889,"volume":"0.40069482","buyTxId":"faf360a0a69d2f76a2edaa89267b7107a0aa68f3","sellTxId":"d99eb1db667e2e0f597c3daeaa084e84c59d5de5"}
{"index": {"_index":"leo","_id":"3223423"}}
	{"id":3223423,"type":"buy","buyer":"globalcurrencies","seller":"leomaker","symbol":"LEO","quantity":"40.365","price":"0.18499300","timestamp":1650248889,"volume":"7.46724245","buyTxId":"faf360a0a69d2f76a2edaa89267b7107a0aa68f3","sellTxId":"582be646b1b36e32480955fbfaf199a6b2d06edd"}
{"index": {"_index":"leo","_id":"3223424"}}
	{"id":3223424,"type":"buy","buyer":"globalcurrencies","seller":"leomaker","symbol":"LEO","quantity":"40.892","price":"0.18499400","timestamp":1650248889,"volume":"7.56477465","buyTxId":"faf360a0a69d2f76a2edaa89267b7107a0aa68f3","sellTxId":"b6df99de515f4165ececd640816757b87858ad1f"}
{"index": {"_index":"leo","_id":"3223425"}}
	{"id":3223425,"type":"buy","buyer":"globalcurrencies","seller":"leomaker","symbol":"LEO","quantity":"41.417","price":"0.18499500","timestamp":1650248889,"volume":"7.66193792","buyTxId":"faf360a0a69d2f76a2edaa89267b7107a0aa68f3","sellTxId":"1e568774885e0e5c400c13e9ed8ff65aecf8f735"}
{"index": {"_index":"leo","_id":"3223426"}}
	{"id":3223426,"type":"buy","buyer":"globalcurrencies","seller":"leomaker","symbol":"LEO","quantity":"41.948","price":"0.18499600","timestamp":1650248889,"volume":"7.76021221","buyTxId":"faf360a0a69d2f76a2edaa89267b7107a0aa68f3","sellTxId":"09c2d60c178eae310b6c56afcec80a81f81ed182"}
{"index": {"_index":"leo","_id":"3223427"}}
	{"id":3223427,"type":"buy","buyer":"globalcurrencies","seller":"leomaker","symbol":"LEO","quantity":"42.484","price":"0.18499700","timestamp":1650248889,"volume":"7.85941255","buyTxId":"faf360a0a69d2f76a2edaa89267b7107a0aa68f3","sellTxId":"5dfd41684af17b035e95e11d83b649f0e861b75d"}
{"index": {"_index":"leo","_id":"3223428"}}
	{"id":3223428,"type":"buy","buyer":"globalcurrencies","seller":"leomaker","symbol":"LEO","quantity":"43.021","price":"0.18499800","timestamp":1650248889,"volume":"7.95879896","buyTxId":"faf360a0a69d2f76a2edaa89267b7107a0aa68f3","sellTxId":"b6b2a2751e632688d2f6b8e738433952fbe0db8a"}
{"index": {"_index":"leo","_id":"3223429"}}
	{"id":3223429,"type":"buy","buyer":"globalcurrencies","seller":"leomaker","symbol":"LEO","quantity":"43.566","price":"0.18499900","timestamp":1650248889,"volume":"8.05966643","buyTxId":"faf360a0a69d2f76a2edaa89267b7107a0aa68f3","sellTxId":"e42f8f4bb80c344f7be42e9586bc2be1c50c25f1"}
{"index": {"_index":"leo","_id":"3223430"}}
	{"id":3223430,"type":"buy","buyer":"globalcurrencies","seller":"master-lamps","symbol":"LEO","quantity":"2.382","price":"0.18500000","timestamp":1650248889,"volume":"0.44067000","buyTxId":"faf360a0a69d2f76a2edaa89267b7107a0aa68f3","sellTxId":"541d3a8c8877459cb9215089f0136ab0b4c4b233"}
{"index": {"_index":"leo","_id":"3223431"}}
	{"id":3223431,"type":"sell","buyer":"globalcurrencies","seller":"konvik","symbol":"LEO","quantity":"597.085","price":"0.18500000","timestamp":1650248892,"volume":"110.46072500","buyTxId":"faf360a0a69d2f76a2edaa89267b7107a0aa68f3","sellTxId":"d3b9f6be3655d98c5f19fc579dc89803494c098e-1"}
{"index": {"_index":"leo","_id":"3223440"}}
	{"id":3223440,"type":"buy","buyer":"globalcurrencies","seller":"enginemaker","symbol":"LEO","quantity":"14.422","price":"0.18504100","timestamp":1650248955,"volume":"2.66866130","buyTxId":"45fa85a0a13444d32234b4b568832f115419c29b","sellTxId":"MM-P-16579729-63569106-3-1-0"}
{"index": {"_index":"leo","_id":"3223441"}}
	{"id":3223441,"type":"buy","buyer":"globalcurrencies","seller":"leomaker","symbol":"LEO","quantity":"18.563","price":"0.18505000","timestamp":1650248955,"volume":"3.43508315","buyTxId":"45fa85a0a13444d32234b4b568832f115419c29b","sellTxId":"2c9a781e7f83404f355b471ca7119051f8cb82a7"}
{"index": {"_index":"leo","_id":"3223442"}}
	{"id":3223442,"type":"buy","buyer":"globalcurrencies","seller":"brofi-market","symbol":"LEO","quantity":"0.001","price":"0.18505000","timestamp":1650248955,"volume":"0.00018505","buyTxId":"45fa85a0a13444d32234b4b568832f115419c29b","sellTxId":"1f639e0b511f2aaf823e6e835d814add9db5daa4"}
{"index": {"_index":"leo","_id":"3223443"}}
	{"id":3223443,"type":"buy","buyer":"globalcurrencies","seller":"brofi-market","symbol":"LEO","quantity":"8.852","price":"0.18505100","timestamp":1650248955,"volume":"1.63807145","buyTxId":"45fa85a0a13444d32234b4b568832f115419c29b","sellTxId":"33ab6db689ab5bfd5162637d2330adc1854f1a19"}
{"index": {"_index":"leo","_id":"3223444"}}
	{"id":3223444,"type":"buy","buyer":"globalcurrencies","seller":"dhedge-drips","symbol":"LEO","quantity":"0.948","price":"0.18505100","timestamp":1650248955,"volume":"0.17542835","buyTxId":"45fa85a0a13444d32234b4b568832f115419c29b","sellTxId":"fefc3fe02c7c1554c5cb5f1dc115bae1584c2299"}
{"index": {"_index":"leo","_id":"3223445"}}
	{"id":3223445,"type":"sell","buyer":"globalcurrencies","seller":"konvik","symbol":"LEO","quantity":"231.120","price":"0.18550000","timestamp":1650248958,"volume":"42.87276000","buyTxId":"45fa85a0a13444d32234b4b568832f115419c29b","sellTxId":"6ada3bb78671f6fd9da0fa729463c3a21d9801b6-1"}
