{"index": {"_index":"leo","_id":"3365750"}}
	{"id":3365750,"type":"sell","buyer":"hive-combine","seller":"steem82868","symbol":"LEO","quantity":"0.032","price":"0.17108296","timestamp":1651893999,"volume":"0.00547465","buyTxId":"5c3385a9a23b2ff07f415c98bad33536ccdd1871","sellTxId":"b294684c4a824eeb65d58b59258c372bf9597734"}
{"index": {"_index":"leo","_id":"3365801"}}
	{"id":3365801,"type":"sell","buyer":"hive-combine","seller":"gungunkrishu","symbol":"LEO","quantity":"31.359","price":"0.17108296","timestamp":1651895400,"volume":"5.36499054","buyTxId":"5c3385a9a23b2ff07f415c98bad33536ccdd1871","sellTxId":"83c39cc64aec24b9c75532945a461677dd447dfe"}
{"index": {"_index":"leo","_id":"3365930"}}
	{"id":3365930,"type":"sell","buyer":"hive-combine","seller":"gungunkrishu","symbol":"LEO","quantity":"68.525","price":"0.17108296","timestamp":1651896276,"volume":"11.72345983","buyTxId":"5c3385a9a23b2ff07f415c98bad33536ccdd1871","sellTxId":"d29f678cfd89a17d42414abcfd9dd0d7252a4f4c"}
{"index": {"_index":"leo","_id":"3366203"}}
	{"id":3366203,"type":"sell","buyer":"hive-combine","seller":"prechidi","symbol":"LEO","quantity":"4.515","price":"0.17108296","timestamp":1651902510,"volume":"0.77243956","buyTxId":"5c3385a9a23b2ff07f415c98bad33536ccdd1871","sellTxId":"0de48b3d7688ea1ca5dced4ae773d98335347f98"}
{"index": {"_index":"leo","_id":"3366204"}}
	{"id":3366204,"type":"sell","buyer":"hive-combine","seller":"prechidi","symbol":"LEO","quantity":"4.515","price":"0.17108296","timestamp":1651902531,"volume":"0.77243956","buyTxId":"5c3385a9a23b2ff07f415c98bad33536ccdd1871","sellTxId":"67edd6e5a4ade585689566c6494ce41e414006aa"}
{"index": {"_index":"leo","_id":"3366392"}}
	{"id":3366392,"type":"buy","buyer":"niallon11","seller":"pi-trader","symbol":"LEO","quantity":"100.000","price":"0.17599999","timestamp":1651905177,"volume":"17.59999900","buyTxId":"b89943879194c53b26aef5c2d8eea50195bd0919","sellTxId":"21cc9e748947b4d09e8e3f8f61bbdd8c5419f85d-1"}
{"index": {"_index":"leo","_id":"3366393"}}
	{"id":3366393,"type":"buy","buyer":"niallon11","seller":"leveragetrading","symbol":"LEO","quantity":"28.609","price":"0.17600000","timestamp":1651905177,"volume":"5.03518400","buyTxId":"b89943879194c53b26aef5c2d8eea50195bd0919","sellTxId":"4a7fe4ae5d5a8093e3c1de903ae1c717e03709b1"}
{"index": {"_index":"leo","_id":"3366394"}}
	{"id":3366394,"type":"buy","buyer":"niallon11","seller":"leomaker","symbol":"LEO","quantity":"2.204","price":"0.17693800","timestamp":1651905177,"volume":"0.38997135","buyTxId":"b89943879194c53b26aef5c2d8eea50195bd0919","sellTxId":"8fa5024724ee70c88491b94be012978a5424a833"}
{"index": {"_index":"leo","_id":"3366395"}}
	{"id":3366395,"type":"buy","buyer":"niallon11","seller":"leomaker","symbol":"LEO","quantity":"2.202","price":"0.17693800","timestamp":1651905177,"volume":"0.38961748","buyTxId":"b89943879194c53b26aef5c2d8eea50195bd0919","sellTxId":"8d898fe43ace0aad75549dc5df4443e8e1f1bc7d"}
{"index": {"_index":"leo","_id":"3366396"}}
	{"id":3366396,"type":"buy","buyer":"niallon11","seller":"leomaker","symbol":"LEO","quantity":"2.202","price":"0.17693800","timestamp":1651905177,"volume":"0.38961748","buyTxId":"b89943879194c53b26aef5c2d8eea50195bd0919","sellTxId":"843de70c3a57204c0ec73ecc3a8cee2d578311e6"}
{"index": {"_index":"leo","_id":"3366397"}}
	{"id":3366397,"type":"buy","buyer":"niallon11","seller":"leomaker","symbol":"LEO","quantity":"2.201","price":"0.17693800","timestamp":1651905177,"volume":"0.38944054","buyTxId":"b89943879194c53b26aef5c2d8eea50195bd0919","sellTxId":"24a9e14021b9ee05242e111a721c921b65e5cee8"}
{"index": {"_index":"leo","_id":"3366398"}}
	{"id":3366398,"type":"buy","buyer":"niallon11","seller":"leomaker","symbol":"LEO","quantity":"2.201","price":"0.17693800","timestamp":1651905177,"volume":"0.38944054","buyTxId":"b89943879194c53b26aef5c2d8eea50195bd0919","sellTxId":"979c4568499560b0e482b8b934196e26ec22270e"}
{"index": {"_index":"leo","_id":"3366399"}}
	{"id":3366399,"type":"buy","buyer":"niallon11","seller":"leomaker","symbol":"LEO","quantity":"2.201","price":"0.17693800","timestamp":1651905177,"volume":"0.38944054","buyTxId":"b89943879194c53b26aef5c2d8eea50195bd0919","sellTxId":"1ab216e1afd31d0d25c25ec6cbf450949746977a"}
{"index": {"_index":"leo","_id":"3366400"}}
	{"id":3366400,"type":"buy","buyer":"niallon11","seller":"leomaker","symbol":"LEO","quantity":"2.200","price":"0.17693800","timestamp":1651905177,"volume":"0.38926360","buyTxId":"b89943879194c53b26aef5c2d8eea50195bd0919","sellTxId":"8c5f9ec62cc942279b59193d12dc2c005c7f6dc3"}
{"index": {"_index":"leo","_id":"3366401"}}
	{"id":3366401,"type":"buy","buyer":"niallon11","seller":"leomaker","symbol":"LEO","quantity":"2.198","price":"0.17693800","timestamp":1651905177,"volume":"0.38890972","buyTxId":"b89943879194c53b26aef5c2d8eea50195bd0919","sellTxId":"0d5f7d5eab7632b95d76a0d9068000adeb040a56"}
{"index": {"_index":"leo","_id":"3366402"}}
	{"id":3366402,"type":"buy","buyer":"niallon11","seller":"leomaker","symbol":"LEO","quantity":"2.198","price":"0.17693800","timestamp":1651905177,"volume":"0.38890972","buyTxId":"b89943879194c53b26aef5c2d8eea50195bd0919","sellTxId":"5f1070808eb1ce77620bad8e0535c07574355760"}
{"index": {"_index":"leo","_id":"3366403"}}
	{"id":3366403,"type":"buy","buyer":"niallon11","seller":"leomaker","symbol":"LEO","quantity":"2.197","price":"0.17693800","timestamp":1651905177,"volume":"0.38873279","buyTxId":"b89943879194c53b26aef5c2d8eea50195bd0919","sellTxId":"011ae2578575a5968f1996e8f02abd508192f53b"}
{"index": {"_index":"leo","_id":"3366404"}}
	{"id":3366404,"type":"buy","buyer":"niallon11","seller":"leomaker","symbol":"LEO","quantity":"2.197","price":"0.17693800","timestamp":1651905177,"volume":"0.38873279","buyTxId":"b89943879194c53b26aef5c2d8eea50195bd0919","sellTxId":"d8fd75484cbd6c0c465c46b04d61c64cca855ca5"}
{"index": {"_index":"leo","_id":"3366405"}}
	{"id":3366405,"type":"buy","buyer":"niallon11","seller":"leomaker","symbol":"LEO","quantity":"2.197","price":"0.17693800","timestamp":1651905177,"volume":"0.38873279","buyTxId":"b89943879194c53b26aef5c2d8eea50195bd0919","sellTxId":"ce41ab200a364a1ffc858102f05a37d3a402224f"}
{"index": {"_index":"leo","_id":"3366406"}}
	{"id":3366406,"type":"buy","buyer":"niallon11","seller":"leomaker","symbol":"LEO","quantity":"2.196","price":"0.17693800","timestamp":1651905177,"volume":"0.38855585","buyTxId":"b89943879194c53b26aef5c2d8eea50195bd0919","sellTxId":"b763935473470a4ce0559c4420664a572b9a8c91"}
{"index": {"_index":"leo","_id":"3366407"}}
	{"id":3366407,"type":"buy","buyer":"niallon11","seller":"leomaker","symbol":"LEO","quantity":"2.196","price":"0.17693800","timestamp":1651905177,"volume":"0.38855585","buyTxId":"b89943879194c53b26aef5c2d8eea50195bd0919","sellTxId":"21cb467d9dd48b59867a01f5337e1c2ad54441af"}
{"index": {"_index":"leo","_id":"3366408"}}
	{"id":3366408,"type":"buy","buyer":"niallon11","seller":"leomaker","symbol":"LEO","quantity":"2.194","price":"0.17693800","timestamp":1651905177,"volume":"0.38820197","buyTxId":"b89943879194c53b26aef5c2d8eea50195bd0919","sellTxId":"d2d3b380ca1fa72cf2c6c207323b3b49eabe084a"}
{"index": {"_index":"leo","_id":"3366409"}}
	{"id":3366409,"type":"buy","buyer":"niallon11","seller":"leomaker","symbol":"LEO","quantity":"2.194","price":"0.17693800","timestamp":1651905177,"volume":"0.38820197","buyTxId":"b89943879194c53b26aef5c2d8eea50195bd0919","sellTxId":"f3dd2c95cf93f61ccb711461875d2fb090b67de9"}
{"index": {"_index":"leo","_id":"3366410"}}
	{"id":3366410,"type":"buy","buyer":"niallon11","seller":"leomaker","symbol":"LEO","quantity":"2.193","price":"0.17693800","timestamp":1651905177,"volume":"0.38802503","buyTxId":"b89943879194c53b26aef5c2d8eea50195bd0919","sellTxId":"6c2bbed99d423db63e4fca1dca4efacc6a5c9139"}
{"index": {"_index":"leo","_id":"3366411"}}
	{"id":3366411,"type":"buy","buyer":"niallon11","seller":"leomaker","symbol":"LEO","quantity":"2.193","price":"0.17693800","timestamp":1651905177,"volume":"0.38802503","buyTxId":"b89943879194c53b26aef5c2d8eea50195bd0919","sellTxId":"53b7b15dfae48db982ab21db0e1bf34e3c9d1647"}
{"index": {"_index":"leo","_id":"3366412"}}
	{"id":3366412,"type":"buy","buyer":"niallon11","seller":"leomaker","symbol":"LEO","quantity":"2.193","price":"0.17693800","timestamp":1651905177,"volume":"0.38802503","buyTxId":"b89943879194c53b26aef5c2d8eea50195bd0919","sellTxId":"c3faffcedf47de88c673345206dee19569247b05"}
{"index": {"_index":"leo","_id":"3366413"}}
	{"id":3366413,"type":"buy","buyer":"niallon11","seller":"leomaker","symbol":"LEO","quantity":"2.192","price":"0.17693800","timestamp":1651905177,"volume":"0.38784810","buyTxId":"b89943879194c53b26aef5c2d8eea50195bd0919","sellTxId":"6738cd236a2f3a467d66c48cda659915069f1cb9"}
{"index": {"_index":"leo","_id":"3366414"}}
	{"id":3366414,"type":"buy","buyer":"niallon11","seller":"leomaker","symbol":"LEO","quantity":"2.190","price":"0.17693800","timestamp":1651905177,"volume":"0.38749422","buyTxId":"b89943879194c53b26aef5c2d8eea50195bd0919","sellTxId":"47fdae82c274d5353ae0ca5bfff4c8357aa4ef30"}
{"index": {"_index":"leo","_id":"3366415"}}
	{"id":3366415,"type":"buy","buyer":"niallon11","seller":"leomaker","symbol":"LEO","quantity":"2.190","price":"0.17693800","timestamp":1651905177,"volume":"0.38749422","buyTxId":"b89943879194c53b26aef5c2d8eea50195bd0919","sellTxId":"54fff8f7a3112c420f7406b42c2227fb6c2c34f1"}
{"index": {"_index":"leo","_id":"3366416"}}
	{"id":3366416,"type":"buy","buyer":"niallon11","seller":"leomaker","symbol":"LEO","quantity":"2.189","price":"0.17693800","timestamp":1651905177,"volume":"0.38731728","buyTxId":"b89943879194c53b26aef5c2d8eea50195bd0919","sellTxId":"1e420532901fa67dcebfaf7a0710df1fb8127f5b"}
{"index": {"_index":"leo","_id":"3366417"}}
	{"id":3366417,"type":"buy","buyer":"niallon11","seller":"leomaker","symbol":"LEO","quantity":"2.189","price":"0.17693800","timestamp":1651905177,"volume":"0.38731728","buyTxId":"b89943879194c53b26aef5c2d8eea50195bd0919","sellTxId":"ddcbeef66c3a50e2c9ae78e0174fb4453d3ba083"}
{"index": {"_index":"leo","_id":"3366418"}}
	{"id":3366418,"type":"buy","buyer":"niallon11","seller":"leomaker","symbol":"LEO","quantity":"2.189","price":"0.17693800","timestamp":1651905177,"volume":"0.38731728","buyTxId":"b89943879194c53b26aef5c2d8eea50195bd0919","sellTxId":"84c50528cc381126df205c05aaef3b2f8d524d35"}
{"index": {"_index":"leo","_id":"3366419"}}
	{"id":3366419,"type":"buy","buyer":"niallon11","seller":"leomaker","symbol":"LEO","quantity":"2.188","price":"0.17693800","timestamp":1651905177,"volume":"0.38714034","buyTxId":"b89943879194c53b26aef5c2d8eea50195bd0919","sellTxId":"790daf784413d4b624942bf6521427b57e1b0f08"}
{"index": {"_index":"leo","_id":"3366420"}}
	{"id":3366420,"type":"buy","buyer":"niallon11","seller":"leomaker","symbol":"LEO","quantity":"2.188","price":"0.17693800","timestamp":1651905177,"volume":"0.38714034","buyTxId":"b89943879194c53b26aef5c2d8eea50195bd0919","sellTxId":"d30c4b78b16a77c42352bb4bc77c9348a4b971e6"}
{"index": {"_index":"leo","_id":"3366421"}}
	{"id":3366421,"type":"buy","buyer":"niallon11","seller":"leomaker","symbol":"LEO","quantity":"2.186","price":"0.17693800","timestamp":1651905177,"volume":"0.38678647","buyTxId":"b89943879194c53b26aef5c2d8eea50195bd0919","sellTxId":"fae18db9129a911ce92d077ae1656c55da3aba9d"}
{"index": {"_index":"leo","_id":"3366422"}}
	{"id":3366422,"type":"buy","buyer":"niallon11","seller":"leomaker","symbol":"LEO","quantity":"2.186","price":"0.17693800","timestamp":1651905177,"volume":"0.38678647","buyTxId":"b89943879194c53b26aef5c2d8eea50195bd0919","sellTxId":"a7fa4a5469b40ea03bc927af30d7657ace3e1752"}
{"index": {"_index":"leo","_id":"3366423"}}
	{"id":3366423,"type":"buy","buyer":"niallon11","seller":"leomaker","symbol":"LEO","quantity":"2.185","price":"0.17693800","timestamp":1651905177,"volume":"0.38660953","buyTxId":"b89943879194c53b26aef5c2d8eea50195bd0919","sellTxId":"d2b56087ecd9643678af8d2d91b71949b46a699b"}
{"index": {"_index":"leo","_id":"3366424"}}
	{"id":3366424,"type":"buy","buyer":"niallon11","seller":"leomaker","symbol":"LEO","quantity":"2.185","price":"0.17693800","timestamp":1651905177,"volume":"0.38660953","buyTxId":"b89943879194c53b26aef5c2d8eea50195bd0919","sellTxId":"5838a7a5908a78269a9372550e26ecc206ab3854"}
{"index": {"_index":"leo","_id":"3366425"}}
	{"id":3366425,"type":"buy","buyer":"niallon11","seller":"leomaker","symbol":"LEO","quantity":"0.703","price":"0.17693800","timestamp":1651905177,"volume":"0.12438741","buyTxId":"b89943879194c53b26aef5c2d8eea50195bd0919","sellTxId":"02be422187379a169651fd06e0b57c963e9ae7ac"}
{"index": {"_index":"leo","_id":"3366449"}}
	{"id":3366449,"type":"sell","buyer":"hive-combine","seller":"kolbjorn","symbol":"LEO","quantity":"29.049","price":"0.17108296","timestamp":1651905639,"volume":"4.96978891","buyTxId":"5c3385a9a23b2ff07f415c98bad33536ccdd1871","sellTxId":"bae60bbb3397366663d434b4c96226d4024222f9"}
{"index": {"_index":"leo","_id":"3366450"}}
	{"id":3366450,"type":"sell","buyer":"ricksens85","seller":"kolbjorn","symbol":"LEO","quantity":"24.924","price":"0.17108296","timestamp":1651905639,"volume":"4.26407170","buyTxId":"82858e39e7a5b398ea05933123b5c6a97d765bc9","sellTxId":"bae60bbb3397366663d434b4c96226d4024222f9"}
{"index": {"_index":"leo","_id":"3366464"}}
	{"id":3366464,"type":"sell","buyer":"ricksens85","seller":"lichtblick","symbol":"LEO","quantity":"103.771","price":"0.17108296","timestamp":1651906101,"volume":"17.75344984","buyTxId":"82858e39e7a5b398ea05933123b5c6a97d765bc9","sellTxId":"aab4d9c34599d137fbfd951896f2bbf2ca906e01"}
{"index": {"_index":"leo","_id":"3366522"}}
	{"id":3366522,"type":"sell","buyer":"hive-combine","seller":"lionsuit","symbol":"LEO","quantity":"12.553","price":"0.17108296","timestamp":1651906968,"volume":"2.14760440","buyTxId":"d7cc2cc6545e75ea7d8f923c8625a39c2547cdf7","sellTxId":"97018ea9c565e5ab6e14ef46dd17b760f8d30f94"}
{"index": {"_index":"leo","_id":"3366529"}}
	{"id":3366529,"type":"sell","buyer":"hive-combine","seller":"lionsuit","symbol":"LEO","quantity":"0.149","price":"0.17108296","timestamp":1651907124,"volume":"0.02549136","buyTxId":"d7cc2cc6545e75ea7d8f923c8625a39c2547cdf7","sellTxId":"7027592091e7c991298f81a424968835aa13374c"}
{"index": {"_index":"leo","_id":"3366576"}}
	{"id":3366576,"type":"sell","buyer":"hivemaker","seller":"captainquack22","symbol":"LEO","quantity":"1.426","price":"0.17108301","timestamp":1651907955,"volume":"0.24396437","buyTxId":"6a6d47433771af62b76b532e79ca2b9916893398","sellTxId":"4743eab78605275b5320ee99a09905aa5635e4c5"}
{"index": {"_index":"leo","_id":"3366706"}}
	{"id":3366706,"type":"sell","buyer":"hivemaker","seller":"lotto-de","symbol":"LEO","quantity":"0.568","price":"0.17108301","timestamp":1651910373,"volume":"0.09717515","buyTxId":"6a6d47433771af62b76b532e79ca2b9916893398","sellTxId":"d11cf4826f4016c58327c745a0f61cfedddadc17"}
{"index": {"_index":"leo","_id":"3366716"}}
	{"id":3366716,"type":"sell","buyer":"hivemaker","seller":"berthold","symbol":"LEO","quantity":"0.568","price":"0.17108301","timestamp":1651910619,"volume":"0.09717515","buyTxId":"6a6d47433771af62b76b532e79ca2b9916893398","sellTxId":"079e6b5bf127a0dc214d462f87210d921fec658e"}
{"index": {"_index":"leo","_id":"3366721"}}
	{"id":3366721,"type":"sell","buyer":"hivemaker","seller":"miketr","symbol":"LEO","quantity":"0.948","price":"0.17108301","timestamp":1651910718,"volume":"0.16218669","buyTxId":"6a6d47433771af62b76b532e79ca2b9916893398","sellTxId":"7fe548057bdb33dbc35ef7fa278bfb90aa5dc269"}
{"index": {"_index":"leo","_id":"3366798"}}
	{"id":3366798,"type":"sell","buyer":"hivemaker","seller":"russia-btc","symbol":"LEO","quantity":"32.229","price":"0.17108301","timestamp":1651911372,"volume":"5.51383433","buyTxId":"6a6d47433771af62b76b532e79ca2b9916893398","sellTxId":"7c4578b1ceec818959d56e65925fabff0774a225"}
{"index": {"_index":"leo","_id":"3366808"}}
	{"id":3366808,"type":"sell","buyer":"hivemaker","seller":"marvinix","symbol":"LEO","quantity":"1.33","price":"0.17108301","timestamp":1651911450,"volume":"0.22754040","buyTxId":"6a6d47433771af62b76b532e79ca2b9916893398","sellTxId":"a88454d35c660b1055b1915d96f37c0b052f7b62"}
{"index": {"_index":"leo","_id":"3366891"}}
	{"id":3366891,"type":"sell","buyer":"hivemaker","seller":"steem82868","symbol":"LEO","quantity":"0.008","price":"0.17108301","timestamp":1651912695,"volume":"0.00136866","buyTxId":"6a6d47433771af62b76b532e79ca2b9916893398","sellTxId":"2f6a17cbcffcecb9f6ae8d6a8e78c73906a2ffec"}
{"index": {"_index":"leo","_id":"3366936"}}
	{"id":3366936,"type":"sell","buyer":"hivemaker","seller":"interpretation","symbol":"LEO","quantity":"4.395","price":"0.17108301","timestamp":1651913601,"volume":"0.75190983","buyTxId":"6a6d47433771af62b76b532e79ca2b9916893398","sellTxId":"494033a541e2234db0e7fdf5794bf323c17f37b1"}
{"index": {"_index":"leo","_id":"3366964"}}
	{"id":3366964,"type":"sell","buyer":"hivemaker","seller":"frau-technik","symbol":"LEO","quantity":"0.011","price":"0.17108301","timestamp":1651913952,"volume":"0.00188191","buyTxId":"6a6d47433771af62b76b532e79ca2b9916893398","sellTxId":"a60f01961efa14412676a1137bc161a3d989e9fb"}
{"index": {"_index":"leo","_id":"3366986"}}
	{"id":3366986,"type":"sell","buyer":"hivemaker","seller":"microbot","symbol":"LEO","quantity":"0.191","price":"0.17108301","timestamp":1651914123,"volume":"0.03267685","buyTxId":"6a6d47433771af62b76b532e79ca2b9916893398","sellTxId":"39a08bc43ceaf2fa22e4f7313bea613a8feddc14"}
{"index": {"_index":"leo","_id":"3366992"}}
	{"id":3366992,"type":"sell","buyer":"hivemaker","seller":"isnochys","symbol":"LEO","quantity":"0.190","price":"0.17108301","timestamp":1651914159,"volume":"0.03250577","buyTxId":"6a6d47433771af62b76b532e79ca2b9916893398","sellTxId":"38cb83e5da4135e0aac614b2aef5aef36aef1cc9"}
{"index": {"_index":"leo","_id":"3366997"}}
	{"id":3366997,"type":"sell","buyer":"hivemaker","seller":"grand.strategy","symbol":"LEO","quantity":"0.191","price":"0.17108301","timestamp":1651914231,"volume":"0.03267685","buyTxId":"6a6d47433771af62b76b532e79ca2b9916893398","sellTxId":"1d6f8dc7052b9df2a1413f24b974ddf3d4c0891e"}
{"index": {"_index":"leo","_id":"3367050"}}
	{"id":3367050,"type":"sell","buyer":"hivemaker","seller":"hironakamura","symbol":"LEO","quantity":"100.000","price":"0.17108301","timestamp":1651915092,"volume":"17.10830100","buyTxId":"6a6d47433771af62b76b532e79ca2b9916893398","sellTxId":"fc7b8aba7f8633d9112344c88dd461c0966f7c2e"}
{"index": {"_index":"leo","_id":"3367294"}}
	{"id":3367294,"type":"sell","buyer":"hivemaker","seller":"jphamer1","symbol":"LEO","quantity":"6.015","price":"0.17108301","timestamp":1651918800,"volume":"1.02906431","buyTxId":"6a6d47433771af62b76b532e79ca2b9916893398","sellTxId":"dfb08050353971c0313875a105f73d0466cb69e3"}
{"index": {"_index":"leo","_id":"3367295"}}
	{"id":3367295,"type":"sell","buyer":"leomaker","seller":"jphamer1","symbol":"LEO","quantity":"24.315","price":"0.17108200","timestamp":1651918800,"volume":"4.15985883","buyTxId":"747ea2441042a6b130b82376e513114fd67fb701","sellTxId":"dfb08050353971c0313875a105f73d0466cb69e3"}
{"index": {"_index":"leo","_id":"3367296"}}
	{"id":3367296,"type":"sell","buyer":"leomaker","seller":"jphamer1","symbol":"LEO","quantity":"19.934","price":"0.17107900","timestamp":1651918800,"volume":"3.41028879","buyTxId":"fe2b1296ea438b273f35f61cb3f88dd8129914fe","sellTxId":"dfb08050353971c0313875a105f73d0466cb69e3"}
{"index": {"_index":"leo","_id":"3367388"}}
	{"id":3367388,"type":"sell","buyer":"leomaker","seller":"dera123","symbol":"LEO","quantity":"4.640","price":"0.17107900","timestamp":1651919919,"volume":"0.79380656","buyTxId":"fe2b1296ea438b273f35f61cb3f88dd8129914fe","sellTxId":"2ab56c245782714b0554db2b39f34cb3007c1a12"}
{"index": {"_index":"leo","_id":"3367389"}}
	{"id":3367389,"type":"sell","buyer":"leomaker","seller":"dera123","symbol":"LEO","quantity":"24.835","price":"0.17107600","timestamp":1651919919,"volume":"4.24867246","buyTxId":"9e71ae2f19c15292442d2538e7565ceb164bcbd4","sellTxId":"2ab56c245782714b0554db2b39f34cb3007c1a12"}
{"index": {"_index":"leo","_id":"3367390"}}
	{"id":3367390,"type":"sell","buyer":"leomaker","seller":"dera123","symbol":"LEO","quantity":"8.442","price":"0.17107300","timestamp":1651919919,"volume":"1.44419827","buyTxId":"8de7386c8abeb1cce223100c99183e29765c9ff0","sellTxId":"2ab56c245782714b0554db2b39f34cb3007c1a12"}
{"index": {"_index":"leo","_id":"3367391"}}
	{"id":3367391,"type":"sell","buyer":"leomaker","seller":"dera123","symbol":"LEO","quantity":"8.532","price":"0.17107000","timestamp":1651919919,"volume":"1.45956924","buyTxId":"ac55316735159405c25712003c6686ff1894fd26","sellTxId":"2ab56c245782714b0554db2b39f34cb3007c1a12"}
{"index": {"_index":"leo","_id":"3367392"}}
	{"id":3367392,"type":"sell","buyer":"leomaker","seller":"dera123","symbol":"LEO","quantity":"8.622","price":"0.17106700","timestamp":1651919919,"volume":"1.47493967","buyTxId":"a55e1f98ecb0a4f1a584c611242156abc3e27479","sellTxId":"2ab56c245782714b0554db2b39f34cb3007c1a12"}
{"index": {"_index":"leo","_id":"3367393"}}
	{"id":3367393,"type":"sell","buyer":"leomaker","seller":"dera123","symbol":"LEO","quantity":"8.714","price":"0.17106400","timestamp":1651919919,"volume":"1.49065170","buyTxId":"bdb55a3cc03112dc883a06f393c76da4ded57e0f","sellTxId":"2ab56c245782714b0554db2b39f34cb3007c1a12"}
{"index": {"_index":"leo","_id":"3367394"}}
	{"id":3367394,"type":"sell","buyer":"leomaker","seller":"dera123","symbol":"LEO","quantity":"8.807","price":"0.17106100","timestamp":1651919919,"volume":"1.50653423","buyTxId":"dbcca30c35ad6146dc2a2c6bbc68e77c5fd0652f","sellTxId":"2ab56c245782714b0554db2b39f34cb3007c1a12"}
{"index": {"_index":"leo","_id":"3367395"}}
	{"id":3367395,"type":"sell","buyer":"leomaker","seller":"dera123","symbol":"LEO","quantity":"8.900","price":"0.17105800","timestamp":1651919919,"volume":"1.52241620","buyTxId":"7b75393f52ed47321ae14ea8ff98c463982ac042","sellTxId":"2ab56c245782714b0554db2b39f34cb3007c1a12"}
{"index": {"_index":"leo","_id":"3367396"}}
	{"id":3367396,"type":"sell","buyer":"leomaker","seller":"dera123","symbol":"LEO","quantity":"8.987","price":"0.17105400","timestamp":1651919919,"volume":"1.53726230","buyTxId":"12db66c531396f81db15ad6403481850a5e7c003","sellTxId":"2ab56c245782714b0554db2b39f34cb3007c1a12"}
{"index": {"_index":"leo","_id":"3367397"}}
	{"id":3367397,"type":"sell","buyer":"leomaker","seller":"dera123","symbol":"LEO","quantity":"9.082","price":"0.17105100","timestamp":1651919919,"volume":"1.55348518","buyTxId":"87dfbbf1b488f9a2e3c70f58753410e7bac88298","sellTxId":"2ab56c245782714b0554db2b39f34cb3007c1a12"}
{"index": {"_index":"leo","_id":"3367398"}}
	{"id":3367398,"type":"sell","buyer":"leomaker","seller":"dera123","symbol":"LEO","quantity":"0.439","price":"0.17104800","timestamp":1651919919,"volume":"0.07509007","buyTxId":"e15edc876c3351a199e5b7eb87efdcdcdca54572","sellTxId":"2ab56c245782714b0554db2b39f34cb3007c1a12"}
{"index": {"_index":"leo","_id":"3367407"}}
	{"id":3367407,"type":"sell","buyer":"leomaker","seller":"dera123","symbol":"LEO","quantity":"8.739","price":"0.17104800","timestamp":1651919985,"volume":"1.49478847","buyTxId":"e15edc876c3351a199e5b7eb87efdcdcdca54572","sellTxId":"72c8d5159410203c122226f023a72367cc8cfe7d"}
{"index": {"_index":"leo","_id":"3367420"}}
	{"id":3367420,"type":"sell","buyer":"leomaker","seller":"dera123","symbol":"LEO","quantity":"9.275","price":"0.17104500","timestamp":1651920168,"volume":"1.58644238","buyTxId":"0c148a9acc623f1a525eb4e26a2e8cf4144de935","sellTxId":"b2e31ba6bfe7b90cf7848b7d5ff9bdcd829557e1"}
{"index": {"_index":"leo","_id":"3367421"}}
	{"id":3367421,"type":"sell","buyer":"leomaker","seller":"dera123","symbol":"LEO","quantity":"9.371","price":"0.17104200","timestamp":1651920168,"volume":"1.60283458","buyTxId":"9868dc76107912f5229441702de61f21d2c5ddc7","sellTxId":"b2e31ba6bfe7b90cf7848b7d5ff9bdcd829557e1"}
{"index": {"_index":"leo","_id":"3367422"}}
	{"id":3367422,"type":"sell","buyer":"leomaker","seller":"dera123","symbol":"LEO","quantity":"9.471","price":"0.17103900","timestamp":1651920168,"volume":"1.61991037","buyTxId":"13cf9982921ab11f1b861666b7fd6a57d3e3e498","sellTxId":"b2e31ba6bfe7b90cf7848b7d5ff9bdcd829557e1"}
{"index": {"_index":"leo","_id":"3367423"}}
	{"id":3367423,"type":"sell","buyer":"leomaker","seller":"dera123","symbol":"LEO","quantity":"9.570","price":"0.17103600","timestamp":1651920168,"volume":"1.63681452","buyTxId":"5ee212c9bfc5168975b6ff889c875a7f4db44271","sellTxId":"b2e31ba6bfe7b90cf7848b7d5ff9bdcd829557e1"}
{"index": {"_index":"leo","_id":"3367424"}}
	{"id":3367424,"type":"sell","buyer":"leomaker","seller":"dera123","symbol":"LEO","quantity":"9.670","price":"0.17103300","timestamp":1651920168,"volume":"1.65388911","buyTxId":"d18d0f822511170ee0f5228fad5dd6ab391ac676","sellTxId":"b2e31ba6bfe7b90cf7848b7d5ff9bdcd829557e1"}
{"index": {"_index":"leo","_id":"3367425"}}
	{"id":3367425,"type":"sell","buyer":"leomaker","seller":"dera123","symbol":"LEO","quantity":"9.772","price":"0.17103000","timestamp":1651920168,"volume":"1.67130516","buyTxId":"d2f393fc602870a5701fa39e99710857de86c413","sellTxId":"b2e31ba6bfe7b90cf7848b7d5ff9bdcd829557e1"}
{"index": {"_index":"leo","_id":"3367426"}}
	{"id":3367426,"type":"sell","buyer":"leomaker","seller":"dera123","symbol":"LEO","quantity":"9.868","price":"0.17102600","timestamp":1651920168,"volume":"1.68768457","buyTxId":"0a787be1031c9c4b6a2194fa40fd5a2f432378de","sellTxId":"b2e31ba6bfe7b90cf7848b7d5ff9bdcd829557e1"}
{"index": {"_index":"leo","_id":"3367427"}}
	{"id":3367427,"type":"sell","buyer":"churchoftheway","seller":"dera123","symbol":"LEO","quantity":"10.000","price":"0.17102382","timestamp":1651920168,"volume":"1.71023820","buyTxId":"003110400b509262dd39626ad7fd13c581cec0c3","sellTxId":"b2e31ba6bfe7b90cf7848b7d5ff9bdcd829557e1"}
{"index": {"_index":"leo","_id":"3367428"}}
	{"id":3367428,"type":"sell","buyer":"leomaker","seller":"dera123","symbol":"LEO","quantity":"9.971","price":"0.17102300","timestamp":1651920168,"volume":"1.70527033","buyTxId":"6c7cc41e6140a4b0b4374ad5b4005278897452af","sellTxId":"b2e31ba6bfe7b90cf7848b7d5ff9bdcd829557e1"}
{"index": {"_index":"leo","_id":"3367429"}}
	{"id":3367429,"type":"sell","buyer":"leomaker","seller":"dera123","symbol":"LEO","quantity":"10.074","price":"0.17102000","timestamp":1651920168,"volume":"1.72285548","buyTxId":"0f183c3ee9df4894b446440baf7cabb1c09c5f75","sellTxId":"b2e31ba6bfe7b90cf7848b7d5ff9bdcd829557e1"}
{"index": {"_index":"leo","_id":"3367430"}}
	{"id":3367430,"type":"sell","buyer":"leomaker","seller":"dera123","symbol":"LEO","quantity":"10.180","price":"0.17101700","timestamp":1651920168,"volume":"1.74095306","buyTxId":"368117779de0fcfad98710c3afc87c49e1f5e083","sellTxId":"b2e31ba6bfe7b90cf7848b7d5ff9bdcd829557e1"}
{"index": {"_index":"leo","_id":"3367431"}}
	{"id":3367431,"type":"sell","buyer":"leomaker","seller":"dera123","symbol":"LEO","quantity":"10.287","price":"0.17101400","timestamp":1651920168,"volume":"1.75922102","buyTxId":"e1de6b6b092528ef16441da0c9bc204ffbe18baf","sellTxId":"b2e31ba6bfe7b90cf7848b7d5ff9bdcd829557e1"}
{"index": {"_index":"leo","_id":"3367432"}}
	{"id":3367432,"type":"sell","buyer":"leomaker","seller":"dera123","symbol":"LEO","quantity":"10.394","price":"0.17101100","timestamp":1651920168,"volume":"1.77748833","buyTxId":"9ac734f79d520aec21a35a85008fdb245724324b","sellTxId":"b2e31ba6bfe7b90cf7848b7d5ff9bdcd829557e1"}
{"index": {"_index":"leo","_id":"3367433"}}
	{"id":3367433,"type":"sell","buyer":"leomaker","seller":"dera123","symbol":"LEO","quantity":"2.738","price":"0.17100800","timestamp":1651920168,"volume":"0.46821990","buyTxId":"6046021cbdf23cb25f334d51f1238f244fdf8b94","sellTxId":"b2e31ba6bfe7b90cf7848b7d5ff9bdcd829557e1"}
{"index": {"_index":"leo","_id":"3367434"}}
	{"id":3367434,"type":"sell","buyer":"leomaker","seller":"dera123","symbol":"LEO","quantity":"11.548","price":"0.17100500","timestamp":1651920168,"volume":"1.97476574","buyTxId":"7296fafd879e750b352a38e7cf62653e7d530f53","sellTxId":"b2e31ba6bfe7b90cf7848b7d5ff9bdcd829557e1"}
{"index": {"_index":"leo","_id":"3367435"}}
	{"id":3367435,"type":"sell","buyer":"leomaker","seller":"dera123","symbol":"LEO","quantity":"11.666","price":"0.17100200","timestamp":1651920168,"volume":"1.99490933","buyTxId":"34583e66081877f521687a085e40e6604534aa7f","sellTxId":"b2e31ba6bfe7b90cf7848b7d5ff9bdcd829557e1"}
{"index": {"_index":"leo","_id":"3367436"}}
	{"id":3367436,"type":"sell","buyer":"rimosbot","seller":"dera123","symbol":"LEO","quantity":"221.948","price":"0.17100004","timestamp":1651920168,"volume":"37.95311688","buyTxId":"aef4ada4e3aae09d4352d63f0a75dce981341f99","sellTxId":"b2e31ba6bfe7b90cf7848b7d5ff9bdcd829557e1"}
{"index": {"_index":"leo","_id":"3367437"}}
	{"id":3367437,"type":"sell","buyer":"gogreenbuddy","seller":"dera123","symbol":"LEO","quantity":"100.000","price":"0.17100000","timestamp":1651920168,"volume":"17.10000000","buyTxId":"ef7efa719070bd312526de533c72fbe34089fe30","sellTxId":"b2e31ba6bfe7b90cf7848b7d5ff9bdcd829557e1"}
{"index": {"_index":"leo","_id":"3367438"}}
	{"id":3367438,"type":"sell","buyer":"leomaker","seller":"dera123","symbol":"LEO","quantity":"12.832","price":"0.17021400","timestamp":1651920168,"volume":"2.18418605","buyTxId":"ac015a96636c2f1074113ea9c9fe01bd1f5dca6b","sellTxId":"b2e31ba6bfe7b90cf7848b7d5ff9bdcd829557e1"}
{"index": {"_index":"leo","_id":"3367439"}}
	{"id":3367439,"type":"sell","buyer":"leomaker","seller":"dera123","symbol":"LEO","quantity":"7.780","price":"0.17021100","timestamp":1651920168,"volume":"1.32424158","buyTxId":"d6774a97b974ce80ea2dd18d4b78e18ee8a5bdb9","sellTxId":"b2e31ba6bfe7b90cf7848b7d5ff9bdcd829557e1"}
{"index": {"_index":"leo","_id":"3367440"}}
	{"id":3367440,"type":"sell","buyer":"leomaker","seller":"dera123","symbol":"LEO","quantity":"3.585","price":"0.17020800","timestamp":1651920168,"volume":"0.61019568","buyTxId":"76e806744cb73fbd368e70b5ea50ce7c896879d4","sellTxId":"b2e31ba6bfe7b90cf7848b7d5ff9bdcd829557e1"}
{"index": {"_index":"leo","_id":"3367487"}}
	{"id":3367487,"type":"sell","buyer":"leomaker","seller":"razam","symbol":"LEO","quantity":"0.224","price":"0.17020800","timestamp":1651921578,"volume":"0.03812659","buyTxId":"76e806744cb73fbd368e70b5ea50ce7c896879d4","sellTxId":"0f6a83ad9af5364daf5ab862999375918c890f2e"}
{"index": {"_index":"leo","_id":"3367535"}}
	{"id":3367535,"type":"sell","buyer":"leomaker","seller":"toofasteddie","symbol":"LEO","quantity":"2.535","price":"0.17020800","timestamp":1651922358,"volume":"0.43147728","buyTxId":"76e806744cb73fbd368e70b5ea50ce7c896879d4","sellTxId":"b6e397095e4e9329bf0f08d384308268447b4295"}
{"index": {"_index":"leo","_id":"3367949"}}
	{"id":3367949,"type":"buy","buyer":"cassillas5553","seller":"pi-trader","symbol":"LEO","quantity":"7.017","price":"0.17599239","timestamp":1651928343,"volume":"1.235","buyTxId":"b37b131a47c195972debe83b55028fd243b007f4","sellTxId":"8f9abb0d41d341d7cd3f315f31398d7519e57907-3"}
{"index": {"_index":"leo","_id":"3368026"}}
	{"id":3368026,"type":"sell","buyer":"leomaker","seller":"themightyvolcano","symbol":"LEO","quantity":"1.524","price":"0.17020800","timestamp":1651929201,"volume":"0.25939699","buyTxId":"76e806744cb73fbd368e70b5ea50ce7c896879d4","sellTxId":"a458dc33dcc2fe181f1f5237f69c1427eaef66cc"}
{"index": {"_index":"leo","_id":"3368027"}}
	{"id":3368027,"type":"sell","buyer":"leomaker","seller":"themightyvolcano","symbol":"LEO","quantity":"7.956","price":"0.17020500","timestamp":1651929201,"volume":"1.35415098","buyTxId":"8acc6fcf139d4ad03ce3421757137cbc146b848a","sellTxId":"a458dc33dcc2fe181f1f5237f69c1427eaef66cc"}
{"index": {"_index":"leo","_id":"3368028"}}
	{"id":3368028,"type":"sell","buyer":"leomaker","seller":"themightyvolcano","symbol":"LEO","quantity":"3.953","price":"0.17020200","timestamp":1651929201,"volume":"0.67280851","buyTxId":"756776bb781cc2508fd9d5d52f509d38b55236c1","sellTxId":"a458dc33dcc2fe181f1f5237f69c1427eaef66cc"}
{"index": {"_index":"leo","_id":"3368195"}}
	{"id":3368195,"type":"sell","buyer":"leomaker","seller":"cliffagreen","symbol":"LEO","quantity":"0.823","price":"0.17020200","timestamp":1651931490,"volume":"0.14007625","buyTxId":"756776bb781cc2508fd9d5d52f509d38b55236c1","sellTxId":"7f1b774405cdc97495e126029c89e1ee337fce64"}
{"index": {"_index":"leo","_id":"3368225"}}
	{"id":3368225,"type":"sell","buyer":"leomaker","seller":"atongis","symbol":"LEO","quantity":"0.986","price":"0.17020200","timestamp":1651931793,"volume":"0.16781917","buyTxId":"756776bb781cc2508fd9d5d52f509d38b55236c1","sellTxId":"4dac4523e702aadf99230e61cd3d7a2b0811ec5e"}
{"index": {"_index":"leo","_id":"3368278"}}
	{"id":3368278,"type":"sell","buyer":"leomaker","seller":"eturnerx","symbol":"LEO","quantity":"2.283","price":"0.17020200","timestamp":1651932822,"volume":"0.38857116","buyTxId":"756776bb781cc2508fd9d5d52f509d38b55236c1","sellTxId":"7d31cc37902a0d12fb47888ba0e34c843bb0cd4b"}
{"index": {"_index":"leo","_id":"3368279"}}
	{"id":3368279,"type":"sell","buyer":"leomaker","seller":"eturnerx","symbol":"LEO","quantity":"0.312","price":"0.17013500","timestamp":1651932822,"volume":"0.05308212","buyTxId":"54032ae413d1e72f6d85bfac2bcf2739acea067d","sellTxId":"7d31cc37902a0d12fb47888ba0e34c843bb0cd4b"}
{"index": {"_index":"leo","_id":"3368331"}}
	{"id":3368331,"type":"sell","buyer":"leomaker","seller":"sodom-lv","symbol":"LEO","quantity":"7.879","price":"0.17013500","timestamp":1651933554,"volume":"1.34049367","buyTxId":"54032ae413d1e72f6d85bfac2bcf2739acea067d","sellTxId":"d7e9940a88007de4c075108d6c48a142e1a36139"}
{"index": {"_index":"leo","_id":"3368333"}}
	{"id":3368333,"type":"sell","buyer":"leomaker","seller":"sodom-lv","symbol":"LEO","quantity":"8.282","price":"0.17013200","timestamp":1651933590,"volume":"1.40903322","buyTxId":"2777dff889972135386193603c1e76c5151c85bd","sellTxId":"42b609af259134944747eb612b5704bc8f9fe02c"}
{"index": {"_index":"leo","_id":"3368335"}}
	{"id":3368335,"type":"sell","buyer":"leomaker","seller":"sodom-lv","symbol":"LEO","quantity":"8.375","price":"0.17012900","timestamp":1651933638,"volume":"1.42483038","buyTxId":"2ea4b31dcedbd5f978ce515c21f4a6dad539e0ef","sellTxId":"3313079ac787826a1c1ddc95d2856890a8600797"}
{"index": {"_index":"leo","_id":"3368338"}}
	{"id":3368338,"type":"sell","buyer":"leomaker","seller":"sodom-lv","symbol":"LEO","quantity":"8.471","price":"0.17012600","timestamp":1651933725,"volume":"1.44113735","buyTxId":"94ee936695ab0cbfa0345c40cc3a572aaa214447","sellTxId":"9416d3c06e745860b8ae5e0c4acaf0412a2392a9"}
{"index": {"_index":"leo","_id":"3368362"}}
	{"id":3368362,"type":"sell","buyer":"leomaker","seller":"sodomlv","symbol":"LEO","quantity":"8.566","price":"0.17012300","timestamp":1651934022,"volume":"1.45727362","buyTxId":"edd764c47dd3e59190223d8eb41f85a1d96fc020","sellTxId":"cde55afd776a76d9211213ccc4008d1565142ee2"}
{"index": {"_index":"leo","_id":"3368365"}}
	{"id":3368365,"type":"sell","buyer":"leomaker","seller":"sodomlv","symbol":"LEO","quantity":"8.663","price":"0.17012000","timestamp":1651934076,"volume":"1.47374956","buyTxId":"6aa2dc02838839e7c2b8c32842d58b29f0a0def9","sellTxId":"d61963e2bf600786a29963dcb84b5d82c99ba31d"}
{"index": {"_index":"leo","_id":"3368366"}}
	{"id":3368366,"type":"sell","buyer":"leomaker","seller":"sodomlv","symbol":"LEO","quantity":"8.759","price":"0.17011700","timestamp":1651934118,"volume":"1.49005480","buyTxId":"2fc2394e0e6b1aab221dac7409f1aa965ca35811","sellTxId":"bdf2fada85c08f0cbad26424a34708425a10b9f0"}
{"index": {"_index":"leo","_id":"3368377"}}
	{"id":3368377,"type":"sell","buyer":"leomaker","seller":"dera123","symbol":"LEO","quantity":"8.858","price":"0.17011400","timestamp":1651934373,"volume":"1.50686981","buyTxId":"20258ec7300905845a28ef04b8eb52e7ec9feacd","sellTxId":"1865f4b108d4155e6d095eea5f8e60b8f224de1d"}
{"index": {"_index":"leo","_id":"3368378"}}
	{"id":3368378,"type":"sell","buyer":"leomaker","seller":"dera123","symbol":"LEO","quantity":"8.958","price":"0.17011100","timestamp":1651934373,"volume":"1.52385434","buyTxId":"db0ccb05229829065134afdc4ed09b2e1ac3ca52","sellTxId":"1865f4b108d4155e6d095eea5f8e60b8f224de1d"}
{"index": {"_index":"leo","_id":"3368379"}}
	{"id":3368379,"type":"sell","buyer":"leomaker","seller":"dera123","symbol":"LEO","quantity":"9.058","price":"0.17010800","timestamp":1651934373,"volume":"1.54083826","buyTxId":"6bae66e3c6abb9cd39bfea0d2f019e0b11c28d31","sellTxId":"1865f4b108d4155e6d095eea5f8e60b8f224de1d"}
{"index": {"_index":"leo","_id":"3368380"}}
	{"id":3368380,"type":"sell","buyer":"leomaker","seller":"dera123","symbol":"LEO","quantity":"9.160","price":"0.17010500","timestamp":1651934373,"volume":"1.55816180","buyTxId":"91295bab51e468dfcf276a2bf1a299176382f952","sellTxId":"1865f4b108d4155e6d095eea5f8e60b8f224de1d"}
{"index": {"_index":"leo","_id":"3368381"}}
	{"id":3368381,"type":"sell","buyer":"leomaker","seller":"dera123","symbol":"LEO","quantity":"9.262","price":"0.17010200","timestamp":1651934373,"volume":"1.57548472","buyTxId":"12a72bb893510a16cbd44d6d8ccc95a937de16a8","sellTxId":"1865f4b108d4155e6d095eea5f8e60b8f224de1d"}
{"index": {"_index":"leo","_id":"3368382"}}
	{"id":3368382,"type":"sell","buyer":"leomaker","seller":"dera123","symbol":"LEO","quantity":"9.433","price":"0.17003100","timestamp":1651934373,"volume":"1.60390242","buyTxId":"dace7a4b7d03c25cce41dde4ddd922052b4fd608","sellTxId":"1865f4b108d4155e6d095eea5f8e60b8f224de1d"}
{"index": {"_index":"leo","_id":"3368383"}}
	{"id":3368383,"type":"sell","buyer":"leomaker","seller":"dera123","symbol":"LEO","quantity":"9.539","price":"0.17002800","timestamp":1651934373,"volume":"1.62189709","buyTxId":"aaf94f61fbbd68deb5b64bb69af29beba1301f95","sellTxId":"1865f4b108d4155e6d095eea5f8e60b8f224de1d"}
{"index": {"_index":"leo","_id":"3368384"}}
	{"id":3368384,"type":"sell","buyer":"leomaker","seller":"dera123","symbol":"LEO","quantity":"9.647","price":"0.17002600","timestamp":1651934373,"volume":"1.64024082","buyTxId":"7cf66c015f00d5061a9493a9cc39169e67a921ab","sellTxId":"1865f4b108d4155e6d095eea5f8e60b8f224de1d"}
{"index": {"_index":"leo","_id":"3368385"}}
	{"id":3368385,"type":"sell","buyer":"leomaker","seller":"dera123","symbol":"LEO","quantity":"9.755","price":"0.17002300","timestamp":1651934373,"volume":"1.65857437","buyTxId":"2bdcc61acb82a96c594f9b4af0f2a14c3c1ef092","sellTxId":"1865f4b108d4155e6d095eea5f8e60b8f224de1d"}
{"index": {"_index":"leo","_id":"3368386"}}
	{"id":3368386,"type":"sell","buyer":"leomaker","seller":"dera123","symbol":"LEO","quantity":"9.864","price":"0.17002100","timestamp":1651934373,"volume":"1.67708714","buyTxId":"fdccefe1ec46e94160a9cd9db52bfb3c050d89b3","sellTxId":"1865f4b108d4155e6d095eea5f8e60b8f224de1d"}
{"index": {"_index":"leo","_id":"3368387"}}
	{"id":3368387,"type":"sell","buyer":"leomaker","seller":"dera123","symbol":"LEO","quantity":"6.466","price":"0.17001800","timestamp":1651934373,"volume":"1.09933639","buyTxId":"c954d35c0f7d3861b72f55508b5a03ba5b503c1d","sellTxId":"1865f4b108d4155e6d095eea5f8e60b8f224de1d"}
{"index": {"_index":"leo","_id":"3368396"}}
	{"id":3368396,"type":"sell","buyer":"leomaker","seller":"der-prophet","symbol":"LEO","quantity":"3.508","price":"0.17001800","timestamp":1651934541,"volume":"0.59642314","buyTxId":"c954d35c0f7d3861b72f55508b5a03ba5b503c1d","sellTxId":"bf5ac5fa55e94522b0e1a0e9712156e73d2722df"}
{"index": {"_index":"leo","_id":"3368501"}}
	{"id":3368501,"type":"sell","buyer":"tightmut","seller":"sodomlv","symbol":"LEO","quantity":"4.200","price":"0.17001555","timestamp":1651935612,"volume":"0.71406531","buyTxId":"59065353796e0c49df903aaa6d6ea93624dd1b6c","sellTxId":"174cc6bcee334a844d8f86b70f9241da95fc1ab6"}
{"index": {"_index":"leo","_id":"3368503"}}
	{"id":3368503,"type":"sell","buyer":"leomaker","seller":"sodomlv","symbol":"LEO","quantity":"2.867","price":"0.17001500","timestamp":1651935654,"volume":"0.48743301","buyTxId":"816f2c01d81c0a1510bc2915647ba141eb6beddb","sellTxId":"5b584a7cc2dc2bc64479fd1269fda40a21025823"}
{"index": {"_index":"leo","_id":"3368600"}}
	{"id":3368600,"type":"sell","buyer":"leomaker","seller":"investinthefutur","symbol":"LEO","quantity":"1.115","price":"0.17001500","timestamp":1651936884,"volume":"0.18956673","buyTxId":"816f2c01d81c0a1510bc2915647ba141eb6beddb","sellTxId":"8cb25f87fbc16207518b88424e5004795dfebcad"}
{"index": {"_index":"leo","_id":"3368713"}}
	{"id":3368713,"type":"sell","buyer":"leomaker","seller":"dera123","symbol":"LEO","quantity":"6.104","price":"0.17001500","timestamp":1651938087,"volume":"1.03777156","buyTxId":"816f2c01d81c0a1510bc2915647ba141eb6beddb","sellTxId":"3147cd44e67de20fcb7d592143e7c2c08bea11fd"}
{"index": {"_index":"leo","_id":"3368714"}}
	{"id":3368714,"type":"sell","buyer":"leomaker","seller":"dera123","symbol":"LEO","quantity":"10.201","price":"0.17001200","timestamp":1651938087,"volume":"1.73429241","buyTxId":"85a9e4ac7d427db43a82f2c26e649f3088e44275","sellTxId":"3147cd44e67de20fcb7d592143e7c2c08bea11fd"}
{"index": {"_index":"leo","_id":"3368715"}}
	{"id":3368715,"type":"sell","buyer":"leomaker","seller":"dera123","symbol":"LEO","quantity":"10.316","price":"0.17000900","timestamp":1651938087,"volume":"1.75381284","buyTxId":"b789f64d4f59562887aadc51a2e42d52ae0d0700","sellTxId":"3147cd44e67de20fcb7d592143e7c2c08bea11fd"}
{"index": {"_index":"leo","_id":"3368716"}}
	{"id":3368716,"type":"sell","buyer":"leomaker","seller":"dera123","symbol":"LEO","quantity":"10.419","price":"0.17000600","timestamp":1651938087,"volume":"1.77129251","buyTxId":"240dd623b2dbec132d7e668707f303597157dc81","sellTxId":"3147cd44e67de20fcb7d592143e7c2c08bea11fd"}
{"index": {"_index":"leo","_id":"3368717"}}
	{"id":3368717,"type":"sell","buyer":"leomaker","seller":"dera123","symbol":"LEO","quantity":"10.535","price":"0.17000300","timestamp":1651938087,"volume":"1.79098161","buyTxId":"ba3dc5d36dd31be60f63621a9a4eecaf64d183eb","sellTxId":"3147cd44e67de20fcb7d592143e7c2c08bea11fd"}
{"index": {"_index":"leo","_id":"3368718"}}
	{"id":3368718,"type":"sell","buyer":"leomaker","seller":"dera123","symbol":"LEO","quantity":"10.721","price":"0.16994000","timestamp":1651938087,"volume":"1.82192674","buyTxId":"47e00880ff501764b00e10997be0908c8fdbec58","sellTxId":"3147cd44e67de20fcb7d592143e7c2c08bea11fd"}
{"index": {"_index":"leo","_id":"3368719"}}
	{"id":3368719,"type":"sell","buyer":"leomaker","seller":"dera123","symbol":"LEO","quantity":"10.842","price":"0.16993700","timestamp":1651938087,"volume":"1.84245695","buyTxId":"6bae0641237f011b97a30c83d5b10ed57dc23977","sellTxId":"3147cd44e67de20fcb7d592143e7c2c08bea11fd"}
{"index": {"_index":"leo","_id":"3368720"}}
	{"id":3368720,"type":"sell","buyer":"leomaker","seller":"dera123","symbol":"LEO","quantity":"10.964","price":"0.16993500","timestamp":1651938087,"volume":"1.86316734","buyTxId":"db8d5f5add7be7c56ff1789a426976e2c816c35b","sellTxId":"3147cd44e67de20fcb7d592143e7c2c08bea11fd"}
{"index": {"_index":"leo","_id":"3368721"}}
	{"id":3368721,"type":"sell","buyer":"leomaker","seller":"dera123","symbol":"LEO","quantity":"11.074","price":"0.16993200","timestamp":1651938087,"volume":"1.88182697","buyTxId":"7cc11ce0033f80c45d6323b70bb4e9ca3e6b06c5","sellTxId":"3147cd44e67de20fcb7d592143e7c2c08bea11fd"}
{"index": {"_index":"leo","_id":"3368722"}}
	{"id":3368722,"type":"sell","buyer":"leomaker","seller":"dera123","symbol":"LEO","quantity":"8.824","price":"0.16992900","timestamp":1651938087,"volume":"1.49945350","buyTxId":"e6e3e04e71643e50f63ae86268d31acf507f0083","sellTxId":"3147cd44e67de20fcb7d592143e7c2c08bea11fd"}
{"index": {"_index":"leo","_id":"3368874"}}
	{"id":3368874,"type":"sell","buyer":"leomaker","seller":"road2nowhere","symbol":"LEO","quantity":"2.375","price":"0.16992900","timestamp":1651938366,"volume":"0.40358137","buyTxId":"e6e3e04e71643e50f63ae86268d31acf507f0083","sellTxId":"a409854a60061ab40dcf4c32e627ea7924eadf9f"}
{"index": {"_index":"leo","_id":"3368985"}}
	{"id":3368985,"type":"sell","buyer":"leomaker","seller":"mcgilli","symbol":"LEO","quantity":"0.228","price":"0.16992600","timestamp":1651939377,"volume":"0.03874313","buyTxId":"ec0d7e44025808220a190cf8a902a3dcca002400","sellTxId":"1b17d187d19d3dcb7694355f89073680302056e8"}
{"index": {"_index":"leo","_id":"3368992"}}
	{"id":3368992,"type":"sell","buyer":"leomaker","seller":"konvik","symbol":"LEO","quantity":"11.098","price":"0.16992600","timestamp":1651939434,"volume":"1.88583875","buyTxId":"ec0d7e44025808220a190cf8a902a3dcca002400","sellTxId":"a8ccc9118d3ac29d3d5227b8356c8627ba42dfc7-1"}
{"index": {"_index":"leo","_id":"3368993"}}
	{"id":3368993,"type":"sell","buyer":"leomaker","seller":"konvik","symbol":"LEO","quantity":"11.454","price":"0.16992300","timestamp":1651939434,"volume":"1.94629804","buyTxId":"ab079a38309d7d8b8ce32a53f230db2edfce0cc7","sellTxId":"a8ccc9118d3ac29d3d5227b8356c8627ba42dfc7-1"}
{"index": {"_index":"leo","_id":"3368994"}}
	{"id":3368994,"type":"sell","buyer":"leomaker","seller":"konvik","symbol":"LEO","quantity":"11.582","price":"0.16992000","timestamp":1651939434,"volume":"1.96801344","buyTxId":"5266adeb6307f741b1f68fdefd3c2a97cf9502d5","sellTxId":"a8ccc9118d3ac29d3d5227b8356c8627ba42dfc7-1"}
{"index": {"_index":"leo","_id":"3368995"}}
	{"id":3368995,"type":"sell","buyer":"leomaker","seller":"konvik","symbol":"LEO","quantity":"11.711","price":"0.16991700","timestamp":1651939434,"volume":"1.98989799","buyTxId":"7138cad608dd5fa4d8f2a75dd4b8a4ea0cb5917f","sellTxId":"a8ccc9118d3ac29d3d5227b8356c8627ba42dfc7-1"}
{"index": {"_index":"leo","_id":"3368996"}}
	{"id":3368996,"type":"sell","buyer":"leomaker","seller":"konvik","symbol":"LEO","quantity":"11.843","price":"0.16991400","timestamp":1651939434,"volume":"2.01229150","buyTxId":"687d11f2299781947086f57eed512bc02c1b9feb","sellTxId":"a8ccc9118d3ac29d3d5227b8356c8627ba42dfc7-1"}
{"index": {"_index":"leo","_id":"3368997"}}
	{"id":3368997,"type":"sell","buyer":"leomaker","seller":"konvik","symbol":"LEO","quantity":"11.971","price":"0.16991100","timestamp":1651939434,"volume":"2.03400458","buyTxId":"baa7867821752c54b9c135a4985e7a6b01873b9a","sellTxId":"a8ccc9118d3ac29d3d5227b8356c8627ba42dfc7-1"}
{"index": {"_index":"leo","_id":"3368998"}}
	{"id":3368998,"type":"sell","buyer":"leomaker","seller":"konvik","symbol":"LEO","quantity":"12.105","price":"0.16990800","timestamp":1651939434,"volume":"2.05673634","buyTxId":"ed317f2f1b0880021d21819393c1f3292f2e356b","sellTxId":"a8ccc9118d3ac29d3d5227b8356c8627ba42dfc7-1"}
{"index": {"_index":"leo","_id":"3368999"}}
	{"id":3368999,"type":"sell","buyer":"leomaker","seller":"konvik","symbol":"LEO","quantity":"12.240","price":"0.16990500","timestamp":1651939434,"volume":"2.07963720","buyTxId":"7ebb9cdb02e6523de0a082f45119ca5dfef83a3b","sellTxId":"a8ccc9118d3ac29d3d5227b8356c8627ba42dfc7-1"}
{"index": {"_index":"leo","_id":"3369000"}}
	{"id":3369000,"type":"sell","buyer":"leomaker","seller":"konvik","symbol":"LEO","quantity":"12.378","price":"0.16990200","timestamp":1651939434,"volume":"2.10304696","buyTxId":"74bfa05ebb1fd9d87f14ea2582db2d9d35563e56","sellTxId":"a8ccc9118d3ac29d3d5227b8356c8627ba42dfc7-1"}
{"index": {"_index":"leo","_id":"3369001"}}
	{"id":3369001,"type":"sell","buyer":"beco132","seller":"konvik","symbol":"LEO","quantity":"12.000","price":"0.16933300","timestamp":1651939434,"volume":"2.03199600","buyTxId":"4c37f30069125f97e18f6d411f1792b5476b98ca","sellTxId":"a8ccc9118d3ac29d3d5227b8356c8627ba42dfc7-1"}
{"index": {"_index":"leo","_id":"3369002"}}
	{"id":3369002,"type":"sell","buyer":"beco132","seller":"konvik","symbol":"LEO","quantity":"12.000","price":"0.16931900","timestamp":1651939434,"volume":"2.03182800","buyTxId":"b8644f36b097202de1fd307eb9b4ddbcffbb5033","sellTxId":"a8ccc9118d3ac29d3d5227b8356c8627ba42dfc7-1"}
{"index": {"_index":"leo","_id":"3369003"}}
	{"id":3369003,"type":"sell","buyer":"onlydoge","seller":"konvik","symbol":"LEO","quantity":"12.004","price":"0.16660000","timestamp":1651939434,"volume":"1.99986640","buyTxId":"f3edba8f902013dd08798750905b9e828c253817","sellTxId":"a8ccc9118d3ac29d3d5227b8356c8627ba42dfc7-1"}
{"index": {"_index":"leo","_id":"3369004"}}
	{"id":3369004,"type":"sell","buyer":"solovey6o2","seller":"konvik","symbol":"LEO","quantity":"253.327","price":"0.16651008","timestamp":1651939434,"volume":"42.18149904","buyTxId":"674c6ebeb27df8b67cc0dd2d5b88fc0d3a138ce8","sellTxId":"a8ccc9118d3ac29d3d5227b8356c8627ba42dfc7-1"}
{"index": {"_index":"leo","_id":"3369005"}}
	{"id":3369005,"type":"sell","buyer":"hivemaker","seller":"konvik","symbol":"LEO","quantity":"150.537","price":"0.16651004","timestamp":1651939434,"volume":"25.06592189","buyTxId":"39ea2ef0464f208c8f4fa32462bf5fe7c8d56bb2","sellTxId":"a8ccc9118d3ac29d3d5227b8356c8627ba42dfc7-1"}
{"index": {"_index":"leo","_id":"3369006"}}
	{"id":3369006,"type":"sell","buyer":"barmus81","seller":"konvik","symbol":"LEO","quantity":"245.310","price":"0.16651004","timestamp":1651939434,"volume":"40.84657791","buyTxId":"2146572a40fd28cdcb75159d1338bd6f42f125ec","sellTxId":"a8ccc9118d3ac29d3d5227b8356c8627ba42dfc7-1"}
{"index": {"_index":"leo","_id":"3369007"}}
	{"id":3369007,"type":"sell","buyer":"ricksens85","seller":"konvik","symbol":"LEO","quantity":"252.976","price":"0.16651004","timestamp":1651939434,"volume":"42.12304388","buyTxId":"d9525b2c70d88c9d024d45c9b910440f01d5a268","sellTxId":"a8ccc9118d3ac29d3d5227b8356c8627ba42dfc7-1"}
{"index": {"_index":"leo","_id":"3369008"}}
	{"id":3369008,"type":"sell","buyer":"mazurbits","seller":"konvik","symbol":"LEO","quantity":"256.958","price":"0.16651004","timestamp":1651939434,"volume":"42.78608686","buyTxId":"f07e3ae6a3d61ee5ce9815049b404657d692b50a","sellTxId":"a8ccc9118d3ac29d3d5227b8356c8627ba42dfc7-1"}
{"index": {"_index":"leo","_id":"3369009"}}
	{"id":3369009,"type":"sell","buyer":"rimosbot","seller":"konvik","symbol":"LEO","quantity":"209.641","price":"0.16651004","timestamp":1651939434,"volume":"34.90733130","buyTxId":"9d3aa03fec5b8a0b48a5f3b13d5718ccdcb6dcb3","sellTxId":"a8ccc9118d3ac29d3d5227b8356c8627ba42dfc7-1"}
{"index": {"_index":"leo","_id":"3369010"}}
	{"id":3369010,"type":"sell","buyer":"hivemaker","seller":"konvik","symbol":"LEO","quantity":"163.522","price":"0.16651004","timestamp":1651939434,"volume":"27.22805476","buyTxId":"65cabcb05d1903f1aff26027ef01bcbf05d8e734","sellTxId":"a8ccc9118d3ac29d3d5227b8356c8627ba42dfc7-1"}
{"index": {"_index":"leo","_id":"3369011"}}
	{"id":3369011,"type":"sell","buyer":"ricksens85","seller":"konvik","symbol":"LEO","quantity":"158.410","price":"0.16651004","timestamp":1651939434,"volume":"26.37685544","buyTxId":"103548b6c29c375b91b75f4f63f1b4552c8673b0","sellTxId":"a8ccc9118d3ac29d3d5227b8356c8627ba42dfc7-1"}
{"index": {"_index":"leo","_id":"3369012"}}
	{"id":3369012,"type":"sell","buyer":"enginemaker","seller":"konvik","symbol":"LEO","quantity":"258.854","price":"0.16651000","timestamp":1651939434,"volume":"43.10177954","buyTxId":"MM-P-17152850-64142570-3-1-0","sellTxId":"a8ccc9118d3ac29d3d5227b8356c8627ba42dfc7-1"}
{"index": {"_index":"leo","_id":"3369081"}}
	{"id":3369081,"type":"sell","buyer":"leomaker","seller":"solominer.leo","symbol":"LEO","quantity":"31.496","price":"0.16651200","timestamp":1651940127,"volume":"5.24446195","buyTxId":"906c2383345558813c038deb87033067fc88d58d","sellTxId":"5354164adf80d968d6bae5ab16440d3ed826cb60"}
{"index": {"_index":"leo","_id":"3369108"}}
	{"id":3369108,"type":"sell","buyer":"leomaker","seller":"denmarkguy","symbol":"LEO","quantity":"0.889","price":"0.16651200","timestamp":1651940430,"volume":"0.14802917","buyTxId":"906c2383345558813c038deb87033067fc88d58d","sellTxId":"20cc6f6f16246d11da9bbd4641ef09e7a8c50f0b"}
{"index": {"_index":"leo","_id":"3369136"}}
	{"id":3369136,"type":"sell","buyer":"leomaker","seller":"reddragonfly","symbol":"LEO","quantity":"0.002","price":"0.16651200","timestamp":1651940649,"volume":"0.00033302","buyTxId":"906c2383345558813c038deb87033067fc88d58d","sellTxId":"74c1801295e17bdb2fe7f8160f99fe4da69a50c8"}
{"index": {"_index":"leo","_id":"3369177"}}
	{"id":3369177,"type":"sell","buyer":"leomaker","seller":"curatorcat","symbol":"LEO","quantity":"0.003","price":"0.16651200","timestamp":1651940916,"volume":"0.00049954","buyTxId":"906c2383345558813c038deb87033067fc88d58d","sellTxId":"1ed48e04cde7bb4651686ac67476a140af9bab16"}
{"index": {"_index":"leo","_id":"3369212"}}
	{"id":3369212,"type":"sell","buyer":"leomaker","seller":"whitelightxpress","symbol":"LEO","quantity":"0.050","price":"0.16651200","timestamp":1651941225,"volume":"0.00832560","buyTxId":"906c2383345558813c038deb87033067fc88d58d","sellTxId":"b1d7f487944b043fffa68572dcf5fe97457bc91a"}
{"index": {"_index":"leo","_id":"3369366"}}
	{"id":3369366,"type":"sell","buyer":"leomaker","seller":"tykee","symbol":"LEO","quantity":"6.734","price":"0.16651200","timestamp":1651942710,"volume":"1.12129181","buyTxId":"906c2383345558813c038deb87033067fc88d58d","sellTxId":"f2a530a613c9b58c0e947afd48c7823f813eba31"}
{"index": {"_index":"leo","_id":"3369367"}}
	{"id":3369367,"type":"sell","buyer":"enginemaker","seller":"tykee","symbol":"LEO","quantity":"41.428","price":"0.16651000","timestamp":1651942710,"volume":"6.89817628","buyTxId":"MM-P-17152850-64142570-3-1-0","sellTxId":"f2a530a613c9b58c0e947afd48c7823f813eba31"}
{"index": {"_index":"leo","_id":"3369368"}}
	{"id":3369368,"type":"sell","buyer":"leomaker","seller":"tykee","symbol":"LEO","quantity":"15.307","price":"0.16609300","timestamp":1651942710,"volume":"2.54238555","buyTxId":"adec8d28cb249c11438cf178c622853d3c8b67a7","sellTxId":"f2a530a613c9b58c0e947afd48c7823f813eba31"}
{"index": {"_index":"leo","_id":"3369375"}}
	{"id":3369375,"type":"sell","buyer":"leomaker","seller":"investyourvote","symbol":"LEO","quantity":"1.418","price":"0.16609300","timestamp":1651942758,"volume":"0.23551987","buyTxId":"adec8d28cb249c11438cf178c622853d3c8b67a7","sellTxId":"94b17940c071b07347a54c69dfea7f1ed6d41b1f"}
{"index": {"_index":"leo","_id":"3369817"}}
	{"id":3369817,"type":"buy","buyer":"ugochill","seller":"pi-trader","symbol":"LEO","quantity":"0.948","price":"0.16991699","timestamp":1651946181,"volume":"0.16108131","buyTxId":"5be16c9e4af3d776bffa176b0df6814c331f3485","sellTxId":"a35166ad5a1efe9fadd2ed70ab2d26939ffbe747-2"}
{"index": {"_index":"leo","_id":"3371306"}}
	{"id":3371306,"type":"sell","buyer":"leomaker","seller":"travelwritemoney","symbol":"LEO","quantity":"1.040","price":"0.16609300","timestamp":1651946754,"volume":"0.17273672","buyTxId":"adec8d28cb249c11438cf178c622853d3c8b67a7","sellTxId":"88d39c349ea68bc269dc0bb09664f0414d527500"}
{"index": {"_index":"leo","_id":"3371623"}}
	{"id":3371623,"type":"sell","buyer":"leomaker","seller":"paulmoon410","symbol":"LEO","quantity":"0.364","price":"0.16600200","timestamp":1651949100,"volume":"0.06042473","buyTxId":"41d7d3cb377ba37bb94c0a8845c0dcb5019efa2c","sellTxId":"6a3dba75061efb506220d26dbdacb0288aa83a31"}
{"index": {"_index":"leo","_id":"3371761"}}
	{"id":3371761,"type":"sell","buyer":"leomaker","seller":"chronocrypto","symbol":"LEO","quantity":"39.687","price":"0.16600200","timestamp":1651950147,"volume":"6.58812137","buyTxId":"41d7d3cb377ba37bb94c0a8845c0dcb5019efa2c","sellTxId":"b60920f5fc17217de6464854c984043595b26b78"}
{"index": {"_index":"leo","_id":"3371903"}}
	{"id":3371903,"type":"buy","buyer":"leomaker","seller":"chronocrypto","symbol":"LEO","quantity":"23.060","price":"0.16600129","timestamp":1651951269,"volume":"3.82798975","buyTxId":"755fac934109955787b125b5e83c748ac1aef35a","sellTxId":"b60920f5fc17217de6464854c984043595b26b78"}
{"index": {"_index":"leo","_id":"3371958"}}
	{"id":3371958,"type":"sell","buyer":"leomaker","seller":"jjprac","symbol":"LEO","quantity":"10.429","price":"0.16600200","timestamp":1651951755,"volume":"1.73123486","buyTxId":"755fac934109955787b125b5e83c748ac1aef35a","sellTxId":"a97b3cb640f72eb5791e636ab5f132ce9bbaee2a"}
{"index": {"_index":"leo","_id":"3372160"}}
	{"id":3372160,"type":"buy","buyer":"hitmeasap","seller":"travelwritemoney","symbol":"LEO","quantity":"3.714","price":"0.16602037","timestamp":1651954152,"volume":"0.61659965","buyTxId":"41df1be82ee50d2c5a93e3e1c3bcd036e2a62c2d","sellTxId":"88d39c349ea68bc269dc0bb09664f0414d527500"}
{"index": {"_index":"leo","_id":"3372164"}}
	{"id":3372164,"type":"buy","buyer":"hitmeasap","seller":"pi-trader","symbol":"LEO","quantity":"100.000","price":"0.16991599","timestamp":1651954191,"volume":"16.99159900","buyTxId":"9042136ad3d12df73f32e0f5c0fc83ba3d426256","sellTxId":"7fe3f9cbf188e7bbc875171b59e8f525de64e3c6-2"}
{"index": {"_index":"leo","_id":"3372165"}}
	{"id":3372165,"type":"sell","buyer":"hitmeasap","seller":"konvik","symbol":"LEO","quantity":"76.860","price":"0.16991599","timestamp":1651954194,"volume":"13.05974299","buyTxId":"9042136ad3d12df73f32e0f5c0fc83ba3d426256","sellTxId":"d5a7a000f7bc027495d4c822d264527063051245-1"}
{"index": {"_index":"leo","_id":"3372166"}}
	{"id":3372166,"type":"sell","buyer":"hitmeasap","seller":"konvik","symbol":"LEO","quantity":"0.077","price":"0.16991599","timestamp":1651954200,"volume":"0.01308353","buyTxId":"9042136ad3d12df73f32e0f5c0fc83ba3d426256","sellTxId":"bc69a113d72b75ab168f2f737d1264fe0f449140-1"}
{"index": {"_index":"leo","_id":"3375359"}}
	{"id":3375359,"type":"sell","buyer":"leomaker","seller":"sirdemian","symbol":"LEO","quantity":"1.4","price":"0.16600200","timestamp":1651956627,"volume":"0.23240280","buyTxId":"755fac934109955787b125b5e83c748ac1aef35a","sellTxId":"c5a84401bbb1fb8da834237df9d761a4b886eccc"}
{"index": {"_index":"leo","_id":"3376001"}}
	{"id":3376001,"type":"sell","buyer":"leomaker","seller":"salviani","symbol":"LEO","quantity":"1.839","price":"0.16600200","timestamp":1651957449,"volume":"0.30527768","buyTxId":"755fac934109955787b125b5e83c748ac1aef35a","sellTxId":"59489d102f881d503b3c325916f53a017104bbf0"}
{"index": {"_index":"leo","_id":"3376029"}}
	{"id":3376029,"type":"sell","buyer":"leomaker","seller":"criptosectadepit","symbol":"LEO","quantity":"0.331","price":"0.16600200","timestamp":1651957752,"volume":"0.05494666","buyTxId":"755fac934109955787b125b5e83c748ac1aef35a","sellTxId":"d0420f8a218d63b0c3cc5fc2cec344ef2f5dd4fb"}
{"index": {"_index":"leo","_id":"3376108"}}
	{"id":3376108,"type":"buy","buyer":"edgerik","seller":"solovey6o2","symbol":"LEO","quantity":"1.000","price":"0.16990967","timestamp":1651958691,"volume":"0.16990967","buyTxId":"fe1148cbe106c62d131f8ce80779086eaa798deb","sellTxId":"038c40b9fb74798cdf50557a181cd935e4fea793"}
{"index": {"_index":"leo","_id":"3376139"}}
	{"id":3376139,"type":"sell","buyer":"leomaker","seller":"handtalk5","symbol":"LEO","quantity":"2.309","price":"0.16600200","timestamp":1651958925,"volume":"0.38329862","buyTxId":"755fac934109955787b125b5e83c748ac1aef35a","sellTxId":"839faf86e89acd9a254db372af772a92d6a67ebb"}
{"index": {"_index":"leo","_id":"3376215"}}
	{"id":3376215,"type":"buy","buyer":"leomaker","seller":"handtalk5","symbol":"LEO","quantity":"0.163","price":"0.16600200","timestamp":1651959642,"volume":"0.02705833","buyTxId":"ca7c22d702c3d539245e88bba1d73187c98476cc","sellTxId":"839faf86e89acd9a254db372af772a92d6a67ebb"}
{"index": {"_index":"leo","_id":"3376325"}}
	{"id":3376325,"type":"sell","buyer":"ricksens85","seller":"leomarkettalk","symbol":"LEO","quantity":"20.000","price":"0.16600204","timestamp":1651960752,"volume":"3.32004080","buyTxId":"7053da609f3730266b9a9517b82cf528f48f6aad","sellTxId":"ebebf8262b67cb64d6faed7a04dc1d3f31258100"}
{"index": {"_index":"leo","_id":"3376577"}}
	{"id":3376577,"type":"sell","buyer":"leomaker","seller":"isnochys","symbol":"LEO","quantity":"0.042","price":"0.16600400","timestamp":1651963011,"volume":"0.00697217","buyTxId":"5531270ffedc618e1669269b833820767dd47e8e","sellTxId":"3c4548ab624f7744b1d39356dbaebb7903368c69"}
{"index": {"_index":"leo","_id":"3376609"}}
	{"id":3376609,"type":"sell","buyer":"leomaker","seller":"emma001","symbol":"LEO","quantity":"6.415","price":"0.16600400","timestamp":1651963470,"volume":"1.06491566","buyTxId":"5531270ffedc618e1669269b833820767dd47e8e","sellTxId":"68889dff3a1a21ecdc84280d1f634de0c7254957"}
{"index": {"_index":"leo","_id":"3376611"}}
	{"id":3376611,"type":"buy","buyer":"jk6276","seller":"hivemaker","symbol":"LEO","quantity":"15.539","price":"0.16990333","timestamp":1651963476,"volume":"2.64014019","buyTxId":"38690279bb82163b6547bfca89d7984a7e71304b","sellTxId":"780d827e3a6291aecd994d06c30eccfd8ed64e61"}
{"index": {"_index":"leo","_id":"3376630"}}
	{"id":3376630,"type":"buy","buyer":"globalcurrencies","seller":"pi-trader","symbol":"LEO","quantity":"100.000","price":"0.16990317","timestamp":1651963677,"volume":"16.99031700","buyTxId":"a8a19c8b16d91f084d49ad1a083f4a57281b2ed5","sellTxId":"36fab3a26a621e3a5451b43a764bd0f4080022ab-1"}
{"index": {"_index":"leo","_id":"3376631"}}
	{"id":3376631,"type":"buy","buyer":"globalcurrencies","seller":"mazurbits","symbol":"LEO","quantity":"375.754","price":"0.16990318","timestamp":1651963677,"volume":"63.84179950","buyTxId":"a8a19c8b16d91f084d49ad1a083f4a57281b2ed5","sellTxId":"595c06faa5e6309b535ae20fdd55eb90979828c9"}
{"index": {"_index":"leo","_id":"3376632"}}
	{"id":3376632,"type":"buy","buyer":"globalcurrencies","seller":"rimosbot","symbol":"LEO","quantity":"450.149","price":"0.16990318","timestamp":1651963677,"volume":"76.48174657","buyTxId":"a8a19c8b16d91f084d49ad1a083f4a57281b2ed5","sellTxId":"4110e0ab47c2c88e8620a4b91db8490af934aaa4"}
{"index": {"_index":"leo","_id":"3376633"}}
	{"id":3376633,"type":"buy","buyer":"globalcurrencies","seller":"hive-combine","symbol":"LEO","quantity":"351.363","price":"0.16990323","timestamp":1651963677,"volume":"59.69770860","buyTxId":"a8a19c8b16d91f084d49ad1a083f4a57281b2ed5","sellTxId":"f41b82e7ce570e2cd44f2e9b101c7261fe8f9675"}
{"index": {"_index":"leo","_id":"3376634"}}
	{"id":3376634,"type":"buy","buyer":"globalcurrencies","seller":"leomaker","symbol":"LEO","quantity":"13.749","price":"0.16990400","timestamp":1651963677,"volume":"2.33601010","buyTxId":"a8a19c8b16d91f084d49ad1a083f4a57281b2ed5","sellTxId":"4eb132296cfdefd658dfe29ef8ee7c11e4ea6ad9"}
{"index": {"_index":"leo","_id":"3376635"}}
	{"id":3376635,"type":"buy","buyer":"globalcurrencies","seller":"leomaker","symbol":"LEO","quantity":"14.067","price":"0.16990600","timestamp":1651963677,"volume":"2.39006770","buyTxId":"a8a19c8b16d91f084d49ad1a083f4a57281b2ed5","sellTxId":"4e1d2b4f89dec887bca04e366c656832987d6f17"}
{"index": {"_index":"leo","_id":"3376636"}}
	{"id":3376636,"type":"buy","buyer":"globalcurrencies","seller":"leomaker","symbol":"LEO","quantity":"14.387","price":"0.16990800","timestamp":1651963677,"volume":"2.44446640","buyTxId":"a8a19c8b16d91f084d49ad1a083f4a57281b2ed5","sellTxId":"7cb73dba930971ab918cf561ae553c2256ac8e9e"}
{"index": {"_index":"leo","_id":"3376637"}}
	{"id":3376637,"type":"buy","buyer":"globalcurrencies","seller":"leomaker","symbol":"LEO","quantity":"14.669","price":"0.16991000","timestamp":1651963677,"volume":"2.49240979","buyTxId":"a8a19c8b16d91f084d49ad1a083f4a57281b2ed5","sellTxId":"3f7be39adf5e6514c7b2f7316b225ef847e2516e"}
{"index": {"_index":"leo","_id":"3376638"}}
	{"id":3376638,"type":"buy","buyer":"globalcurrencies","seller":"leomaker","symbol":"LEO","quantity":"14.958","price":"0.16991200","timestamp":1651963677,"volume":"2.54154370","buyTxId":"a8a19c8b16d91f084d49ad1a083f4a57281b2ed5","sellTxId":"d526b0e5efa55c58c2bedb37baf840d15efbfa8f"}
{"index": {"_index":"leo","_id":"3376639"}}
	{"id":3376639,"type":"buy","buyer":"globalcurrencies","seller":"leomaker","symbol":"LEO","quantity":"15.272","price":"0.16991400","timestamp":1651963677,"volume":"2.59492661","buyTxId":"a8a19c8b16d91f084d49ad1a083f4a57281b2ed5","sellTxId":"efb13fc9b77f209324904e917bd325956ff5414f"}
{"index": {"_index":"leo","_id":"3376640"}}
	{"id":3376640,"type":"buy","buyer":"globalcurrencies","seller":"leomaker","symbol":"LEO","quantity":"13.935","price":"0.16991600","timestamp":1651963677,"volume":"2.36777946","buyTxId":"a8a19c8b16d91f084d49ad1a083f4a57281b2ed5","sellTxId":"a87752e7c79facfae4418950ce33aaa315c33b0b"}
{"index": {"_index":"leo","_id":"3376641"}}
	{"id":3376641,"type":"buy","buyer":"globalcurrencies","seller":"leomaker","symbol":"LEO","quantity":"14.305","price":"0.16991700","timestamp":1651963677,"volume":"2.43066269","buyTxId":"a8a19c8b16d91f084d49ad1a083f4a57281b2ed5","sellTxId":"fe03cc4bc2dc3ebcb2d1863c450492b1b19f0a34"}
{"index": {"_index":"leo","_id":"3376642"}}
	{"id":3376642,"type":"buy","buyer":"globalcurrencies","seller":"leomaker","symbol":"LEO","quantity":"14.638","price":"0.16991900","timestamp":1651963677,"volume":"2.48727432","buyTxId":"a8a19c8b16d91f084d49ad1a083f4a57281b2ed5","sellTxId":"7cd7ef01c4011f513402bb421536c0c44de42e6f"}
{"index": {"_index":"leo","_id":"3376643"}}
	{"id":3376643,"type":"buy","buyer":"globalcurrencies","seller":"leomaker","symbol":"LEO","quantity":"14.980","price":"0.16992100","timestamp":1651963677,"volume":"2.54541658","buyTxId":"a8a19c8b16d91f084d49ad1a083f4a57281b2ed5","sellTxId":"38ba2463e884e3324975d3c8153bb4485e21b4ed"}
{"index": {"_index":"leo","_id":"3376644"}}
	{"id":3376644,"type":"buy","buyer":"globalcurrencies","seller":"leomaker","symbol":"LEO","quantity":"15.115","price":"0.16992300","timestamp":1651963677,"volume":"2.56838615","buyTxId":"a8a19c8b16d91f084d49ad1a083f4a57281b2ed5","sellTxId":"5d4db90b6f65335cd2b82156159f190b36f006e6"}
{"index": {"_index":"leo","_id":"3376645"}}
	{"id":3376645,"type":"buy","buyer":"globalcurrencies","seller":"leomaker","symbol":"LEO","quantity":"14.705","price":"0.16992500","timestamp":1651963677,"volume":"2.49874713","buyTxId":"a8a19c8b16d91f084d49ad1a083f4a57281b2ed5","sellTxId":"0d28bea58ff6c278cd58510ec8e1dfc7e50b8f24"}
{"index": {"_index":"leo","_id":"3376646"}}
	{"id":3376646,"type":"buy","buyer":"globalcurrencies","seller":"road2nowhere","symbol":"LEO","quantity":"12.625","price":"0.16992607","timestamp":1651963677,"volume":"2.14531663","buyTxId":"a8a19c8b16d91f084d49ad1a083f4a57281b2ed5","sellTxId":"a409854a60061ab40dcf4c32e627ea7924eadf9f"}
{"index": {"_index":"leo","_id":"3376647"}}
	{"id":3376647,"type":"sell","buyer":"globalcurrencies","seller":"ricksens85","symbol":"LEO","quantity":"535.329","price":"0.17000000","timestamp":1651963677,"volume":"91.00593000","buyTxId":"a8a19c8b16d91f084d49ad1a083f4a57281b2ed5","sellTxId":"919525e29bdbd19d69b9269d461126cf7fe677b4"}
{"index": {"_index":"leo","_id":"3376996"}}
	{"id":3376996,"type":"sell","buyer":"leomaker","seller":"rafasete","symbol":"LEO","quantity":"4.36","price":"0.16600400","timestamp":1651967793,"volume":"0.72377744","buyTxId":"5531270ffedc618e1669269b833820767dd47e8e","sellTxId":"97246e0dccf55ade4866482e54348630d6484eea"}
{"index": {"_index":"leo","_id":"3377042"}}
	{"id":3377042,"type":"sell","buyer":"leomaker","seller":"laritheghost","symbol":"LEO","quantity":"0.065","price":"0.16600400","timestamp":1651968330,"volume":"0.01079026","buyTxId":"5531270ffedc618e1669269b833820767dd47e8e","sellTxId":"c810c8f5ef868e91898307ce9355e8fb81eda12f"}
{"index": {"_index":"leo","_id":"3377355"}}
	{"id":3377355,"type":"buy","buyer":"ryan313","seller":"leomaker","symbol":"LEO","quantity":"1.000","price":"0.17000500","timestamp":1651972155,"volume":"0.17000500","buyTxId":"13efb6fa6d5313eada0ff9ca74790b1a5699d640","sellTxId":"661e8d2a3403490ca1b0e4bea94ac607deb8c034"}
{"index": {"_index":"leo","_id":"3377724"}}
	{"id":3377724,"type":"sell","buyer":"leomaker","seller":"phoenixonhive","symbol":"LEO","quantity":"27.151","price":"0.16600400","timestamp":1651974651,"volume":"4.50717460","buyTxId":"5531270ffedc618e1669269b833820767dd47e8e","sellTxId":"a4256c0d0b1311bf396d2d6b4949823fd30a104c"}
{"index": {"_index":"leo","_id":"3377725"}}
	{"id":3377725,"type":"sell","buyer":"fragozar01","seller":"phoenixonhive","symbol":"LEO","quantity":"10.000","price":"0.16600400","timestamp":1651974651,"volume":"1.66004000","buyTxId":"2433941b817510ea0071349d413d8532788e9037","sellTxId":"a4256c0d0b1311bf396d2d6b4949823fd30a104c"}
{"index": {"_index":"leo","_id":"3377726"}}
	{"id":3377726,"type":"sell","buyer":"solovey6o2","seller":"phoenixonhive","symbol":"LEO","quantity":"155.284","price":"0.16600208","timestamp":1651974651,"volume":"25.77746699","buyTxId":"a7955875a9e296cb3644c72e5a95a331d61f419f","sellTxId":"a4256c0d0b1311bf396d2d6b4949823fd30a104c"}
{"index": {"_index":"leo","_id":"3377727"}}
	{"id":3377727,"type":"sell","buyer":"solovey6o2","seller":"phoenixonhive","symbol":"LEO","quantity":"11.504","price":"0.16600208","timestamp":1651974651,"volume":"1.90968793","buyTxId":"2977b010fba91e29c25badea1f6dc0c608e5fa43","sellTxId":"a4256c0d0b1311bf396d2d6b4949823fd30a104c"}
{"index": {"_index":"leo","_id":"3377909"}}
	{"id":3377909,"type":"buy","buyer":"globalcurrencies","seller":"pi-trader","symbol":"LEO","quantity":"100.000","price":"0.16991199","timestamp":1651976022,"volume":"16.99119900","buyTxId":"f18883eb6a29177ef264082e1e732c79f1b5b2b8","sellTxId":"918cf33388533de06f01b8ffa5fd7ba524a20e3a-1"}
{"index": {"_index":"leo","_id":"3377910"}}
	{"id":3377910,"type":"buy","buyer":"globalcurrencies","seller":"leomaker","symbol":"LEO","quantity":"11.740","price":"0.16991200","timestamp":1651976022,"volume":"1.99476688","buyTxId":"f18883eb6a29177ef264082e1e732c79f1b5b2b8","sellTxId":"a03fe742adfa1561a7165a7ca093377d43e22502"}
{"index": {"_index":"leo","_id":"3377911"}}
	{"id":3377911,"type":"buy","buyer":"globalcurrencies","seller":"solovey6o2","symbol":"LEO","quantity":"534.634","price":"0.16991296","timestamp":1651976022,"volume":"90.84124546","buyTxId":"f18883eb6a29177ef264082e1e732c79f1b5b2b8","sellTxId":"70f96842e04b42e39d1a5249c65eeee6a94583ba"}
{"index": {"_index":"leo","_id":"3377912"}}
	{"id":3377912,"type":"buy","buyer":"globalcurrencies","seller":"ricksens85","symbol":"LEO","quantity":"48.902","price":"0.16991296","timestamp":1651976022,"volume":"8.30908357","buyTxId":"f18883eb6a29177ef264082e1e732c79f1b5b2b8","sellTxId":"22774fa84fb7418ae86ccfab2669177b99f5e469"}
{"index": {"_index":"leo","_id":"3377913"}}
	{"id":3377913,"type":"buy","buyer":"globalcurrencies","seller":"hivemaker","symbol":"LEO","quantity":"467.983","price":"0.16991296","timestamp":1651976022,"volume":"79.51637676","buyTxId":"f18883eb6a29177ef264082e1e732c79f1b5b2b8","sellTxId":"6489aad71722f1f527fafe89a7e74863998e0329"}
{"index": {"_index":"leo","_id":"3377914"}}
	{"id":3377914,"type":"buy","buyer":"globalcurrencies","seller":"wakeupnd","symbol":"LEO","quantity":"3.034","price":"0.16991356","timestamp":1651976022,"volume":"0.51551774","buyTxId":"f18883eb6a29177ef264082e1e732c79f1b5b2b8","sellTxId":"0f425ee002e4b421b075003182f824f3ac4b0f8a"}
{"index": {"_index":"leo","_id":"3377915"}}
	{"id":3377915,"type":"sell","buyer":"globalcurrencies","seller":"konvik","symbol":"LEO","quantity":"833.469","price":"0.17000000","timestamp":1651976025,"volume":"141.68973000","buyTxId":"f18883eb6a29177ef264082e1e732c79f1b5b2b8","sellTxId":"43d88729bff4ab343f5c730e91392f134feb3571-1"}
{"index": {"_index":"leo","_id":"3377924"}}
	{"id":3377924,"type":"sell","buyer":"globalcurrencies","seller":"barmus81","symbol":"LEO","quantity":"0.238","price":"0.17000000","timestamp":1651976049,"volume":"0.04046000","buyTxId":"f18883eb6a29177ef264082e1e732c79f1b5b2b8","sellTxId":"8760d7f2f78a4be280014446a19644d566e116a6"}
{"index": {"_index":"leo","_id":"3378123"}}
	{"id":3378123,"type":"sell","buyer":"solovey6o2","seller":"steem82868","symbol":"LEO","quantity":"0.220","price":"0.16600448","timestamp":1651977828,"volume":"0.03652099","buyTxId":"c36b910316b9903698781cf90fd62f62be9e6fb0","sellTxId":"b905cad3ecfc0542995b842da7b16d124e474498"}
{"index": {"_index":"leo","_id":"3378142"}}
	{"id":3378142,"type":"sell","buyer":"pi-trader","seller":"konvik","symbol":"LEO","quantity":"300.000","price":"0.16600454","timestamp":1651977927,"volume":"49.80136200","buyTxId":"9fe96d05fc5026107e492945c35dd522f69595d6-1","sellTxId":"d74ed972b4fbf13eca645d72229785d4dbc8df58-1"}
{"index": {"_index":"leo","_id":"3378143"}}
	{"id":3378143,"type":"sell","buyer":"rimosbot","seller":"konvik","symbol":"LEO","quantity":"355.170","price":"0.16600453","timestamp":1651977927,"volume":"58.95982892","buyTxId":"7362329c59acbfcdb1e6fa98ea106a1b9c8422c0","sellTxId":"d74ed972b4fbf13eca645d72229785d4dbc8df58-1"}
{"index": {"_index":"leo","_id":"3378144"}}
	{"id":3378144,"type":"sell","buyer":"solovey6o2","seller":"konvik","symbol":"LEO","quantity":"380.932","price":"0.16600453","timestamp":1651977927,"volume":"63.23643762","buyTxId":"eaaec0532cd2d66e061da6284ba9ec9cbc44995d","sellTxId":"d74ed972b4fbf13eca645d72229785d4dbc8df58-1"}
{"index": {"_index":"leo","_id":"3378145"}}
	{"id":3378145,"type":"sell","buyer":"ricksens85","seller":"konvik","symbol":"LEO","quantity":"106.280","price":"0.16600453","timestamp":1651977927,"volume":"17.64296145","buyTxId":"05214385bd1afae8fb4473eea67d200ce2ff6736","sellTxId":"d74ed972b4fbf13eca645d72229785d4dbc8df58-1"}
{"index": {"_index":"leo","_id":"3378151"}}
	{"id":3378151,"type":"sell","buyer":"hivemaker","seller":"konvik","symbol":"LEO","quantity":"299.721","price":"0.16600401","timestamp":1651977987,"volume":"49.75488788","buyTxId":"38421005509eb5542316cf7f9994a54cdc24f190","sellTxId":"9ec440875406e771b61523f812c7ba11e586b3a1-1"}
{"index": {"_index":"leo","_id":"3378188"}}
	{"id":3378188,"type":"sell","buyer":"leomaker","seller":"prechidi","symbol":"LEO","quantity":"1.116","price":"0.16600400","timestamp":1651978305,"volume":"0.18526046","buyTxId":"5ae92934caa4b05d38eca6e31489f278c309951d","sellTxId":"55b4d955f9a090f9859498c126fee9b00c623edf"}
