{"index": {"_index":"leo","_id":"3939525"}}
	{"id":3939525,"type":"sell","buyer":"leomaker","seller":"travelgirl","symbol":"LEO","quantity":"4.601","price":"0.16500400","timestamp":1658198733,"volume":"0.75918340","buyTxId":"8a8ad6ad00200eab806dc34f495e3f6f1632f0a4","sellTxId":"dd4c434423d0421116429f94ba33959b2f0294ab"}
{"index": {"_index":"leo","_id":"3939747"}}
	{"id":3939747,"type":"sell","buyer":"leomaker","seller":"steem82868","symbol":"LEO","quantity":"0.177","price":"0.16500400","timestamp":1658202639,"volume":"0.02920571","buyTxId":"8a8ad6ad00200eab806dc34f495e3f6f1632f0a4","sellTxId":"e6dc510cfa81540077c7e70773b9e9e8450d0082"}
{"index": {"_index":"leo","_id":"3939880"}}
	{"id":3939880,"type":"sell","buyer":"leomaker","seller":"romiferns","symbol":"LEO","quantity":"6.356","price":"0.16500400","timestamp":1658204637,"volume":"1.04876542","buyTxId":"8a8ad6ad00200eab806dc34f495e3f6f1632f0a4","sellTxId":"164fe48814fb00733e4244b4c3289caeb09fed7c"}
{"index": {"_index":"leo","_id":"3939950"}}
	{"id":3939950,"type":"buy","buyer":"lionsuit","seller":"pi-trader","symbol":"LEO","quantity":"2.094","price":"0.17429499","timestamp":1658205498,"volume":"0.36497371","buyTxId":"f5e40078f32edcf7a318801625eede4b6094d73a","sellTxId":"7c5c98ba1bd36fa95664e215077d6d0cf18dbc5b-3"}
{"index": {"_index":"leo","_id":"3939960"}}
	{"id":3939960,"type":"buy","buyer":"bluerobo","seller":"pi-trader","symbol":"LEO","quantity":"4.133","price":"0.17429499","timestamp":1658205813,"volume":"0.72036119","buyTxId":"6746febf740f221b1fa74012b55cd61cf6e122f3","sellTxId":"565f788fa064476e1b32618ee2f7a591f4335e40-4"}
{"index": {"_index":"leo","_id":"3939981"}}
	{"id":3939981,"type":"sell","buyer":"leomaker","seller":"lifeskills-tv","symbol":"LEO","quantity":"7.436","price":"0.16500400","timestamp":1658206017,"volume":"1.22696974","buyTxId":"8a8ad6ad00200eab806dc34f495e3f6f1632f0a4","sellTxId":"55c99bb0c57c1d6e538c8edda72b6265462c7502"}
{"index": {"_index":"leo","_id":"3940154"}}
	{"id":3940154,"type":"sell","buyer":"leomaker","seller":"marfonso","symbol":"LEO","quantity":"30.415","price":"0.16500400","timestamp":1658207976,"volume":"5.01859666","buyTxId":"8a8ad6ad00200eab806dc34f495e3f6f1632f0a4","sellTxId":"56b2e8f79e9a89f6d50a76293678f1ae8fa2c784"}
{"index": {"_index":"leo","_id":"3940155"}}
	{"id":3940155,"type":"sell","buyer":"leomaker","seller":"marfonso","symbol":"LEO","quantity":"5.804","price":"0.16500200","timestamp":1658207976,"volume":"0.95767161","buyTxId":"5752a7d950bfa46f5d68476522c83d05e07e8c30","sellTxId":"56b2e8f79e9a89f6d50a76293678f1ae8fa2c784"}
{"index": {"_index":"leo","_id":"3940163"}}
	{"id":3940163,"type":"sell","buyer":"leomaker","seller":"gestion.alive","symbol":"LEO","quantity":"0.226","price":"0.16500200","timestamp":1658208036,"volume":"0.03729045","buyTxId":"5752a7d950bfa46f5d68476522c83d05e07e8c30","sellTxId":"a778963861b388f6acf54214375b6a8240f7c628"}
{"index": {"_index":"leo","_id":"3940377"}}
	{"id":3940377,"type":"sell","buyer":"leomaker","seller":"holovision","symbol":"LEO","quantity":"0.370","price":"0.16500200","timestamp":1658210838,"volume":"0.06105074","buyTxId":"5752a7d950bfa46f5d68476522c83d05e07e8c30","sellTxId":"f786d999be01e575bdf2782fcc5c8682a0bbacec"}
{"index": {"_index":"leo","_id":"3940389"}}
	{"id":3940389,"type":"sell","buyer":"leomaker","seller":"steem82868","symbol":"LEO","quantity":"0.007","price":"0.16500200","timestamp":1658211063,"volume":"0.00115501","buyTxId":"5752a7d950bfa46f5d68476522c83d05e07e8c30","sellTxId":"0975c208e5209850e0519e8336ee61c1d77d40c6"}
{"index": {"_index":"leo","_id":"3940614"}}
	{"id":3940614,"type":"buy","buyer":"dswap","seller":"pi-trader","symbol":"LEO","quantity":"6.889","price":"0.17399799","timestamp":1658214084,"volume":"1.19877738","buyTxId":"13b136898e28cb42c596e5d892810a798f76c635","sellTxId":"8f6e6b571081d230e2f2ec077ccfbb1c6907a6ab-3"}
{"index": {"_index":"leo","_id":"3940824"}}
	{"id":3940824,"type":"sell","buyer":"leomaker","seller":"kachinhenry","symbol":"LEO","quantity":"43.876","price":"0.16500200","timestamp":1658216658,"volume":"7.23962775","buyTxId":"5752a7d950bfa46f5d68476522c83d05e07e8c30","sellTxId":"c0123c38c7256ac543be58b6f987502c53d8e0c8"}
{"index": {"_index":"leo","_id":"3940831"}}
	{"id":3940831,"type":"sell","buyer":"ugochill","seller":"kachinhenry","symbol":"LEO","quantity":"1.000","price":"0.16500000","timestamp":1658216715,"volume":"0.16500000","buyTxId":"0de282e540825f01de46438a3e8917fb8d185806","sellTxId":"7d442fcbee0d3c6bae21e03e370a341f97e972a0"}
{"index": {"_index":"leo","_id":"3940832"}}
	{"id":3940832,"type":"buy","buyer":"konvik","seller":"kachinhenry","symbol":"LEO","quantity":"48.000","price":"0.16197600","timestamp":1658216718,"volume":"7.77484800","buyTxId":"9961269c0acf40b874cfe8620003b6f90900334f-0","sellTxId":"7d442fcbee0d3c6bae21e03e370a341f97e972a0"}
{"index": {"_index":"leo","_id":"3940848"}}
	{"id":3940848,"type":"sell","buyer":"pi-trader","seller":"kolbjorn","symbol":"LEO","quantity":"62.623","price":"0.16197601","timestamp":1658216976,"volume":"10.14342367","buyTxId":"4465dc2f41270d072f8ee52ac53b0f1e1cd1dcbb","sellTxId":"0a8a2eda01ec2c4006134987554a6d79f9db259e"}
{"index": {"_index":"leo","_id":"3940996"}}
	{"id":3940996,"type":"sell","buyer":"pi-trader","seller":"ryan313","symbol":"LEO","quantity":"0.312","price":"0.16198001","timestamp":1658219493,"volume":"0.05053776","buyTxId":"f5f1afab870d30d87a2f1ce75bb8accfeb28b69f-1","sellTxId":"4c11b6f705170c3ad7a399f587e9f616bd5083c2"}
{"index": {"_index":"leo","_id":"3940998"}}
	{"id":3940998,"type":"sell","buyer":"pi-trader","seller":"steem82868","symbol":"LEO","quantity":"0.007","price":"0.16198001","timestamp":1658219523,"volume":"0.00113386","buyTxId":"f5f1afab870d30d87a2f1ce75bb8accfeb28b69f-1","sellTxId":"043168fa79ab8d1364efbf1dbb35ad904e0d85e3"}
{"index": {"_index":"leo","_id":"3941150"}}
	{"id":3941150,"type":"sell","buyer":"pi-trader","seller":"davidlionfish","symbol":"LEO","quantity":"300.000","price":"0.16198001","timestamp":1658222418,"volume":"48.59400300","buyTxId":"51eeeb804e7139b6f85aa6ef04b4bc3a1425ca91-2","sellTxId":"74ea7ea0580128e6f92d41e909f5747f35178f91"}
{"index": {"_index":"leo","_id":"3941151"}}
	{"id":3941151,"type":"sell","buyer":"leomaker","seller":"davidlionfish","symbol":"LEO","quantity":"49.399","price":"0.16198000","timestamp":1658222418,"volume":"8.00165002","buyTxId":"4c2d1140e4a61cfb3386e9a590054de6ea75fead","sellTxId":"74ea7ea0580128e6f92d41e909f5747f35178f91"}
{"index": {"_index":"leo","_id":"3941152"}}
	{"id":3941152,"type":"sell","buyer":"leomaker","seller":"davidlionfish","symbol":"LEO","quantity":"49.999","price":"0.16197800","timestamp":1658222418,"volume":"8.09873802","buyTxId":"0457b2d805452d0e109840cb0bca9be18dc99941","sellTxId":"74ea7ea0580128e6f92d41e909f5747f35178f91"}
{"index": {"_index":"leo","_id":"3941153"}}
	{"id":3941153,"type":"buy","buyer":"god0","seller":"davidlionfish","symbol":"LEO","quantity":"307.684","price":"0.16152760","timestamp":1658222418,"volume":"49.69945808","buyTxId":"ba8bf1130c4a9e081ec5d300d8109193572bcf1c-0","sellTxId":"74ea7ea0580128e6f92d41e909f5747f35178f91"}
{"index": {"_index":"leo","_id":"3941168"}}
	{"id":3941168,"type":"buy","buyer":"pjansen","seller":"davidlionfish","symbol":"LEO","quantity":"12.236","price":"0.16152760","timestamp":1658222493,"volume":"1.9766","buyTxId":"47613782a3f367fe1ba065bac5805d8ce016b766-0","sellTxId":"74ea7ea0580128e6f92d41e909f5747f35178f91"}
{"index": {"_index":"leo","_id":"3941169"}}
	{"id":3941169,"type":"buy","buyer":"svirus","seller":"davidlionfish","symbol":"LEO","quantity":"0.001","price":"0.16152760","timestamp":1658222496,"volume":"0.00016153","buyTxId":"5e1cd3e1b055c869b195f08ff05890154c3f97e9-0","sellTxId":"74ea7ea0580128e6f92d41e909f5747f35178f91"}
{"index": {"_index":"leo","_id":"3941172"}}
	{"id":3941172,"type":"buy","buyer":"davedickeyyall","seller":"pi-trader","symbol":"LEO","quantity":"100.000","price":"0.16989499","timestamp":1658222547,"volume":"16.98949900","buyTxId":"4baf3a3efac91d433affba0c64d57c398206b2a1","sellTxId":"3a95ba8d81e0d6f45ac839572fb9fc1b386c3aee-4"}
{"index": {"_index":"leo","_id":"3941173"}}
	{"id":3941173,"type":"buy","buyer":"davedickeyyall","seller":"leomaker","symbol":"LEO","quantity":"3.762","price":"0.16989500","timestamp":1658222547,"volume":"0.63914499","buyTxId":"4baf3a3efac91d433affba0c64d57c398206b2a1","sellTxId":"c66f88b052219fed45ec312886cc1f89a88422b1"}
{"index": {"_index":"leo","_id":"3941174"}}
	{"id":3941174,"type":"buy","buyer":"davedickeyyall","seller":"leomaker","symbol":"LEO","quantity":"2.185","price":"0.16989600","timestamp":1658222547,"volume":"0.37135601","buyTxId":"4baf3a3efac91d433affba0c64d57c398206b2a1","sellTxId":"de9daa5f2ee31372a1c2f15d6ec5a01286519dbd"}
{"index": {"_index":"leo","_id":"3941456"}}
	{"id":3941456,"type":"buy","buyer":"invest-time","seller":"pi-trader","symbol":"LEO","quantity":"6.917","price":"0.16979499","timestamp":1658225505,"volume":"1.17447195","buyTxId":"8b7d3b3b9cd62c35084c9fcf5cfec82b1d8bb81e","sellTxId":"8d0381a2efb4456e6108557886254aa828efc9a7-4"}
{"index": {"_index":"leo","_id":"3941686"}}
	{"id":3941686,"type":"sell","buyer":"pi-trader","seller":"steem82868","symbol":"LEO","quantity":"0.020","price":"0.16098001","timestamp":1658228979,"volume":"0.00321960","buyTxId":"8d0381a2efb4456e6108557886254aa828efc9a7-2","sellTxId":"193f1158104beb8a00036c3b433efe92369f4f63"}
{"index": {"_index":"leo","_id":"3941788"}}
	{"id":3941788,"type":"sell","buyer":"pi-trader","seller":"ugochill","symbol":"LEO","quantity":"0.006","price":"0.16098001","timestamp":1658230272,"volume":"0.00096588","buyTxId":"5d285eb1f1cebd6e895c353444d9711836a898bc-1","sellTxId":"9bd1b3e5a4874e6169be2c0458d5ca7a0ac70542"}
{"index": {"_index":"leo","_id":"3941910"}}
	{"id":3941910,"type":"sell","buyer":"pi-trader","seller":"acesontop","symbol":"LEO","quantity":"46","price":"0.16098001","timestamp":1658231121,"volume":"7.40508046","buyTxId":"0b579aaddab98d027fcc2dea8b6ba2f146bab759-3","sellTxId":"490c2a2512a63fce8fdc04c75da1dcd9f5e1e618"}
{"index": {"_index":"leo","_id":"3941957"}}
	{"id":3941957,"type":"sell","buyer":"pi-trader","seller":"chorock","symbol":"LEO","quantity":"194.489","price":"0.16098001","timestamp":1658231724,"volume":"31.30884116","buyTxId":"7e2a8333fa449286e3bb7c25a360db2ccb3447ca-2","sellTxId":"8dc937cc43d2f9ee1d9d02e0e5b802708bae82f3"}
{"index": {"_index":"leo","_id":"3942042"}}
	{"id":3942042,"type":"sell","buyer":"pi-trader","seller":"nathen007","symbol":"LEO","quantity":"186.331","price":"0.16098001","timestamp":1658233362,"volume":"29.99556624","buyTxId":"78452a6657325d84128d596ed51c29307d2a52e4-2","sellTxId":"2d2d54d4369e1d972e01be9213bf3108caeeefea"}
{"index": {"_index":"leo","_id":"3942109"}}
	{"id":3942109,"type":"buy","buyer":"dswap","seller":"pi-trader","symbol":"LEO","quantity":"0.963","price":"0.16939999","timestamp":1658234256,"volume":"0.16321165","buyTxId":"9125fea89298f8f4a9f2382de81b03a437316c9a","sellTxId":"3d58cef1418339fd5dc38129484b5364fd6cd000-1"}
{"index": {"_index":"leo","_id":"3942231"}}
	{"id":3942231,"type":"sell","buyer":"pi-trader","seller":"bilpcoinbpc","symbol":"LEO","quantity":"0.112","price":"0.16098001","timestamp":1658235738,"volume":"0.01802976","buyTxId":"304d54a0c7a6263925f2e9fc70c805334665f4e0-3","sellTxId":"cfb629acc020fbd65b6dea8c7a9390278a3ae0cb"}
{"index": {"_index":"leo","_id":"3942267"}}
	{"id":3942267,"type":"sell","buyer":"pi-trader","seller":"steem82868","symbol":"LEO","quantity":"0.022","price":"0.16098001","timestamp":1658236365,"volume":"0.00354156","buyTxId":"079152cddac85dc130c8a31efd42e9331792b395-3","sellTxId":"3152b7d2a60e2b86bda714d2b0f73449ac8b31f4"}
{"index": {"_index":"leo","_id":"3942350"}}
	{"id":3942350,"type":"sell","buyer":"pi-trader","seller":"bboyady","symbol":"LEO","quantity":"66.000","price":"0.16098001","timestamp":1658237691,"volume":"10.62468066","buyTxId":"8d4994d9bc11fa44918e3119124f2567c7b7c360-3","sellTxId":"574f4d3da82dc4ae400cf49341739b15ff2d0ab7"}
{"index": {"_index":"leo","_id":"3942522"}}
	{"id":3942522,"type":"sell","buyer":"pi-trader","seller":"der-prophet","symbol":"LEO","quantity":"21.398","price":"0.16098001","timestamp":1658239425,"volume":"3.44465025","buyTxId":"c3877afae6c0004bae583bfa5b3eb06e5b44f038-2","sellTxId":"8f450a3ec028a7131d67b010bedc45bd4e6aac9d"}
{"index": {"_index":"leo","_id":"3942537"}}
	{"id":3942537,"type":"buy","buyer":"whatsup","seller":"pi-trader","symbol":"LEO","quantity":"4.000","price":"0.16919799","timestamp":1658239665,"volume":"0.67679196","buyTxId":"d753af62ae394c388a24deeb6f864ff464d57b65","sellTxId":"3cf3ee6753665cb9ef50ec8b2ab4a906940799e0-6"}
{"index": {"_index":"leo","_id":"3942803"}}
	{"id":3942803,"type":"sell","buyer":"pi-trader","seller":"captainquack22","symbol":"LEO","quantity":"1.6","price":"0.16098001","timestamp":1658243130,"volume":"0.25756802","buyTxId":"74a4c13bb854f3d4fc62cd72788f943af6489b41-2","sellTxId":"0f8c94be359f737e120e404132cd81253def45cf"}
{"index": {"_index":"leo","_id":"3942842"}}
	{"id":3942842,"type":"sell","buyer":"pi-trader","seller":"miketr","symbol":"LEO","quantity":"1.070","price":"0.16098001","timestamp":1658243208,"volume":"0.17224861","buyTxId":"d5ddb3f3e5db8717abc77022819a7f2ac60186c2-6","sellTxId":"67ccf0baf3b02e4338c87645f2585c33340169be"}
{"index": {"_index":"leo","_id":"3942848"}}
	{"id":3942848,"type":"sell","buyer":"pi-trader","seller":"ugochill","symbol":"LEO","quantity":"0.003","price":"0.16098001","timestamp":1658243268,"volume":"0.00048294","buyTxId":"694b2f014eca96e460184bd82f12e75ae19a3ff1-4","sellTxId":"840f32d06d1c7a0bc895d2d74589002adffd1b4e"}
{"index": {"_index":"leo","_id":"3942915"}}
	{"id":3942915,"type":"sell","buyer":"pi-trader","seller":"lotto-de","symbol":"LEO","quantity":"3.084","price":"0.16098001","timestamp":1658243754,"volume":"0.49646235","buyTxId":"a29e714393dd3d357152e878c11b585157266e5e-5","sellTxId":"d5582d73a0e79424e18fb87d8ecd7721da13ca0c"}
{"index": {"_index":"leo","_id":"3943151"}}
	{"id":3943151,"type":"sell","buyer":"pi-trader","seller":"lammbock","symbol":"LEO","quantity":"3.066","price":"0.16098002","timestamp":1658245758,"volume":"0.49356474","buyTxId":"3d13e07b40d5bfde1c501249f3405d6e1d75180a-3","sellTxId":"2df01a625e9c16735e7f15dff208446cc8ff6299"}
{"index": {"_index":"leo","_id":"3943274"}}
	{"id":3943274,"type":"sell","buyer":"he-index","seller":"stiant","symbol":"LEO","quantity":"4.292","price":"0.16098001","timestamp":1658247933,"volume":"0.69092620","buyTxId":"00a132a52d866d17d7d76a231ed30008605c1f37","sellTxId":"29eb788d7075037a3f8fd44e44302fabd4a71b89"}
{"index": {"_index":"leo","_id":"3943275"}}
	{"id":3943275,"type":"sell","buyer":"leomaker","seller":"stiant","symbol":"LEO","quantity":"46.865","price":"0.16098000","timestamp":1658247933,"volume":"7.54432770","buyTxId":"267ef3b17ddca632ca87e3f33c73413b5e8bdf12","sellTxId":"29eb788d7075037a3f8fd44e44302fabd4a71b89"}
{"index": {"_index":"leo","_id":"3943276"}}
	{"id":3943276,"type":"sell","buyer":"leomaker","seller":"stiant","symbol":"LEO","quantity":"1.516","price":"0.16097800","timestamp":1658247933,"volume":"0.24404265","buyTxId":"f92df08cff911f07ab3d71a185b8c4ff402e447c","sellTxId":"29eb788d7075037a3f8fd44e44302fabd4a71b89"}
{"index": {"_index":"leo","_id":"3943315"}}
	{"id":3943315,"type":"buy","buyer":"deathwing","seller":"pi-trader","symbol":"LEO","quantity":"100.000","price":"0.16879599","timestamp":1658248269,"volume":"16.87959900","buyTxId":"a91232229a1b3b992345fda068846abb8b05a50e","sellTxId":"52b97683c5ff65d20bd2e70a6ccf93c48e88e538-3"}
{"index": {"_index":"leo","_id":"3943316"}}
	{"id":3943316,"type":"buy","buyer":"deathwing","seller":"leomaker","symbol":"LEO","quantity":"4.700","price":"0.16879600","timestamp":1658248269,"volume":"0.79334120","buyTxId":"a91232229a1b3b992345fda068846abb8b05a50e","sellTxId":"f7766370224c213e79b6b19882ccdea73db7fae1"}
{"index": {"_index":"leo","_id":"3943317"}}
	{"id":3943317,"type":"buy","buyer":"deathwing","seller":"leomaker","symbol":"LEO","quantity":"4.924","price":"0.16879700","timestamp":1658248269,"volume":"0.83115643","buyTxId":"a91232229a1b3b992345fda068846abb8b05a50e","sellTxId":"7735a6d46b161202afac0b01d731df5003327776"}
{"index": {"_index":"leo","_id":"3943318"}}
	{"id":3943318,"type":"buy","buyer":"deathwing","seller":"leomaker","symbol":"LEO","quantity":"5.160","price":"0.16879800","timestamp":1658248269,"volume":"0.87099768","buyTxId":"a91232229a1b3b992345fda068846abb8b05a50e","sellTxId":"920ef6bb9f2790aa7e0e66ad787627361d2080c1"}
{"index": {"_index":"leo","_id":"3943319"}}
	{"id":3943319,"type":"buy","buyer":"deathwing","seller":"leomaker","symbol":"LEO","quantity":"1.554","price":"0.16879900","timestamp":1658248269,"volume":"0.26231365","buyTxId":"a91232229a1b3b992345fda068846abb8b05a50e","sellTxId":"2a19ba8c11f6783e3831a6ed9cf863575f875e03"}
{"index": {"_index":"leo","_id":"3943320"}}
	{"id":3943320,"type":"buy","buyer":"deathwing","seller":"onlydoge","symbol":"LEO","quantity":"109.336","price":"0.16880000","timestamp":1658248269,"volume":"18.45591680","buyTxId":"a91232229a1b3b992345fda068846abb8b05a50e","sellTxId":"10c96702cb0f51f8d528259b9fe5b29cdb5425fd"}
{"index": {"_index":"leo","_id":"3943321"}}
	{"id":3943321,"type":"buy","buyer":"deathwing","seller":"leomaker","symbol":"LEO","quantity":"1.629","price":"0.16889700","timestamp":1658248269,"volume":"0.27513321","buyTxId":"a91232229a1b3b992345fda068846abb8b05a50e","sellTxId":"eccd9630b1bf65ab9a3fd4a9a458f56f7e55a31b"}
{"index": {"_index":"leo","_id":"3943322"}}
	{"id":3943322,"type":"buy","buyer":"deathwing","seller":"leomaker","symbol":"LEO","quantity":"1.707","price":"0.16889800","timestamp":1658248269,"volume":"0.28830889","buyTxId":"a91232229a1b3b992345fda068846abb8b05a50e","sellTxId":"ae6dd4c61caccdce11e0ee93204a74d149de39bf"}
{"index": {"_index":"leo","_id":"3943323"}}
	{"id":3943323,"type":"buy","buyer":"deathwing","seller":"leomaker","symbol":"LEO","quantity":"1.788","price":"0.16889900","timestamp":1658248269,"volume":"0.30199141","buyTxId":"a91232229a1b3b992345fda068846abb8b05a50e","sellTxId":"a9962c7276c78ea0bf0f2395b7eb58d3b5516fe9"}
{"index": {"_index":"leo","_id":"3943324"}}
	{"id":3943324,"type":"buy","buyer":"deathwing","seller":"chekohler","symbol":"LEO","quantity":"1.688","price":"0.16890000","timestamp":1658248269,"volume":"0.28510320","buyTxId":"a91232229a1b3b992345fda068846abb8b05a50e","sellTxId":"9dcf9c3fea0149dd5ccf0faf25e393711e97c652"}
{"index": {"_index":"leo","_id":"3943325"}}
	{"id":3943325,"type":"buy","buyer":"deathwing","seller":"leomaker","symbol":"LEO","quantity":"1.875","price":"0.16899800","timestamp":1658248269,"volume":"0.31687125","buyTxId":"a91232229a1b3b992345fda068846abb8b05a50e","sellTxId":"6e62ac466142316f63aca9ffa844f89165fae821"}
{"index": {"_index":"leo","_id":"3943326"}}
	{"id":3943326,"type":"buy","buyer":"deathwing","seller":"leomaker","symbol":"LEO","quantity":"1.965","price":"0.16899900","timestamp":1658248269,"volume":"0.33208304","buyTxId":"a91232229a1b3b992345fda068846abb8b05a50e","sellTxId":"8351223adee543a15c824859b5b81c5b8cb2382c"}
{"index": {"_index":"leo","_id":"3943327"}}
	{"id":3943327,"type":"buy","buyer":"deathwing","seller":"leomaker","symbol":"LEO","quantity":"2.059","price":"0.16909800","timestamp":1658248269,"volume":"0.34817278","buyTxId":"a91232229a1b3b992345fda068846abb8b05a50e","sellTxId":"567675f728783c494369ced03e78ee93e2463591"}
{"index": {"_index":"leo","_id":"3943328"}}
	{"id":3943328,"type":"buy","buyer":"deathwing","seller":"leomaker","symbol":"LEO","quantity":"2.157","price":"0.16909900","timestamp":1658248269,"volume":"0.36474654","buyTxId":"a91232229a1b3b992345fda068846abb8b05a50e","sellTxId":"52cf96eb5ab13b97bb6d42cad173973f024c2c5e"}
{"index": {"_index":"leo","_id":"3943329"}}
	{"id":3943329,"type":"buy","buyer":"deathwing","seller":"leomaker","symbol":"LEO","quantity":"2.262","price":"0.16919700","timestamp":1658248269,"volume":"0.38272361","buyTxId":"a91232229a1b3b992345fda068846abb8b05a50e","sellTxId":"9cca92023d9276cb47e7a2fdb886c92992fb71d0"}
{"index": {"_index":"leo","_id":"3943330"}}
	{"id":3943330,"type":"buy","buyer":"deathwing","seller":"leomaker","symbol":"LEO","quantity":"2.370","price":"0.16919800","timestamp":1658248269,"volume":"0.40099926","buyTxId":"a91232229a1b3b992345fda068846abb8b05a50e","sellTxId":"7ee4523cd5cec6d4813d1885a262eefee2b236d3"}
{"index": {"_index":"leo","_id":"3943331"}}
	{"id":3943331,"type":"buy","buyer":"deathwing","seller":"leomaker","symbol":"LEO","quantity":"2.483","price":"0.16919900","timestamp":1658248269,"volume":"0.42012112","buyTxId":"a91232229a1b3b992345fda068846abb8b05a50e","sellTxId":"acc8fd93921fb8a03a3558f8dbea6eef6eafadc5"}
{"index": {"_index":"leo","_id":"3943332"}}
	{"id":3943332,"type":"buy","buyer":"deathwing","seller":"leomaker","symbol":"LEO","quantity":"2.604","price":"0.16929700","timestamp":1658248269,"volume":"0.44084939","buyTxId":"a91232229a1b3b992345fda068846abb8b05a50e","sellTxId":"4cbd1a3dfc7b5d38209f386229abb93aa28eb91f"}
{"index": {"_index":"leo","_id":"3943333"}}
	{"id":3943333,"type":"buy","buyer":"deathwing","seller":"leomaker","symbol":"LEO","quantity":"2.729","price":"0.16929800","timestamp":1658248269,"volume":"0.46201424","buyTxId":"a91232229a1b3b992345fda068846abb8b05a50e","sellTxId":"d5c73a26848404ba3947af13e8fc61ead6eae7f9"}
{"index": {"_index":"leo","_id":"3943334"}}
	{"id":3943334,"type":"buy","buyer":"deathwing","seller":"leomaker","symbol":"LEO","quantity":"2.859","price":"0.16929900","timestamp":1658248269,"volume":"0.48402584","buyTxId":"a91232229a1b3b992345fda068846abb8b05a50e","sellTxId":"478d1442251bddeedc4e492418ed1528eb5e6895"}
{"index": {"_index":"leo","_id":"3943335"}}
	{"id":3943335,"type":"buy","buyer":"deathwing","seller":"leomaker","symbol":"LEO","quantity":"2.996","price":"0.16939700","timestamp":1658248269,"volume":"0.50751341","buyTxId":"a91232229a1b3b992345fda068846abb8b05a50e","sellTxId":"13c4860d4cd6f4f3f796b6ab4d468c313299ddb1"}
{"index": {"_index":"leo","_id":"3943336"}}
	{"id":3943336,"type":"buy","buyer":"deathwing","seller":"leomaker","symbol":"LEO","quantity":"3.141","price":"0.16939800","timestamp":1658248269,"volume":"0.53207912","buyTxId":"a91232229a1b3b992345fda068846abb8b05a50e","sellTxId":"6defe95aaee4f3376aed6458de4597e05f19d96d"}
{"index": {"_index":"leo","_id":"3943337"}}
	{"id":3943337,"type":"buy","buyer":"deathwing","seller":"leomaker","symbol":"LEO","quantity":"3.293","price":"0.16939900","timestamp":1658248269,"volume":"0.55783091","buyTxId":"a91232229a1b3b992345fda068846abb8b05a50e","sellTxId":"63e7c0cc9ec47c929c4bfab13a88eeb0ea843b16"}
{"index": {"_index":"leo","_id":"3943338"}}
	{"id":3943338,"type":"buy","buyer":"deathwing","seller":"leomaker","symbol":"LEO","quantity":"3.451","price":"0.16949400","timestamp":1658248269,"volume":"0.58492379","buyTxId":"a91232229a1b3b992345fda068846abb8b05a50e","sellTxId":"ad7c2b7ff509a1ad9ffee6ffc847f68221d0f86f"}
{"index": {"_index":"leo","_id":"3943339"}}
	{"id":3943339,"type":"buy","buyer":"deathwing","seller":"leomaker","symbol":"LEO","quantity":"3.616","price":"0.16949500","timestamp":1658248269,"volume":"0.61289392","buyTxId":"a91232229a1b3b992345fda068846abb8b05a50e","sellTxId":"9245ff3a48b8ad904c5795216b331afc8becdc82"}
{"index": {"_index":"leo","_id":"3943340"}}
	{"id":3943340,"type":"buy","buyer":"deathwing","seller":"leomaker","symbol":"LEO","quantity":"3.790","price":"0.16949600","timestamp":1658248269,"volume":"0.64238984","buyTxId":"a91232229a1b3b992345fda068846abb8b05a50e","sellTxId":"8d67c021a669e6636ccac61112886f245d689d5a"}
{"index": {"_index":"leo","_id":"3943341"}}
	{"id":3943341,"type":"buy","buyer":"deathwing","seller":"leomaker","symbol":"LEO","quantity":"3.974","price":"0.16949700","timestamp":1658248269,"volume":"0.67358108","buyTxId":"a91232229a1b3b992345fda068846abb8b05a50e","sellTxId":"0535ca5f8874ec7d133720212e2e2b1311e2ae32"}
{"index": {"_index":"leo","_id":"3943342"}}
	{"id":3943342,"type":"buy","buyer":"deathwing","seller":"leomaker","symbol":"LEO","quantity":"4.166","price":"0.16949800","timestamp":1658248269,"volume":"0.70612867","buyTxId":"a91232229a1b3b992345fda068846abb8b05a50e","sellTxId":"0dff87beb3a5c76e690230d34e03fb4c2eee9a90"}
{"index": {"_index":"leo","_id":"3943343"}}
	{"id":3943343,"type":"buy","buyer":"deathwing","seller":"leomaker","symbol":"LEO","quantity":"4.366","price":"0.16949900","timestamp":1658248269,"volume":"0.74003263","buyTxId":"a91232229a1b3b992345fda068846abb8b05a50e","sellTxId":"b6ab17ea63da974b1465db8a0f68bcc77902a00f"}
{"index": {"_index":"leo","_id":"3943344"}}
	{"id":3943344,"type":"buy","buyer":"deathwing","seller":"leomaker","symbol":"LEO","quantity":"4.576","price":"0.16959600","timestamp":1658248269,"volume":"0.77607130","buyTxId":"a91232229a1b3b992345fda068846abb8b05a50e","sellTxId":"0aeb58fcfe182568cf75e3ae2248efadf7a7a7bb"}
{"index": {"_index":"leo","_id":"3943345"}}
	{"id":3943345,"type":"buy","buyer":"deathwing","seller":"leomaker","symbol":"LEO","quantity":"4.798","price":"0.16959700","timestamp":1658248269,"volume":"0.81372641","buyTxId":"a91232229a1b3b992345fda068846abb8b05a50e","sellTxId":"16a489e7b18a6d137f66c161551bfe78138a3753"}
{"index": {"_index":"leo","_id":"3943346"}}
	{"id":3943346,"type":"buy","buyer":"deathwing","seller":"leomaker","symbol":"LEO","quantity":"5.028","price":"0.16959800","timestamp":1658248269,"volume":"0.85273874","buyTxId":"a91232229a1b3b992345fda068846abb8b05a50e","sellTxId":"2ce1882c93d429f8d240200d428cf1287b85a7f3"}
{"index": {"_index":"leo","_id":"3943347"}}
	{"id":3943347,"type":"buy","buyer":"deathwing","seller":"leomaker","symbol":"LEO","quantity":"5.272","price":"0.16959900","timestamp":1658248269,"volume":"0.89412593","buyTxId":"a91232229a1b3b992345fda068846abb8b05a50e","sellTxId":"9fa20e2f0ea5771a565fdb12b0c9b9750001b34f"}
{"index": {"_index":"leo","_id":"3943348"}}
	{"id":3943348,"type":"buy","buyer":"deathwing","seller":"leomaker","symbol":"LEO","quantity":"5.527","price":"0.16969700","timestamp":1658248269,"volume":"0.93791532","buyTxId":"a91232229a1b3b992345fda068846abb8b05a50e","sellTxId":"0e3e4fb63747a0967719a886f9783d59ca48462d"}
{"index": {"_index":"leo","_id":"3943349"}}
	{"id":3943349,"type":"buy","buyer":"deathwing","seller":"leomaker","symbol":"LEO","quantity":"5.793","price":"0.16969800","timestamp":1658248269,"volume":"0.98306051","buyTxId":"a91232229a1b3b992345fda068846abb8b05a50e","sellTxId":"e201eeaada7112ab874e0f53cf85c06068933d64"}
{"index": {"_index":"leo","_id":"3943350"}}
	{"id":3943350,"type":"buy","buyer":"deathwing","seller":"leomaker","symbol":"LEO","quantity":"6.073","price":"0.16969900","timestamp":1658248269,"volume":"1.03058203","buyTxId":"a91232229a1b3b992345fda068846abb8b05a50e","sellTxId":"a4267a3e139d0b31cd91ec1dd472c461c649a758"}
{"index": {"_index":"leo","_id":"3943351"}}
	{"id":3943351,"type":"buy","buyer":"deathwing","seller":"leomaker","symbol":"LEO","quantity":"6.366","price":"0.16979400","timestamp":1658248269,"volume":"1.08090860","buyTxId":"a91232229a1b3b992345fda068846abb8b05a50e","sellTxId":"1200b1b77be2430a1eaaea3d3a4b749ccbb4e46b"}
{"index": {"_index":"leo","_id":"3943352"}}
	{"id":3943352,"type":"buy","buyer":"deathwing","seller":"leomaker","symbol":"LEO","quantity":"6.674","price":"0.16979500","timestamp":1658248269,"volume":"1.13321183","buyTxId":"a91232229a1b3b992345fda068846abb8b05a50e","sellTxId":"07c1740189b37afedd19dc5c5f512cbcf4fc519a"}
{"index": {"_index":"leo","_id":"3943353"}}
	{"id":3943353,"type":"buy","buyer":"deathwing","seller":"leomaker","symbol":"LEO","quantity":"6.996","price":"0.16979600","timestamp":1658248269,"volume":"1.18789282","buyTxId":"a91232229a1b3b992345fda068846abb8b05a50e","sellTxId":"b1a843433b9d2b8d97f097b858dbc7ef0655bd5c"}
{"index": {"_index":"leo","_id":"3943354"}}
	{"id":3943354,"type":"buy","buyer":"deathwing","seller":"leomaker","symbol":"LEO","quantity":"7.334","price":"0.16979700","timestamp":1658248269,"volume":"1.24529120","buyTxId":"a91232229a1b3b992345fda068846abb8b05a50e","sellTxId":"4856e5e8e903b17c71c75953485716be61324b48"}
{"index": {"_index":"leo","_id":"3943355"}}
	{"id":3943355,"type":"buy","buyer":"deathwing","seller":"leomaker","symbol":"LEO","quantity":"7.690","price":"0.16979800","timestamp":1658248269,"volume":"1.30574662","buyTxId":"a91232229a1b3b992345fda068846abb8b05a50e","sellTxId":"6b5702347402ad076d8f3119a9b897a85e3aa1e6"}
{"index": {"_index":"leo","_id":"3943356"}}
	{"id":3943356,"type":"buy","buyer":"deathwing","seller":"leomaker","symbol":"LEO","quantity":"8.060","price":"0.16979900","timestamp":1658248269,"volume":"1.36857994","buyTxId":"a91232229a1b3b992345fda068846abb8b05a50e","sellTxId":"1e05ef93ecc233ce89b7494278e92d5adcd2c76a"}
{"index": {"_index":"leo","_id":"3943357"}}
	{"id":3943357,"type":"buy","buyer":"deathwing","seller":"leomaker","symbol":"LEO","quantity":"1.763","price":"0.16989600","timestamp":1658248269,"volume":"0.29952665","buyTxId":"a91232229a1b3b992345fda068846abb8b05a50e","sellTxId":"de9daa5f2ee31372a1c2f15d6ec5a01286519dbd"}
{"index": {"_index":"leo","_id":"3943358"}}
	{"id":3943358,"type":"buy","buyer":"deathwing","seller":"leomaker","symbol":"LEO","quantity":"4.144","price":"0.16989700","timestamp":1658248269,"volume":"0.70405317","buyTxId":"a91232229a1b3b992345fda068846abb8b05a50e","sellTxId":"4446ae2164285de6f125d7b3d059d69e69628851"}
{"index": {"_index":"leo","_id":"3943359"}}
	{"id":3943359,"type":"buy","buyer":"deathwing","seller":"leomaker","symbol":"LEO","quantity":"4.349","price":"0.16989800","timestamp":1658248269,"volume":"0.73888640","buyTxId":"a91232229a1b3b992345fda068846abb8b05a50e","sellTxId":"c7027b5039f600b40d2737f034aa098523687e3c"}
{"index": {"_index":"leo","_id":"3943360"}}
	{"id":3943360,"type":"buy","buyer":"deathwing","seller":"leomaker","symbol":"LEO","quantity":"4.565","price":"0.16989900","timestamp":1658248269,"volume":"0.77558894","buyTxId":"a91232229a1b3b992345fda068846abb8b05a50e","sellTxId":"87e21e26477aa7efed4ee1d3e21865501a6b2f5f"}
{"index": {"_index":"leo","_id":"3943361"}}
	{"id":3943361,"type":"buy","buyer":"deathwing","seller":"leomaker","symbol":"LEO","quantity":"4.793","price":"0.16999600","timestamp":1658248269,"volume":"0.81479083","buyTxId":"a91232229a1b3b992345fda068846abb8b05a50e","sellTxId":"5bc2973d83a877e5a5f4f5d6d223e48954979ad9"}
{"index": {"_index":"leo","_id":"3943362"}}
	{"id":3943362,"type":"buy","buyer":"deathwing","seller":"leomaker","symbol":"LEO","quantity":"5.030","price":"0.16999700","timestamp":1658248269,"volume":"0.85508491","buyTxId":"a91232229a1b3b992345fda068846abb8b05a50e","sellTxId":"b8271a1fa3a7c90e9169a1151b3129482fdec624"}
{"index": {"_index":"leo","_id":"3943363"}}
	{"id":3943363,"type":"buy","buyer":"deathwing","seller":"leomaker","symbol":"LEO","quantity":"5.280","price":"0.16999800","timestamp":1658248269,"volume":"0.89758944","buyTxId":"a91232229a1b3b992345fda068846abb8b05a50e","sellTxId":"79ea28830b8b969ef75809b6c1ffc7c59f241d66"}
{"index": {"_index":"leo","_id":"3943364"}}
	{"id":3943364,"type":"buy","buyer":"deathwing","seller":"leomaker","symbol":"LEO","quantity":"3.615","price":"0.16999900","timestamp":1658248269,"volume":"0.61454639","buyTxId":"a91232229a1b3b992345fda068846abb8b05a50e","sellTxId":"a9308db7fca69ccf78ec07ea6cb50de99fe980ff"}
{"index": {"_index":"leo","_id":"3943365"}}
	{"id":3943365,"type":"buy","buyer":"deathwing","seller":"leomaker","symbol":"LEO","quantity":"3.807","price":"0.17399500","timestamp":1658248269,"volume":"0.66239897","buyTxId":"a91232229a1b3b992345fda068846abb8b05a50e","sellTxId":"25397fb83d585ed5e5c5d328084f4b3b44d21aab"}
{"index": {"_index":"leo","_id":"3943366"}}
	{"id":3943366,"type":"buy","buyer":"deathwing","seller":"brianhuang","symbol":"LEO","quantity":"3.832","price":"0.17399590","timestamp":1658248269,"volume":"0.66675229","buyTxId":"a91232229a1b3b992345fda068846abb8b05a50e","sellTxId":"60942308af47515cf974f4c3d10c733bb2ae5dde"}
{"index": {"_index":"leo","_id":"3943367"}}
	{"id":3943367,"type":"buy","buyer":"deathwing","seller":"damla","symbol":"LEO","quantity":"0.122","price":"0.17399599","timestamp":1658248269,"volume":"0.02122751","buyTxId":"a91232229a1b3b992345fda068846abb8b05a50e","sellTxId":"7c5f522a618f185115f3d16c8e63b0bce26dbee8"}
{"index": {"_index":"leo","_id":"3943368"}}
	{"id":3943368,"type":"buy","buyer":"deathwing","seller":"leomaker","symbol":"LEO","quantity":"4.011","price":"0.17399600","timestamp":1658248269,"volume":"0.69789796","buyTxId":"a91232229a1b3b992345fda068846abb8b05a50e","sellTxId":"02953eedc2d61fa2620acae785d11b5dfbfd88fb"}
{"index": {"_index":"leo","_id":"3943369"}}
	{"id":3943369,"type":"buy","buyer":"deathwing","seller":"leomaker","symbol":"LEO","quantity":"4.224","price":"0.17399700","timestamp":1658248269,"volume":"0.73496333","buyTxId":"a91232229a1b3b992345fda068846abb8b05a50e","sellTxId":"88c592f760a7592fc5197275978695c7f6547105"}
{"index": {"_index":"leo","_id":"3943370"}}
	{"id":3943370,"type":"buy","buyer":"deathwing","seller":"leomaker","symbol":"LEO","quantity":"4.450","price":"0.17399800","timestamp":1658248269,"volume":"0.77429110","buyTxId":"a91232229a1b3b992345fda068846abb8b05a50e","sellTxId":"9233c7048f3b85d40f8bca73df3ea1eefee8dffc"}
{"index": {"_index":"leo","_id":"3943371"}}
	{"id":3943371,"type":"buy","buyer":"deathwing","seller":"leomaker","symbol":"LEO","quantity":"4.687","price":"0.17399900","timestamp":1658248269,"volume":"0.81553331","buyTxId":"a91232229a1b3b992345fda068846abb8b05a50e","sellTxId":"c155348e5d9a8718c08664b54013ce2ed8cbb5fb"}
{"index": {"_index":"leo","_id":"3943372"}}
	{"id":3943372,"type":"buy","buyer":"deathwing","seller":"leomaker","symbol":"LEO","quantity":"4.937","price":"0.17409400","timestamp":1658248269,"volume":"0.85950208","buyTxId":"a91232229a1b3b992345fda068846abb8b05a50e","sellTxId":"1c2500b218c11ed55e358270bdf5c40c9def67b4"}
{"index": {"_index":"leo","_id":"3943373"}}
	{"id":3943373,"type":"buy","buyer":"deathwing","seller":"leomaker","symbol":"LEO","quantity":"5.200","price":"0.17409500","timestamp":1658248269,"volume":"0.90529400","buyTxId":"a91232229a1b3b992345fda068846abb8b05a50e","sellTxId":"032d65ad3d26df3919a40303fbda3f7de6e178b4"}
{"index": {"_index":"leo","_id":"3943374"}}
	{"id":3943374,"type":"buy","buyer":"deathwing","seller":"leomaker","symbol":"LEO","quantity":"5.479","price":"0.17409600","timestamp":1658248269,"volume":"0.95387198","buyTxId":"a91232229a1b3b992345fda068846abb8b05a50e","sellTxId":"7866b11f6c2eade20ccc564d0d6fe4ab27b9c6ee"}
{"index": {"_index":"leo","_id":"3943375"}}
	{"id":3943375,"type":"buy","buyer":"deathwing","seller":"leomaker","symbol":"LEO","quantity":"5.751","price":"0.17409700","timestamp":1658248269,"volume":"1.00123185","buyTxId":"a91232229a1b3b992345fda068846abb8b05a50e","sellTxId":"cb55c4dd1778dda91642e0ce7ac299420613b32b"}
{"index": {"_index":"leo","_id":"3943376"}}
	{"id":3943376,"type":"buy","buyer":"deathwing","seller":"leomaker","symbol":"LEO","quantity":"6.059","price":"0.17409800","timestamp":1658248269,"volume":"1.05485978","buyTxId":"a91232229a1b3b992345fda068846abb8b05a50e","sellTxId":"85b0dbe0a94dbedbffd3076a457e86ecf4708811"}
{"index": {"_index":"leo","_id":"3943377"}}
	{"id":3943377,"type":"buy","buyer":"deathwing","seller":"leomaker","symbol":"LEO","quantity":"6.383","price":"0.17409900","timestamp":1658248269,"volume":"1.11127392","buyTxId":"a91232229a1b3b992345fda068846abb8b05a50e","sellTxId":"9aa85b8c3fe05dad9a89fc217fe39472f81d0043"}
{"index": {"_index":"leo","_id":"3943378"}}
	{"id":3943378,"type":"buy","buyer":"deathwing","seller":"leomaker","symbol":"LEO","quantity":"6.724","price":"0.17419400","timestamp":1658248269,"volume":"1.17128046","buyTxId":"a91232229a1b3b992345fda068846abb8b05a50e","sellTxId":"2524da13fa9a3caf914a57176cd78f6d5fb8f90c"}
{"index": {"_index":"leo","_id":"3943379"}}
	{"id":3943379,"type":"buy","buyer":"deathwing","seller":"leomaker","symbol":"LEO","quantity":"7.083","price":"0.17419500","timestamp":1658248269,"volume":"1.23382319","buyTxId":"a91232229a1b3b992345fda068846abb8b05a50e","sellTxId":"a86f4cb9518b12753b8f3e59f5c874155c4b3e76"}
{"index": {"_index":"leo","_id":"3943380"}}
	{"id":3943380,"type":"buy","buyer":"deathwing","seller":"leomaker","symbol":"LEO","quantity":"5.525","price":"0.17419600","timestamp":1658248269,"volume":"0.96243290","buyTxId":"a91232229a1b3b992345fda068846abb8b05a50e","sellTxId":"f1691dbc1d7c743d754ae5d6d5eee584b9e696fa"}
{"index": {"_index":"leo","_id":"3943381"}}
	{"id":3943381,"type":"buy","buyer":"deathwing","seller":"leomaker","symbol":"LEO","quantity":"5.820","price":"0.17419700","timestamp":1658248269,"volume":"1.01382654","buyTxId":"a91232229a1b3b992345fda068846abb8b05a50e","sellTxId":"d50ed8b4912b20b121991b2d0a4c7feee6bd312a"}
{"index": {"_index":"leo","_id":"3943382"}}
	{"id":3943382,"type":"buy","buyer":"deathwing","seller":"leomaker","symbol":"LEO","quantity":"6.133","price":"0.17419800","timestamp":1658248269,"volume":"1.06835633","buyTxId":"a91232229a1b3b992345fda068846abb8b05a50e","sellTxId":"6600f9abaddd7cfcba089fb1a4572e05ab91d964"}
{"index": {"_index":"leo","_id":"3943383"}}
	{"id":3943383,"type":"buy","buyer":"deathwing","seller":"leomaker","symbol":"LEO","quantity":"6.065","price":"0.17419900","timestamp":1658248269,"volume":"1.05651694","buyTxId":"a91232229a1b3b992345fda068846abb8b05a50e","sellTxId":"e331f6e837a7aa2c14dbb39960817560564071cc"}
{"index": {"_index":"leo","_id":"3943384"}}
	{"id":3943384,"type":"buy","buyer":"deathwing","seller":"leomaker","symbol":"LEO","quantity":"6.391","price":"0.17429500","timestamp":1658248269,"volume":"1.11391935","buyTxId":"a91232229a1b3b992345fda068846abb8b05a50e","sellTxId":"853588a2beb5c0c26856703828107b1754d30f0e"}
{"index": {"_index":"leo","_id":"3943385"}}
	{"id":3943385,"type":"buy","buyer":"deathwing","seller":"leomaker","symbol":"LEO","quantity":"6.732","price":"0.17429600","timestamp":1658248269,"volume":"1.17336067","buyTxId":"a91232229a1b3b992345fda068846abb8b05a50e","sellTxId":"00ce66988d230d86e37fd01e9d1653377dd560ff"}
{"index": {"_index":"leo","_id":"3943386"}}
	{"id":3943386,"type":"buy","buyer":"deathwing","seller":"leomaker","symbol":"LEO","quantity":"6.754","price":"0.17429700","timestamp":1658248269,"volume":"1.17720194","buyTxId":"a91232229a1b3b992345fda068846abb8b05a50e","sellTxId":"41351b863398dab62a14d62e312ed327873e8c58"}
{"index": {"_index":"leo","_id":"3943387"}}
	{"id":3943387,"type":"buy","buyer":"deathwing","seller":"leomaker","symbol":"LEO","quantity":"7.118","price":"0.17429800","timestamp":1658248269,"volume":"1.24065316","buyTxId":"a91232229a1b3b992345fda068846abb8b05a50e","sellTxId":"bfb9cdc82fd5cc63e05daae7f7dcb5d3ef93be80"}
{"index": {"_index":"leo","_id":"3943388"}}
	{"id":3943388,"type":"buy","buyer":"deathwing","seller":"leomaker","symbol":"LEO","quantity":"7.500","price":"0.17429900","timestamp":1658248269,"volume":"1.30724250","buyTxId":"a91232229a1b3b992345fda068846abb8b05a50e","sellTxId":"69535520baf742dfaccd75f13fd41ee6fa918a0b"}
{"index": {"_index":"leo","_id":"3943389"}}
	{"id":3943389,"type":"buy","buyer":"deathwing","seller":"leomaker","symbol":"LEO","quantity":"7.892","price":"0.17439500","timestamp":1658248269,"volume":"1.37632534","buyTxId":"a91232229a1b3b992345fda068846abb8b05a50e","sellTxId":"d548b5a551b7650a9a7ea92c3c7142064804a8a8"}
{"index": {"_index":"leo","_id":"3943390"}}
	{"id":3943390,"type":"buy","buyer":"deathwing","seller":"leomaker","symbol":"LEO","quantity":"8.317","price":"0.17439600","timestamp":1658248269,"volume":"1.45045153","buyTxId":"a91232229a1b3b992345fda068846abb8b05a50e","sellTxId":"b48c47248f73fd0595409dc6ef8aeade29d394dc"}
{"index": {"_index":"leo","_id":"3943391"}}
	{"id":3943391,"type":"buy","buyer":"deathwing","seller":"leomaker","symbol":"LEO","quantity":"8.763","price":"0.17439700","timestamp":1658248269,"volume":"1.52824091","buyTxId":"a91232229a1b3b992345fda068846abb8b05a50e","sellTxId":"02b4de01cadcf3a38d70933d2b5b41ff2644cd17"}
{"index": {"_index":"leo","_id":"3943392"}}
	{"id":3943392,"type":"buy","buyer":"deathwing","seller":"leomaker","symbol":"LEO","quantity":"9.234","price":"0.17439800","timestamp":1658248269,"volume":"1.61039113","buyTxId":"a91232229a1b3b992345fda068846abb8b05a50e","sellTxId":"5e544307319375d3c6ea7ed367d324f927d3b893"}
{"index": {"_index":"leo","_id":"3943393"}}
	{"id":3943393,"type":"buy","buyer":"deathwing","seller":"leomaker","symbol":"LEO","quantity":"9.730","price":"0.17439900","timestamp":1658248269,"volume":"1.69690227","buyTxId":"a91232229a1b3b992345fda068846abb8b05a50e","sellTxId":"a0509935b906b2828d41199862cf5eed61e16887"}
{"index": {"_index":"leo","_id":"3943394"}}
	{"id":3943394,"type":"buy","buyer":"deathwing","seller":"leomaker","symbol":"LEO","quantity":"10.255","price":"0.17449400","timestamp":1658248269,"volume":"1.78943597","buyTxId":"a91232229a1b3b992345fda068846abb8b05a50e","sellTxId":"f75bf5cebc312efeb19b8c910d84de3d699fc8a3"}
{"index": {"_index":"leo","_id":"3943395"}}
	{"id":3943395,"type":"buy","buyer":"deathwing","seller":"leomaker","symbol":"LEO","quantity":"10.805","price":"0.17449500","timestamp":1658248269,"volume":"1.88541848","buyTxId":"a91232229a1b3b992345fda068846abb8b05a50e","sellTxId":"3f81bd3d5677bcd22b5d9daca02ea255d936e743"}
{"index": {"_index":"leo","_id":"3943396"}}
	{"id":3943396,"type":"buy","buyer":"deathwing","seller":"leomaker","symbol":"LEO","quantity":"11.141","price":"0.17449600","timestamp":1658248269,"volume":"1.94405994","buyTxId":"a91232229a1b3b992345fda068846abb8b05a50e","sellTxId":"4454d25218184976f8dc5bdefca4f0ebbd9e82a6"}
{"index": {"_index":"leo","_id":"3943397"}}
	{"id":3943397,"type":"buy","buyer":"deathwing","seller":"leomaker","symbol":"LEO","quantity":"11.742","price":"0.17449700","timestamp":1658248269,"volume":"2.04894377","buyTxId":"a91232229a1b3b992345fda068846abb8b05a50e","sellTxId":"a94bb67344f8df3ff6332bc991aaec9bcba9c60a"}
{"index": {"_index":"leo","_id":"3943398"}}
	{"id":3943398,"type":"buy","buyer":"deathwing","seller":"leomaker","symbol":"LEO","quantity":"12.374","price":"0.17449800","timestamp":1658248269,"volume":"2.15923825","buyTxId":"a91232229a1b3b992345fda068846abb8b05a50e","sellTxId":"0973f0621e2db64c7add8472ef8b8c2c3ae5b5a6"}
{"index": {"_index":"leo","_id":"3943399"}}
	{"id":3943399,"type":"buy","buyer":"deathwing","seller":"leomaker","symbol":"LEO","quantity":"9.565","price":"0.17449900","timestamp":1658248269,"volume":"1.66912046","buyTxId":"a91232229a1b3b992345fda068846abb8b05a50e","sellTxId":"158c92449bb4a82c9ee425ca4b17e32737b4211c"}
{"index": {"_index":"leo","_id":"3943512"}}
	{"id":3943512,"type":"sell","buyer":"ugochill","seller":"god0","symbol":"LEO","quantity":"1.0","price":"0.16500000","timestamp":1658249787,"volume":"0.16500000","buyTxId":"0e862d3676c492129adffea93b2bba1207ca9a02","sellTxId":"0f22f3b7fbda3588f29955e4b84c261e0ef950bc-1"}
{"index": {"_index":"leo","_id":"3943607"}}
	{"id":3943607,"type":"sell","buyer":"leomaker","seller":"bearbear613","symbol":"LEO","quantity":"6.301","price":"0.16110200","timestamp":1658250291,"volume":"1.01510370","buyTxId":"51fc87e0ffe476338c40c62ddcaf56f17874dd82","sellTxId":"89cd6d5c76c1fa235ec3478379366e955e815d43"}
{"index": {"_index":"leo","_id":"3943838"}}
	{"id":3943838,"type":"sell","buyer":"leomaker","seller":"hivetrader","symbol":"LEO","quantity":"12.766","price":"0.16120200","timestamp":1658252220,"volume":"2.05790473","buyTxId":"53ddccebc3150a5bcc300d033f76c5f3e8ad12ba","sellTxId":"78329df1099ad589b5cdc601601e950ec182af94"}
{"index": {"_index":"leo","_id":"3943905"}}
	{"id":3943905,"type":"buy","buyer":"burnbot9000","seller":"pi-trader","symbol":"LEO","quantity":"28.837","price":"0.17199699","timestamp":1658253069,"volume":"4.96","buyTxId":"dec765b81d99f30147ebc66ce819de932fb31538","sellTxId":"4b310996c5fa372b75d7732a645843d47530eaa4-1"}
{"index": {"_index":"leo","_id":"3943983"}}
	{"id":3943983,"type":"sell","buyer":"onlydoge","seller":"jphamer1","symbol":"LEO","quantity":"58.904","price":"0.16130000","timestamp":1658253885,"volume":"9.50121520","buyTxId":"eff321e1d88e6b0f9f4e98579ea712a48dd305de","sellTxId":"a679a60d660df53b8d555d57a35268ac4f14723d"}
{"index": {"_index":"leo","_id":"3944090"}}
	{"id":3944090,"type":"sell","buyer":"leomaker","seller":"ugochill","symbol":"LEO","quantity":"0.003","price":"0.16130200","timestamp":1658254992,"volume":"0.00048391","buyTxId":"be4c8310e3983452a97ba73284b48a077d8bfa33","sellTxId":"68b333304cb02786be1d81ec21bc7cb32bbab282"}
{"index": {"_index":"leo","_id":"3944111"}}
	{"id":3944111,"type":"sell","buyer":"leomaker","seller":"shanibeer","symbol":"LEO","quantity":"40.465","price":"0.16130200","timestamp":1658255202,"volume":"6.52708543","buyTxId":"be4c8310e3983452a97ba73284b48a077d8bfa33","sellTxId":"b73d50d6351a32be7cb5ade7a662dc4fdef2c4de"}
{"index": {"_index":"leo","_id":"3944115"}}
	{"id":3944115,"type":"sell","buyer":"leomaker","seller":"fabian98","symbol":"LEO","quantity":"9.967","price":"0.16130200","timestamp":1658255262,"volume":"1.60769703","buyTxId":"be4c8310e3983452a97ba73284b48a077d8bfa33","sellTxId":"21199c72cb4b73149d61bd1fb6f0b7478b22dadb"}
{"index": {"_index":"leo","_id":"3944312"}}
	{"id":3944312,"type":"sell","buyer":"leomaker","seller":"dswap","symbol":"LEO","quantity":"0.025","price":"0.16130200","timestamp":1658257431,"volume":"0.00403255","buyTxId":"be4c8310e3983452a97ba73284b48a077d8bfa33","sellTxId":"75fb3c8724b43b8f85f0723f9a94f77a856a397b"}
{"index": {"_index":"leo","_id":"3944313"}}
	{"id":3944313,"type":"sell","buyer":"onlydoge","seller":"dswap","symbol":"LEO","quantity":"0.451","price":"0.16130000","timestamp":1658257431,"volume":"0.07274630","buyTxId":"eff321e1d88e6b0f9f4e98579ea712a48dd305de","sellTxId":"75fb3c8724b43b8f85f0723f9a94f77a856a397b"}
{"index": {"_index":"leo","_id":"3944340"}}
	{"id":3944340,"type":"sell","buyer":"leomaker","seller":"lisamgentile1961","symbol":"LEO","quantity":"1.080","price":"0.16130200","timestamp":1658257740,"volume":"0.17420616","buyTxId":"529a36d11c015367d905c444e69a4f78217d1f67","sellTxId":"c4c54f9bdb0c7ec49010a47648c1ba283075c108"}
{"index": {"_index":"leo","_id":"3944574"}}
	{"id":3944574,"type":"sell","buyer":"leomaker","seller":"cheftony","symbol":"LEO","quantity":"34.170","price":"0.16130200","timestamp":1658260419,"volume":"5.51168934","buyTxId":"529a36d11c015367d905c444e69a4f78217d1f67","sellTxId":"d4a5c61256f7ab2a26db8a366cd6fb9f644b63ec"}
{"index": {"_index":"leo","_id":"3944620"}}
	{"id":3944620,"type":"buy","buyer":"rtonline","seller":"pi-trader","symbol":"LEO","quantity":"2.000","price":"0.17179499","timestamp":1658261142,"volume":"0.34358998","buyTxId":"1f1bbfccafb5e88e2ddcfb083ce21048ca3d2068","sellTxId":"85557921f595c04947078edd64e086950fea691b-1"}
{"index": {"_index":"leo","_id":"3944622"}}
	{"id":3944622,"type":"sell","buyer":"leomaker","seller":"rose98734","symbol":"LEO","quantity":"0.155","price":"0.16130200","timestamp":1658261163,"volume":"0.02500181","buyTxId":"529a36d11c015367d905c444e69a4f78217d1f67","sellTxId":"b1a9a88da8b33542f664ee7cd8bc08cee87882bd"}
{"index": {"_index":"leo","_id":"3944763"}}
	{"id":3944763,"type":"sell","buyer":"leomaker","seller":"beemd","symbol":"LEO","quantity":"0.834","price":"0.16130200","timestamp":1658263629,"volume":"0.13452587","buyTxId":"529a36d11c015367d905c444e69a4f78217d1f67","sellTxId":"a43d92b8f7b8393c9cdf3014b8d46e23284d9769"}
{"index": {"_index":"leo","_id":"3944988"}}
	{"id":3944988,"type":"sell","buyer":"ugochill","seller":"god0","symbol":"LEO","quantity":"1.0","price":"0.16500000","timestamp":1658266143,"volume":"0.16500000","buyTxId":"89372833ddd3ed69cf22f1088dab9bc7d3b507c0","sellTxId":"714b8e75a2bffbe61870a30651191e79a3461077-1"}
{"index": {"_index":"leo","_id":"3945082"}}
	{"id":3945082,"type":"sell","buyer":"leomaker","seller":"daje10","symbol":"LEO","quantity":"3.350","price":"0.16130200","timestamp":1658267388,"volume":"0.54036170","buyTxId":"529a36d11c015367d905c444e69a4f78217d1f67","sellTxId":"1c1d87c8650348ed44f95dae5b09704d632d60f6"}
{"index": {"_index":"leo","_id":"3945138"}}
	{"id":3945138,"type":"sell","buyer":"leomaker","seller":"eturnerx","symbol":"LEO","quantity":"2.383","price":"0.16130200","timestamp":1658268441,"volume":"0.38438267","buyTxId":"529a36d11c015367d905c444e69a4f78217d1f67","sellTxId":"ea30e6b8f744f81c05e32cd48414e935a0a50c53"}
{"index": {"_index":"leo","_id":"3945214"}}
	{"id":3945214,"type":"buy","buyer":"dswap","seller":"pi-trader","symbol":"LEO","quantity":"4.723","price":"0.17159499","timestamp":1658269842,"volume":"0.8105943","buyTxId":"520f338eaf93d483c11ec75de074926ea57076fc","sellTxId":"d73fdd06a6002b112d201a6f74b97fd353c04ea5-1"}
{"index": {"_index":"leo","_id":"3945297"}}
	{"id":3945297,"type":"sell","buyer":"leomaker","seller":"willsaldeno","symbol":"LEO","quantity":"4.405","price":"0.16130200","timestamp":1658270949,"volume":"0.71053531","buyTxId":"529a36d11c015367d905c444e69a4f78217d1f67","sellTxId":"ae1498c89c9996e691835a36338e5c02419f787d"}
{"index": {"_index":"leo","_id":"3945299"}}
	{"id":3945299,"type":"sell","buyer":"leomaker","seller":"teenagecrypto","symbol":"LEO","quantity":"0.086","price":"0.16130200","timestamp":1658270973,"volume":"0.01387197","buyTxId":"529a36d11c015367d905c444e69a4f78217d1f67","sellTxId":"35523caf7ffaa9b262d1519af37ce090df628490"}
{"index": {"_index":"leo","_id":"3945488"}}
	{"id":3945488,"type":"sell","buyer":"leomaker","seller":"bwar","symbol":"LEO","quantity":"3.391","price":"0.16130200","timestamp":1658274006,"volume":"0.54697508","buyTxId":"529a36d11c015367d905c444e69a4f78217d1f67","sellTxId":"64554fa64a7e86a68d0ba91ac8a40d298e6d5d9e"}
{"index": {"_index":"leo","_id":"3945489"}}
	{"id":3945489,"type":"sell","buyer":"leomaker","seller":"bwar","symbol":"LEO","quantity":"38.338","price":"0.16120200","timestamp":1658274006,"volume":"6.18016228","buyTxId":"53ddccebc3150a5bcc300d033f76c5f3e8ad12ba","sellTxId":"64554fa64a7e86a68d0ba91ac8a40d298e6d5d9e"}
{"index": {"_index":"leo","_id":"3945490"}}
	{"id":3945490,"type":"sell","buyer":"leomaker","seller":"bwar","symbol":"LEO","quantity":"45.455","price":"0.16110200","timestamp":1658274006,"volume":"7.32289141","buyTxId":"51fc87e0ffe476338c40c62ddcaf56f17874dd82","sellTxId":"64554fa64a7e86a68d0ba91ac8a40d298e6d5d9e"}
{"index": {"_index":"leo","_id":"3945491"}}
	{"id":3945491,"type":"sell","buyer":"leomaker","seller":"bwar","symbol":"LEO","quantity":"45.919","price":"0.16097800","timestamp":1658274006,"volume":"7.39194878","buyTxId":"f92df08cff911f07ab3d71a185b8c4ff402e447c","sellTxId":"64554fa64a7e86a68d0ba91ac8a40d298e6d5d9e"}
{"index": {"_index":"leo","_id":"3945492"}}
	{"id":3945492,"type":"sell","buyer":"leomaker","seller":"bwar","symbol":"LEO","quantity":"0.189","price":"0.16097600","timestamp":1658274006,"volume":"0.03042446","buyTxId":"65671e179e501958865d3ea9bc8992cf4a9400b6","sellTxId":"64554fa64a7e86a68d0ba91ac8a40d298e6d5d9e"}
{"index": {"_index":"leo","_id":"3945525"}}
	{"id":3945525,"type":"buy","buyer":"rtonline","seller":"pi-trader","symbol":"LEO","quantity":"1.000","price":"0.17139499","timestamp":1658274828,"volume":"0.17139499","buyTxId":"1ba18d5ed057b8d378c9a7c761e1ed83e2f3b213","sellTxId":"6d87416556506f7059d9fb9148239c732236323c-3"}
{"index": {"_index":"leo","_id":"3945632"}}
	{"id":3945632,"type":"sell","buyer":"leomaker","seller":"davot","symbol":"LEO","quantity":"0.690","price":"0.16097600","timestamp":1658276919,"volume":"0.11107344","buyTxId":"65671e179e501958865d3ea9bc8992cf4a9400b6","sellTxId":"d7387f2adc51973a4030cb2c265ddfed65377403"}
{"index": {"_index":"leo","_id":"3945778"}}
	{"id":3945778,"type":"sell","buyer":"leomaker","seller":"ugochill","symbol":"LEO","quantity":"0.022","price":"0.16097600","timestamp":1658279265,"volume":"0.00354147","buyTxId":"65671e179e501958865d3ea9bc8992cf4a9400b6","sellTxId":"69d8e0e2584a0eada61c62bb65bbf1e193964134"}
{"index": {"_index":"leo","_id":"3945845"}}
	{"id":3945845,"type":"sell","buyer":"leomaker","seller":"misslasvegas","symbol":"LEO","quantity":"47.111","price":"0.16097600","timestamp":1658280963,"volume":"7.58374034","buyTxId":"65671e179e501958865d3ea9bc8992cf4a9400b6","sellTxId":"8809704924e0ec65bf64f1ae281f1f70771bbedf"}
{"index": {"_index":"leo","_id":"3945846"}}
	{"id":3945846,"type":"buy","buyer":"god0","seller":"misslasvegas","symbol":"LEO","quantity":"11.152","price":"0.16097600","timestamp":1658280963,"volume":"1.79520435","buyTxId":"bd54a97c5c7f656a0a3ea36ba2aa4f07d7405aac-0","sellTxId":"8809704924e0ec65bf64f1ae281f1f70771bbedf"}
{"index": {"_index":"leo","_id":"3945851"}}
	{"id":3945851,"type":"sell","buyer":"leomaker","seller":"misslasvegas","symbol":"LEO","quantity":"48.595","price":"0.16097400","timestamp":1658281095,"volume":"7.82253153","buyTxId":"51427945652897f2a5ba89ab7b5c054993f4b8e5","sellTxId":"2a2554e2e859888737b95e93639af7ce7b15ef08"}
{"index": {"_index":"leo","_id":"3945852"}}
	{"id":3945852,"type":"sell","buyer":"eddqq","seller":"misslasvegas","symbol":"LEO","quantity":"4.000","price":"0.16097200","timestamp":1658281095,"volume":"0.64388800","buyTxId":"3bfda57f84f5efdc191361c2c47bbff6ef0fb4a8","sellTxId":"2a2554e2e859888737b95e93639af7ce7b15ef08"}
{"index": {"_index":"leo","_id":"3945853"}}
	{"id":3945853,"type":"sell","buyer":"leomaker","seller":"misslasvegas","symbol":"LEO","quantity":"49.188","price":"0.16097000","timestamp":1658281095,"volume":"7.91779236","buyTxId":"d8dc9301e5e0a926c1d804c0ffb3d49e9ef767e7","sellTxId":"2a2554e2e859888737b95e93639af7ce7b15ef08"}
{"index": {"_index":"leo","_id":"3945863"}}
	{"id":3945863,"type":"sell","buyer":"leomaker","seller":"yisusth","symbol":"LEO","quantity":"0.419","price":"0.16096800","timestamp":1658281242,"volume":"0.06744559","buyTxId":"1e16272f7a17da95e1a5d49c88b74bedb16c1bf7","sellTxId":"f58729842e466d652b380fda0cd7e2200ac483aa"}
{"index": {"_index":"leo","_id":"3945875"}}
	{"id":3945875,"type":"sell","buyer":"leomaker","seller":"steem82868","symbol":"LEO","quantity":"0.014","price":"0.16096800","timestamp":1658281305,"volume":"0.00225355","buyTxId":"1e16272f7a17da95e1a5d49c88b74bedb16c1bf7","sellTxId":"c27cac611fbfc64ac69799c2f7c576559b37d957"}
{"index": {"_index":"leo","_id":"3945876"}}
	{"id":3945876,"type":"sell","buyer":"leomaker","seller":"microbot","symbol":"LEO","quantity":"0.217","price":"0.16096800","timestamp":1658281305,"volume":"0.03493006","buyTxId":"1e16272f7a17da95e1a5d49c88b74bedb16c1bf7","sellTxId":"241a39cab018d19a6686fd423c651d7d0c5ff163"}
{"index": {"_index":"leo","_id":"3945877"}}
	{"id":3945877,"type":"sell","buyer":"leomaker","seller":"isnochys","symbol":"LEO","quantity":"0.216","price":"0.16096800","timestamp":1658281320,"volume":"0.03476909","buyTxId":"1e16272f7a17da95e1a5d49c88b74bedb16c1bf7","sellTxId":"cb6479a0b57a95c4cd2b5a9fafffb2f9334ea56e"}
{"index": {"_index":"leo","_id":"3945881"}}
	{"id":3945881,"type":"sell","buyer":"leomaker","seller":"grand.strategy","symbol":"LEO","quantity":"0.217","price":"0.16096800","timestamp":1658281356,"volume":"0.03493006","buyTxId":"1e16272f7a17da95e1a5d49c88b74bedb16c1bf7","sellTxId":"139285ef9b6c323a7ba61f571700b174213a297f"}
{"index": {"_index":"leo","_id":"3945907"}}
	{"id":3945907,"type":"sell","buyer":"leomaker","seller":"misslasvegas","symbol":"LEO","quantity":"51.085","price":"0.16096800","timestamp":1658281833,"volume":"8.22305028","buyTxId":"1e16272f7a17da95e1a5d49c88b74bedb16c1bf7","sellTxId":"bbafad360edbaf3735ca0683986fa53e611c238f"}
{"index": {"_index":"leo","_id":"3945908"}}
	{"id":3945908,"type":"sell","buyer":"leomaker","seller":"misslasvegas","symbol":"LEO","quantity":"52.802","price":"0.16096600","timestamp":1658281833,"volume":"8.49932673","buyTxId":"f39672455f2db1ef9e708bb42fe4b21460075629","sellTxId":"bbafad360edbaf3735ca0683986fa53e611c238f"}
{"index": {"_index":"leo","_id":"3945909"}}
	{"id":3945909,"type":"sell","buyer":"leomaker","seller":"misslasvegas","symbol":"LEO","quantity":"57.102","price":"0.16096400","timestamp":1658281833,"volume":"9.19136633","buyTxId":"83647e9ec5c3244eda02142344fb0783d4818d93","sellTxId":"bbafad360edbaf3735ca0683986fa53e611c238f"}
{"index": {"_index":"leo","_id":"3945910"}}
	{"id":3945910,"type":"sell","buyer":"leomaker","seller":"misslasvegas","symbol":"LEO","quantity":"59.579","price":"0.16096200","timestamp":1658281833,"volume":"9.58995500","buyTxId":"4406cd24059e089172a87b686d666f4baa93fdb9","sellTxId":"bbafad360edbaf3735ca0683986fa53e611c238f"}
{"index": {"_index":"leo","_id":"3945911"}}
	{"id":3945911,"type":"sell","buyer":"leomaker","seller":"misslasvegas","symbol":"LEO","quantity":"12.336","price":"0.16096000","timestamp":1658281833,"volume":"1.98560256","buyTxId":"75c0e117049c58f0e562c915267aba6e2991c928","sellTxId":"bbafad360edbaf3735ca0683986fa53e611c238f"}
{"index": {"_index":"leo","_id":"3945917"}}
	{"id":3945917,"type":"sell","buyer":"leomaker","seller":"doitvoluntarily","symbol":"LEO","quantity":"13.968","price":"0.16096000","timestamp":1658282022,"volume":"2.24828928","buyTxId":"75c0e117049c58f0e562c915267aba6e2991c928","sellTxId":"ba6a15c5866668051799a89dd5b3ae1667331129"}
{"index": {"_index":"leo","_id":"3945953"}}
	{"id":3945953,"type":"sell","buyer":"leomaker","seller":"victoriabsb","symbol":"LEO","quantity":"7.686","price":"0.16096000","timestamp":1658282457,"volume":"1.23713856","buyTxId":"75c0e117049c58f0e562c915267aba6e2991c928","sellTxId":"cb8dab5a476c4525b4cbfe10bfeea1316bc70427"}
{"index": {"_index":"leo","_id":"3945970"}}
	{"id":3945970,"type":"sell","buyer":"leomaker","seller":"cheftony","symbol":"LEO","quantity":"26.314","price":"0.16096000","timestamp":1658282733,"volume":"4.23550144","buyTxId":"75c0e117049c58f0e562c915267aba6e2991c928","sellTxId":"4acb8cc374da4696b1ddd3d09038ece97a669e89"}
{"index": {"_index":"leo","_id":"3945971"}}
	{"id":3945971,"type":"sell","buyer":"leomaker","seller":"cheftony","symbol":"LEO","quantity":"8.305","price":"0.16095800","timestamp":1658282733,"volume":"1.33675619","buyTxId":"0b06f5aaf1b42ad546cd160573add0bda87be362","sellTxId":"4acb8cc374da4696b1ddd3d09038ece97a669e89"}
{"index": {"_index":"leo","_id":"3946021"}}
	{"id":3946021,"type":"sell","buyer":"leomaker","seller":"ramadhanight","symbol":"LEO","quantity":"9.106","price":"0.16095800","timestamp":1658283459,"volume":"1.46568355","buyTxId":"0b06f5aaf1b42ad546cd160573add0bda87be362","sellTxId":"6d79082002f8488e2394e6605f365f660eea99fb"}
