{"index": {"_index":"leo","_id":"2854743"}}
	{"id":2854743,"type":"sell","buyer":"pi-trader","seller":"brofi-market","symbol":"LEO","quantity":"0.001","price":"0.22511801","timestamp":1645762239,"volume":"0.00022512","buyTxId":"bcdbf74d7d376166cf6b41dc6407370f5a0f7317-2","sellTxId":"029893faf90f04661bd7745c3e313112c40b54ed"}
{"index": {"_index":"leo","_id":"2854897"}}
	{"id":2854897,"type":"sell","buyer":"pi-trader","seller":"candy49","symbol":"LEO","quantity":"1.031","price":"0.22511801","timestamp":1645763787,"volume":"0.23209667","buyTxId":"64279e0292f0f805535e2737a4b32d778515a7f9-1","sellTxId":"c2718829071c594d12e3e844b7ff087a5f59fbef"}
{"index": {"_index":"leo","_id":"2854927"}}
	{"id":2854927,"type":"sell","buyer":"pi-trader","seller":"candy49","symbol":"LEO","quantity":"2.986","price":"0.22511801","timestamp":1645764072,"volume":"0.67220238","buyTxId":"77d05dca8c67b33abd842241f5802ce9be125005-2","sellTxId":"7e0dcf0b4c3fffc6edccbbf6f840e8f0f31d4b5f"}
{"index": {"_index":"leo","_id":"2855027"}}
	{"id":2855027,"type":"sell","buyer":"pi-trader","seller":"justinparke","symbol":"LEO","quantity":"1.046","price":"0.22511801","timestamp":1645765140,"volume":"0.23547344","buyTxId":"d99f146a13ded517409707c71139ecf2c6e836f1-3","sellTxId":"b446d32fccf681f23d41264d548c5045781a510b"}
{"index": {"_index":"leo","_id":"2855634"}}
	{"id":2855634,"type":"buy","buyer":"svirus","seller":"steinreich","symbol":"LEO","quantity":"33.160","price":"0.22512000","timestamp":1645775658,"volume":"7.46497920","buyTxId":"ea5d5b56759b5dcc2960742473c443ceaaff62b7-0","sellTxId":"0bd24481e79e87b4632e4094a3ca65a780e33526"}
{"index": {"_index":"leo","_id":"2855639"}}
	{"id":2855639,"type":"sell","buyer":"pi-trader","seller":"gungunkrishu","symbol":"LEO","quantity":"29.700","price":"0.22511801","timestamp":1645775721,"volume":"6.68600490","buyTxId":"2d4ecea3d46025c022c3c36e6f3ded3842099e55-2","sellTxId":"85601f295b57971695a2017c6a6327e565247f4c"}
{"index": {"_index":"leo","_id":"2855642"}}
	{"id":2855642,"type":"sell","buyer":"pi-trader","seller":"kolbjorn","symbol":"LEO","quantity":"16.125","price":"0.22511801","timestamp":1645775769,"volume":"3.63002791","buyTxId":"b445c9df5e7273b1bcdc386edca6db48f5477b47-2","sellTxId":"786486fe16d050fcfee985ad21907586caf953bd"}
{"index": {"_index":"leo","_id":"2855689"}}
	{"id":2855689,"type":"sell","buyer":"pi-trader","seller":"mfblack","symbol":"LEO","quantity":"5.532","price":"0.22511801","timestamp":1645776582,"volume":"1.24535283","buyTxId":"385dd6ebeeeff7f8150abbbe14d1242ed3b0bf0e-3","sellTxId":"1cbd3aee5d6ec22f34ebfc119802f3ca8db3e21f"}
{"index": {"_index":"leo","_id":"2855737"}}
	{"id":2855737,"type":"sell","buyer":"pi-trader","seller":"yorra","symbol":"LEO","quantity":"0.191","price":"0.22511801","timestamp":1645777206,"volume":"0.04299754","buyTxId":"d607f5053b71db626ba01077f1067d97f4b100a8-4","sellTxId":"77802ee687d89592da6d3d62a5f4789eb59d7472"}
{"index": {"_index":"leo","_id":"2855770"}}
	{"id":2855770,"type":"buy","buyer":"konvik","seller":"steinreich","symbol":"LEO","quantity":"0.005","price":"0.22512000","timestamp":1645777560,"volume":"0.00112560","buyTxId":"34b68395978d6638a1585805ecd52707c938057f-0","sellTxId":"0bd24481e79e87b4632e4094a3ca65a780e33526"}
{"index": {"_index":"leo","_id":"2855771"}}
	{"id":2855771,"type":"buy","buyer":"konvik","seller":"lichtblick","symbol":"LEO","quantity":"99.174","price":"0.22512000","timestamp":1645777560,"volume":"22.32605088","buyTxId":"34b68395978d6638a1585805ecd52707c938057f-0","sellTxId":"507827096ff7b36a32b85caf9f4989c9fdaafadf"}
{"index": {"_index":"leo","_id":"2855815"}}
	{"id":2855815,"type":"buy","buyer":"konvik","seller":"heruvim1978","symbol":"LEO","quantity":"300.000","price":"0.22512000","timestamp":1645778025,"volume":"67.53600000","buyTxId":"deddd70980dd963b2f1866352fb638fbba09ba71-0","sellTxId":"36777d5102f1d89d09691890ce4d3c7dd8679440"}
{"index": {"_index":"leo","_id":"2855824"}}
	{"id":2855824,"type":"sell","buyer":"pi-trader","seller":"heruvim1978","symbol":"LEO","quantity":"300.000","price":"0.22511801","timestamp":1645778079,"volume":"67.53540300","buyTxId":"94780f4dfcbec1372f2b26dd93e4d0952f85634a-3","sellTxId":"5ddf8891097240c53c6b884c5acba673223f1545"}
{"index": {"_index":"leo","_id":"2855825"}}
	{"id":2855825,"type":"sell","buyer":"leomaker","seller":"heruvim1978","symbol":"LEO","quantity":"1.465","price":"0.22511800","timestamp":1645778079,"volume":"0.32979787","buyTxId":"705135c31f89201419a8d19af0d40b208c3b5010","sellTxId":"5ddf8891097240c53c6b884c5acba673223f1545"}
{"index": {"_index":"leo","_id":"2855826"}}
	{"id":2855826,"type":"sell","buyer":"leomaker","seller":"heruvim1978","symbol":"LEO","quantity":"1.461","price":"0.22511600","timestamp":1645778079,"volume":"0.32889448","buyTxId":"c4b12ecdc85d545b1fd105cd75d7cf48538d7cfb","sellTxId":"5ddf8891097240c53c6b884c5acba673223f1545"}
{"index": {"_index":"leo","_id":"2855827"}}
	{"id":2855827,"type":"sell","buyer":"leomaker","seller":"heruvim1978","symbol":"LEO","quantity":"1.457","price":"0.22511400","timestamp":1645778079,"volume":"0.32799110","buyTxId":"3b5a63e5c9f2c3295513ebf3741b8997a80c184e","sellTxId":"5ddf8891097240c53c6b884c5acba673223f1545"}
{"index": {"_index":"leo","_id":"2855828"}}
	{"id":2855828,"type":"sell","buyer":"leomaker","seller":"heruvim1978","symbol":"LEO","quantity":"1.453","price":"0.22511200","timestamp":1645778079,"volume":"0.32708774","buyTxId":"31c246d27431f81a332107db7c7cefdc689d402d","sellTxId":"5ddf8891097240c53c6b884c5acba673223f1545"}
{"index": {"_index":"leo","_id":"2855829"}}
	{"id":2855829,"type":"sell","buyer":"nastyforce","seller":"heruvim1978","symbol":"LEO","quantity":"6.400","price":"0.22511000","timestamp":1645778079,"volume":"1.44070400","buyTxId":"80ddf3e0363068c079000ee666e6897b17ec671c","sellTxId":"5ddf8891097240c53c6b884c5acba673223f1545"}
{"index": {"_index":"leo","_id":"2855830"}}
	{"id":2855830,"type":"sell","buyer":"leomaker","seller":"heruvim1978","symbol":"LEO","quantity":"1.459","price":"0.22509500","timestamp":1645778079,"volume":"0.32841361","buyTxId":"e08e0ef5e0bd9d4416071f3c7a7725be4665a6d3","sellTxId":"5ddf8891097240c53c6b884c5acba673223f1545"}
{"index": {"_index":"leo","_id":"2855831"}}
	{"id":2855831,"type":"sell","buyer":"leomaker","seller":"heruvim1978","symbol":"LEO","quantity":"1.455","price":"0.22509300","timestamp":1645778079,"volume":"0.32751032","buyTxId":"deef8ed91737743a05cf03e0df9ef88cb58999fd","sellTxId":"5ddf8891097240c53c6b884c5acba673223f1545"}
{"index": {"_index":"leo","_id":"2855832"}}
	{"id":2855832,"type":"sell","buyer":"leomaker","seller":"heruvim1978","symbol":"LEO","quantity":"1.366","price":"0.22509000","timestamp":1645778079,"volume":"0.30747294","buyTxId":"de0077e034a55cdbe820e766f41cd9c538b28db3","sellTxId":"5ddf8891097240c53c6b884c5acba673223f1545"}
{"index": {"_index":"leo","_id":"2855833"}}
	{"id":2855833,"type":"sell","buyer":"leomaker","seller":"heruvim1978","symbol":"LEO","quantity":"1.074","price":"0.22508800","timestamp":1645778079,"volume":"0.24174451","buyTxId":"82792d601896c405a7ea863b15d0550b329ce12b","sellTxId":"5ddf8891097240c53c6b884c5acba673223f1545"}
{"index": {"_index":"leo","_id":"2855834"}}
	{"id":2855834,"type":"sell","buyer":"leomaker","seller":"heruvim1978","symbol":"LEO","quantity":"1.070","price":"0.22508600","timestamp":1645778079,"volume":"0.24084202","buyTxId":"8aba789bc6715e9a19623d72a3f6df5f6994f6ba","sellTxId":"5ddf8891097240c53c6b884c5acba673223f1545"}
{"index": {"_index":"leo","_id":"2855835"}}
	{"id":2855835,"type":"sell","buyer":"leomaker","seller":"heruvim1978","symbol":"LEO","quantity":"1.066","price":"0.22508400","timestamp":1645778079,"volume":"0.23993954","buyTxId":"b5eabb6c03c00f3fce64702e5adab3d3a8e9dcf1","sellTxId":"5ddf8891097240c53c6b884c5acba673223f1545"}
{"index": {"_index":"leo","_id":"2855836"}}
	{"id":2855836,"type":"sell","buyer":"leomaker","seller":"heruvim1978","symbol":"LEO","quantity":"1.064","price":"0.22508200","timestamp":1645778079,"volume":"0.23948725","buyTxId":"1576141d9dcabee0517b1887178529689a90a03a","sellTxId":"5ddf8891097240c53c6b884c5acba673223f1545"}
{"index": {"_index":"leo","_id":"2855837"}}
	{"id":2855837,"type":"sell","buyer":"leomaker","seller":"heruvim1978","symbol":"LEO","quantity":"1.060","price":"0.22508000","timestamp":1645778079,"volume":"0.23858480","buyTxId":"e0566d9c7403ab3e873b062a7dd55d27b4243f8e","sellTxId":"5ddf8891097240c53c6b884c5acba673223f1545"}
{"index": {"_index":"leo","_id":"2855838"}}
	{"id":2855838,"type":"buy","buyer":"konvik","seller":"heruvim1978","symbol":"LEO","quantity":"669.725","price":"0.22508000","timestamp":1645778082,"volume":"150.74170300","buyTxId":"35421934f3b1c36835b8f6c5a94492dd1822bacc-0","sellTxId":"5ddf8891097240c53c6b884c5acba673223f1545"}
{"index": {"_index":"leo","_id":"2855952"}}
	{"id":2855952,"type":"sell","buyer":"pi-trader","seller":"bilpcoinbot","symbol":"LEO","quantity":"0.111","price":"0.22507801","timestamp":1645778991,"volume":"0.02498366","buyTxId":"9e22d7e83edbc1c26fb14a5306c2a5e4c47652b0-1","sellTxId":"7f4d6483ef7c2ad7f1f93a6898d6e3d9c8668238"}
{"index": {"_index":"leo","_id":"2856017"}}
	{"id":2856017,"type":"sell","buyer":"pi-trader","seller":"acesontop","symbol":"LEO","quantity":"36","price":"0.22508001","timestamp":1645779891,"volume":"8.10288036","buyTxId":"6083d84705fc2b9a157f581cb8e9700a178d3ff6-1","sellTxId":"3c0b37049f515b8ed167b8cd3cc0dd5136b15961"}
{"index": {"_index":"leo","_id":"2856023"}}
	{"id":2856023,"type":"sell","buyer":"pi-trader","seller":"kachinhenry","symbol":"LEO","quantity":"57.000","price":"0.22508001","timestamp":1645779927,"volume":"12.82956057","buyTxId":"4086f50f54f1dbcdb8180221b75e245640ea8f3b-2","sellTxId":"1b0ac912dcc247310db0687e842dcecf4e5011a1"}
{"index": {"_index":"leo","_id":"2856080"}}
	{"id":2856080,"type":"sell","buyer":"pi-trader","seller":"pixelfan","symbol":"LEO","quantity":"2.329","price":"0.22508201","timestamp":1645780722,"volume":"0.52421600","buyTxId":"1cbbb7541f7e40679946f6a371ed0e4d2766d433-3","sellTxId":"7fcba86d3083a8df054b7ce54d234f975027707f"}
{"index": {"_index":"leo","_id":"2856146"}}
	{"id":2856146,"type":"sell","buyer":"pi-trader","seller":"russia-btc","symbol":"LEO","quantity":"27.595","price":"0.22508201","timestamp":1645781850,"volume":"6.21113807","buyTxId":"8752d631c1fba04edc43e50f22349070d0f1b3c3-2","sellTxId":"0e2dfa542e704330a76828489d4ce18c0a6ea9d8"}
{"index": {"_index":"leo","_id":"2856264"}}
	{"id":2856264,"type":"sell","buyer":"pi-trader","seller":"dswap","symbol":"LEO","quantity":"0.091","price":"0.22508401","timestamp":1645783191,"volume":"0.02048264","buyTxId":"76b388b8d69388afaaafe98e3183e5813446156f-1","sellTxId":"18480539ad691b3288a6b5ac4225128985e09bc7"}
{"index": {"_index":"leo","_id":"2856292"}}
	{"id":2856292,"type":"sell","buyer":"pi-trader","seller":"uzairk","symbol":"LEO","quantity":"0.206","price":"0.22508401","timestamp":1645783449,"volume":"0.04636731","buyTxId":"ea139be9acd9c8d82fa8fbf372f0d308358bb5f0-2","sellTxId":"23c724c178455cc8099e8ce647ccadd06bbcf8c7"}
{"index": {"_index":"leo","_id":"2856319"}}
	{"id":2856319,"type":"sell","buyer":"pi-trader","seller":"linn901","symbol":"LEO","quantity":"14.000","price":"0.22508601","timestamp":1645783767,"volume":"3.15120414","buyTxId":"a8de8d458096985c8988aa6c56a03deb62f68514-5","sellTxId":"e4207a80d751a8b7dfc5cf6f380fb42f8ac5d119"}
{"index": {"_index":"leo","_id":"2856357"}}
	{"id":2856357,"type":"sell","buyer":"pi-trader","seller":"stickupcash","symbol":"LEO","quantity":"1.929","price":"0.22508601","timestamp":1645784361,"volume":"0.43419091","buyTxId":"8effc910a7309b9ae5a374fe64ab230e6fce6fec-4","sellTxId":"69b9076210a93a8a774b8cb9dde097cf2d33015c"}
{"index": {"_index":"leo","_id":"2856373"}}
	{"id":2856373,"type":"sell","buyer":"pi-trader","seller":"stickupboys","symbol":"LEO","quantity":"1.845","price":"0.22508601","timestamp":1645784529,"volume":"0.41528369","buyTxId":"a415899ccf13952e466d18f577ee36ba4ecaa905-4","sellTxId":"dbbf95839f27f7b9b47afb73e3bb43dc1ab797dc"}
{"index": {"_index":"leo","_id":"2856378"}}
	{"id":2856378,"type":"sell","buyer":"pi-trader","seller":"insight.pob","symbol":"LEO","quantity":"8.733","price":"0.22508601","timestamp":1645784595,"volume":"1.96567613","buyTxId":"9c43cee580ba517093e8f2f5fad60896e1d504df-4","sellTxId":"9cacea9805363b95dd6771fa07a1f83d1a8d4ba8"}
{"index": {"_index":"leo","_id":"2856455"}}
	{"id":2856455,"type":"sell","buyer":"pi-trader","seller":"toofasteddie","symbol":"LEO","quantity":"4.500","price":"0.22508801","timestamp":1645785891,"volume":"1.01289605","buyTxId":"f72e2c5836fa230686dbdab12f74b9f7b2f6461f-5","sellTxId":"584ec43528c8714d60bb1043210c04005f942acd"}
{"index": {"_index":"leo","_id":"2856477"}}
	{"id":2856477,"type":"sell","buyer":"pi-trader","seller":"lifeskills-tv","symbol":"LEO","quantity":"3.804","price":"0.22509001","timestamp":1645786410,"volume":"0.85624240","buyTxId":"f953247faf44253c43ad4b71f8cffe91f8c0d174-1","sellTxId":"1cf3e3c0a669248262d47294102b868c8ca4bdb8"}
{"index": {"_index":"leo","_id":"2856556"}}
	{"id":2856556,"type":"sell","buyer":"pi-trader","seller":"elenkar","symbol":"LEO","quantity":"0.011","price":"0.22509001","timestamp":1645787571,"volume":"0.00247599","buyTxId":"431f0fa31e238fed11503b08c6942b9fbdd88e16-2","sellTxId":"7753dd2076d5f8b52185894b7a1ac034927a44fa"}
{"index": {"_index":"leo","_id":"2856712"}}
	{"id":2856712,"type":"sell","buyer":"pi-trader","seller":"cynano","symbol":"LEO","quantity":"0.536","price":"0.22509701","timestamp":1645789620,"volume":"0.12065200","buyTxId":"27146ed21c3f41dc6351edbfe1a7c01faf456f60-1","sellTxId":"12404644a28461f29eb7bd65a785cceebfae0f04"}
{"index": {"_index":"leo","_id":"2856839"}}
	{"id":2856839,"type":"sell","buyer":"pi-trader","seller":"brofi-market","symbol":"LEO","quantity":"9.768","price":"0.22509901","timestamp":1645791282,"volume":"2.19876713","buyTxId":"5642b3754c2c625f4b5bf17119c4afdfa2a3be4a-1","sellTxId":"89d9f997e766b6c4bb9fe4528e0cb942d72e1c69"}
{"index": {"_index":"leo","_id":"2857002"}}
	{"id":2857002,"type":"sell","buyer":"pi-trader","seller":"financeadviser","symbol":"LEO","quantity":"27.800","price":"0.22510101","timestamp":1645793055,"volume":"6.25780808","buyTxId":"39c353b27ad5933f35752d2e7907009df4cd5587-2","sellTxId":"bc0ddb82c51cd0980849c677ebdaf5f60099d8b8"}
{"index": {"_index":"leo","_id":"2857103"}}
	{"id":2857103,"type":"sell","buyer":"pi-trader","seller":"cowboyzlegend27","symbol":"LEO","quantity":"0.372","price":"0.22510301","timestamp":1645794465,"volume":"0.08373832","buyTxId":"18c29a652c8ac6a042d4accc085db03f7d121ee9-1","sellTxId":"d5c2ce818bdf1a36918de995593687a0c92c1096"}
{"index": {"_index":"leo","_id":"2857182"}}
	{"id":2857182,"type":"sell","buyer":"pi-trader","seller":"firstborn.pob","symbol":"LEO","quantity":"0.766","price":"0.22510301","timestamp":1645795236,"volume":"0.17242891","buyTxId":"8057d561321f9dc82d96ccb605ef04b342ca0775-3","sellTxId":"922dac02e5ff2ff84f4ed66205897da90fddf31b"}
{"index": {"_index":"leo","_id":"2857386"}}
	{"id":2857386,"type":"sell","buyer":"pi-trader","seller":"mushanov","symbol":"LEO","quantity":"2.740","price":"0.22510701","timestamp":1645797801,"volume":"0.61679321","buyTxId":"8b4a3332bb2b427f7388cfba200d8bc0fe3fc1da-4","sellTxId":"9fff7e826c5d3980dbdf5df6cd236008dc7572df"}
{"index": {"_index":"leo","_id":"2857388"}}
	{"id":2857388,"type":"sell","buyer":"pi-trader","seller":"rphspinheiro","symbol":"LEO","quantity":"0.537","price":"0.22510701","timestamp":1645797810,"volume":"0.12088246","buyTxId":"8b4a3332bb2b427f7388cfba200d8bc0fe3fc1da-4","sellTxId":"603d3bc5427a7c15a147b9840af4b8de4b74b721"}
{"index": {"_index":"leo","_id":"2857572"}}
	{"id":2857572,"type":"sell","buyer":"pi-trader","seller":"mondoshawan","symbol":"LEO","quantity":"0.005","price":"0.22510901","timestamp":1645799751,"volume":"0.00112555","buyTxId":"18d666cbfd1c070aba5f5aef7e662cabbe019feb-1","sellTxId":"9674a2a4437ce5a3d83cd752bcd11973caa7310d"}
{"index": {"_index":"leo","_id":"2857888"}}
	{"id":2857888,"type":"sell","buyer":"pi-trader","seller":"bearbear613","symbol":"LEO","quantity":"0.843","price":"0.22511501","timestamp":1645803876,"volume":"0.18977195","buyTxId":"2dc65d68ca25988839e293059b86d63f36b22fa4-1","sellTxId":"f2e2f9e3fe53ee429a1c1eaaf7bcf86f1c2cd8c2"}
{"index": {"_index":"leo","_id":"2857991"}}
	{"id":2857991,"type":"sell","buyer":"pi-trader","seller":"brofi-market","symbol":"LEO","quantity":"0.001","price":"0.22511701","timestamp":1645805400,"volume":"0.00022512","buyTxId":"7a314a0e204b8c8c4cbde39c72257cf71ec1b223-1","sellTxId":"dc6ed98dc02c1c3da496ab132fafbb49c47fc644"}
{"index": {"_index":"leo","_id":"2858065"}}
	{"id":2858065,"type":"sell","buyer":"pi-trader","seller":"jlufer","symbol":"LEO","quantity":"1.501","price":"0.22511701","timestamp":1645806213,"volume":"0.33790063","buyTxId":"c4fce5b82c832c093b3cbd87840058732c855422-3","sellTxId":"02efb02ce1937c0e05abd5f1f739f54511c8ac2b"}
{"index": {"_index":"leo","_id":"2858068"}}
	{"id":2858068,"type":"sell","buyer":"pi-trader","seller":"bearbear613","symbol":"LEO","quantity":"0.307","price":"0.22511701","timestamp":1645806267,"volume":"0.06911092","buyTxId":"be4561e969a541bba67869fffa63cc20fa0f8173-2","sellTxId":"285445d3559c1458e2f62936043bf96fc968834c"}
{"index": {"_index":"leo","_id":"2858254"}}
	{"id":2858254,"type":"buy","buyer":"leomaker","seller":"darth-azrael","symbol":"LEO","quantity":"1.000","price":"0.22512000","timestamp":1645807812,"volume":"0.22512000","buyTxId":"37ec34c0542f7b9ec7706496b54b9de320fc8be4","sellTxId":"ce4db2b71f7318032d37aff4c5081ccb54021709"}
{"index": {"_index":"leo","_id":"2858255"}}
	{"id":2858255,"type":"buy","buyer":"leomaker","seller":"brofi-market","symbol":"LEO","quantity":"0.001","price":"0.22512000","timestamp":1645807812,"volume":"0.00022512","buyTxId":"37ec34c0542f7b9ec7706496b54b9de320fc8be4","sellTxId":"cd40f22057382c9df3243fe991a812cbe81283de"}
{"index": {"_index":"leo","_id":"2858285"}}
	{"id":2858285,"type":"buy","buyer":"edkarnie","seller":"kojiri","symbol":"LEO","quantity":"0.700","price":"0.22900000","timestamp":1645808157,"volume":"0.16030000","buyTxId":"d4ebbed375b1ad895627416fed72b04dd39ce2f1","sellTxId":"16c0b3c13ae09aff170b16f53f56163255f3285b"}
{"index": {"_index":"leo","_id":"2858286"}}
	{"id":2858286,"type":"buy","buyer":"edkarnie","seller":"brofi-market","symbol":"LEO","quantity":"9.768","price":"0.22900000","timestamp":1645808157,"volume":"2.23687200","buyTxId":"d4ebbed375b1ad895627416fed72b04dd39ce2f1","sellTxId":"d3ab51f3ebd7abb6155794ca6fb5f36d42afe602"}
{"index": {"_index":"leo","_id":"2858289"}}
	{"id":2858289,"type":"buy","buyer":"edkarnie","seller":"cwow2","symbol":"LEO","quantity":"13.441","price":"0.22990000","timestamp":1645808184,"volume":"3.09008590","buyTxId":"d3d25c5f74b3f49b788686ee6ce5027456bd6a4f","sellTxId":"d884915623e34cfd1679842962133e6fe4c02ede"}
{"index": {"_index":"leo","_id":"2858457"}}
	{"id":2858457,"type":"sell","buyer":"pi-trader","seller":"theguruasia","symbol":"LEO","quantity":"0.582","price":"0.22512301","timestamp":1645809711,"volume":"0.13102159","buyTxId":"e9fdc744e8e647af5f05344d9495a6be94f3c712-1","sellTxId":"d217806d832a0031968ade76ef1ba98b577a6883"}
{"index": {"_index":"leo","_id":"2858528"}}
	{"id":2858528,"type":"sell","buyer":"pi-trader","seller":"trumpman","symbol":"LEO","quantity":"30.710","price":"0.22512301","timestamp":1645810422,"volume":"6.91352764","buyTxId":"f90f6f17aa4eed685b92f4a265caf0ad5f210e3d-2","sellTxId":"9507dbc00e0687481300e87d1b17893e8635c01a"}
{"index": {"_index":"leo","_id":"2858541"}}
	{"id":2858541,"type":"buy","buyer":"okean123","seller":"preparedwombat","symbol":"LEO","quantity":"19.312","price":"0.22999000","timestamp":1645810599,"volume":"4.44156688","buyTxId":"a9b66519808c1d966af6a05974572d15ba07fbb4","sellTxId":"9c0207355bf7457f06327421d416cdbd615dc7f6"}
{"index": {"_index":"leo","_id":"2858542"}}
	{"id":2858542,"type":"buy","buyer":"okean123","seller":"magicbeans","symbol":"LEO","quantity":"3.000","price":"0.22999899","timestamp":1645810599,"volume":"0.68999697","buyTxId":"a9b66519808c1d966af6a05974572d15ba07fbb4","sellTxId":"8bd4eea639cc313cd8c124bd36211a065fb15680"}
{"index": {"_index":"leo","_id":"2858543"}}
	{"id":2858543,"type":"buy","buyer":"okean123","seller":"leomaker","symbol":"LEO","quantity":"5.214","price":"0.22999900","timestamp":1645810599,"volume":"1.19921479","buyTxId":"a9b66519808c1d966af6a05974572d15ba07fbb4","sellTxId":"f5298fee159aa486c7f0e6b065c2caa302a21e00"}
{"index": {"_index":"leo","_id":"2858544"}}
	{"id":2858544,"type":"buy","buyer":"okean123","seller":"forexbrokr","symbol":"LEO","quantity":"12.474","price":"0.23000000","timestamp":1645810599,"volume":"2.86902000","buyTxId":"a9b66519808c1d966af6a05974572d15ba07fbb4","sellTxId":"25441c83a95eb2acd2b86716c841d0da4e12b096"}
{"index": {"_index":"leo","_id":"2858769"}}
	{"id":2858769,"type":"sell","buyer":"pi-trader","seller":"archon-drips","symbol":"LEO","quantity":"0.003","price":"0.22512711","timestamp":1645813536,"volume":"0.00067538","buyTxId":"8f85fb862fa4e891679c66861b4a17639fcecf08-2","sellTxId":"8b08ae2aa64a4ee6b542f3ab973752a067c8e2cd"}
{"index": {"_index":"leo","_id":"2858946"}}
	{"id":2858946,"type":"buy","buyer":"nastyforce","seller":"leomaker","symbol":"LEO","quantity":"1.304","price":"0.22999900","timestamp":1645815054,"volume":"0.29991870","buyTxId":"81fe87b1a41a8d37770e2d2469a88527b7017dec","sellTxId":"46367da6bb615edd88d45a27e8867b89a5124b6d"}
{"index": {"_index":"leo","_id":"2858999"}}
	{"id":2858999,"type":"sell","buyer":"pi-trader","seller":"elricmoonslayer","symbol":"LEO","quantity":"0.226","price":"0.22513103","timestamp":1645815975,"volume":"0.05087961","buyTxId":"bb890aada6ceb151479e6c096e70ab0a3eb9ebcc-1","sellTxId":"506e287379cd35680b891b4631ab3d3bd12b74c8"}
{"index": {"_index":"leo","_id":"2859086"}}
	{"id":2859086,"type":"sell","buyer":"pi-trader","seller":"globalcurrencies","symbol":"LEO","quantity":"300.000","price":"0.22513303","timestamp":1645817631,"volume":"67.53990900","buyTxId":"a2bb64d67b67c95243381da312241b25f6abac06-1","sellTxId":"4661ee7d2e850c3418de0ef17e8758c44c454e79"}
{"index": {"_index":"leo","_id":"2859087"}}
	{"id":2859087,"type":"sell","buyer":"magicbeans","seller":"globalcurrencies","symbol":"LEO","quantity":"3.000","price":"0.22513302","timestamp":1645817631,"volume":"0.67539906","buyTxId":"34400febf0638940f5f223de7b998e20424c1f5e","sellTxId":"4661ee7d2e850c3418de0ef17e8758c44c454e79"}
{"index": {"_index":"leo","_id":"2859088"}}
	{"id":2859088,"type":"sell","buyer":"leomaker","seller":"globalcurrencies","symbol":"LEO","quantity":"1.778","price":"0.22513300","timestamp":1645817631,"volume":"0.40028647","buyTxId":"b16d8ffbe5eb0d4a452fbe56450e5cf20170f8fb","sellTxId":"4661ee7d2e850c3418de0ef17e8758c44c454e79"}
{"index": {"_index":"leo","_id":"2859089"}}
	{"id":2859089,"type":"sell","buyer":"leomaker","seller":"globalcurrencies","symbol":"LEO","quantity":"1.776","price":"0.22513100","timestamp":1645817631,"volume":"0.39983266","buyTxId":"61d7e095eeeefa0c3467e2688a95dac4d86108ce","sellTxId":"4661ee7d2e850c3418de0ef17e8758c44c454e79"}
{"index": {"_index":"leo","_id":"2859090"}}
	{"id":2859090,"type":"sell","buyer":"leomaker","seller":"globalcurrencies","symbol":"LEO","quantity":"1.772","price":"0.22512900","timestamp":1645817631,"volume":"0.39892859","buyTxId":"a5328643ece3dc7af8118388972fcb878d65b6a4","sellTxId":"4661ee7d2e850c3418de0ef17e8758c44c454e79"}
{"index": {"_index":"leo","_id":"2859091"}}
	{"id":2859091,"type":"sell","buyer":"leomaker","seller":"globalcurrencies","symbol":"LEO","quantity":"1.772","price":"0.22512700","timestamp":1645817631,"volume":"0.39892504","buyTxId":"94c09d87039278087c98f301f18f3969a9c90ebc","sellTxId":"4661ee7d2e850c3418de0ef17e8758c44c454e79"}
{"index": {"_index":"leo","_id":"2859092"}}
	{"id":2859092,"type":"sell","buyer":"leomaker","seller":"globalcurrencies","symbol":"LEO","quantity":"1.770","price":"0.22512500","timestamp":1645817631,"volume":"0.39847125","buyTxId":"d9324f01d47923d72dd2d10e427cab7aa66b0076","sellTxId":"4661ee7d2e850c3418de0ef17e8758c44c454e79"}
{"index": {"_index":"leo","_id":"2859093"}}
	{"id":2859093,"type":"sell","buyer":"leomaker","seller":"globalcurrencies","symbol":"LEO","quantity":"1.754","price":"0.22512300","timestamp":1645817631,"volume":"0.39486574","buyTxId":"f74b5250db6b527caf64c5d8bf0a95f25a864578","sellTxId":"4661ee7d2e850c3418de0ef17e8758c44c454e79"}
{"index": {"_index":"leo","_id":"2859094"}}
	{"id":2859094,"type":"sell","buyer":"leomaker","seller":"globalcurrencies","symbol":"LEO","quantity":"0.753","price":"0.22512100","timestamp":1645817631,"volume":"0.16951611","buyTxId":"37ec34c0542f7b9ec7706496b54b9de320fc8be4","sellTxId":"4661ee7d2e850c3418de0ef17e8758c44c454e79"}
{"index": {"_index":"leo","_id":"2859095"}}
	{"id":2859095,"type":"sell","buyer":"leomaker","seller":"globalcurrencies","symbol":"LEO","quantity":"1.752","price":"0.22511900","timestamp":1645817631,"volume":"0.39440849","buyTxId":"83f7c96d6fa441e136261da31bad522c33940b29","sellTxId":"4661ee7d2e850c3418de0ef17e8758c44c454e79"}
{"index": {"_index":"leo","_id":"2859096"}}
	{"id":2859096,"type":"sell","buyer":"leomaker","seller":"globalcurrencies","symbol":"LEO","quantity":"1.752","price":"0.22511700","timestamp":1645817631,"volume":"0.39440498","buyTxId":"a34e6121da5295923b6303d70c103e5a59a80238","sellTxId":"4661ee7d2e850c3418de0ef17e8758c44c454e79"}
{"index": {"_index":"leo","_id":"2859097"}}
	{"id":2859097,"type":"sell","buyer":"leomaker","seller":"globalcurrencies","symbol":"LEO","quantity":"1.750","price":"0.22511500","timestamp":1645817631,"volume":"0.39395125","buyTxId":"9dc2b5160b75dbd84e06b1b60e80f90871abf919","sellTxId":"4661ee7d2e850c3418de0ef17e8758c44c454e79"}
{"index": {"_index":"leo","_id":"2859098"}}
	{"id":2859098,"type":"sell","buyer":"leomaker","seller":"globalcurrencies","symbol":"LEO","quantity":"1.749","price":"0.22511300","timestamp":1645817631,"volume":"0.39372264","buyTxId":"21d510d9f0f841cf46a689b9f50e8bc3c23acdbd","sellTxId":"4661ee7d2e850c3418de0ef17e8758c44c454e79"}
{"index": {"_index":"leo","_id":"2859099"}}
	{"id":2859099,"type":"sell","buyer":"leomaker","seller":"globalcurrencies","symbol":"LEO","quantity":"1.747","price":"0.22511100","timestamp":1645817631,"volume":"0.39326892","buyTxId":"23f373534fbac250303328b257ff773165322656","sellTxId":"4661ee7d2e850c3418de0ef17e8758c44c454e79"}
{"index": {"_index":"leo","_id":"2859100"}}
	{"id":2859100,"type":"sell","buyer":"leomaker","seller":"globalcurrencies","symbol":"LEO","quantity":"1.747","price":"0.22510900","timestamp":1645817631,"volume":"0.39326542","buyTxId":"e9d829b15f967068e70a2e1f360e172fe943aded","sellTxId":"4661ee7d2e850c3418de0ef17e8758c44c454e79"}
{"index": {"_index":"leo","_id":"2859101"}}
	{"id":2859101,"type":"buy","buyer":"konvik","seller":"globalcurrencies","symbol":"LEO","quantity":"1675.128","price":"0.22510900","timestamp":1645817634,"volume":"377.08638895","buyTxId":"5f44c3abebe72e6f48f22018044f6d66ec38a258-0","sellTxId":"4661ee7d2e850c3418de0ef17e8758c44c454e79"}
{"index": {"_index":"leo","_id":"2859102"}}
	{"id":2859102,"type":"sell","buyer":"leomaker","seller":"globalcurrencies","symbol":"LEO","quantity":"1.745","price":"0.22510700","timestamp":1645817667,"volume":"0.39281172","buyTxId":"456599b50f7dbfaa4ab227ca86330433b6c8de74","sellTxId":"a7ac357adec81fa4cd1c1b3794e21c0ed4e06030"}
{"index": {"_index":"leo","_id":"2859103"}}
	{"id":2859103,"type":"sell","buyer":"leomaker","seller":"globalcurrencies","symbol":"LEO","quantity":"1.743","price":"0.22510500","timestamp":1645817667,"volume":"0.39235802","buyTxId":"19266f450c4f9ad321f59f1f9933da58ce22eb91","sellTxId":"a7ac357adec81fa4cd1c1b3794e21c0ed4e06030"}
{"index": {"_index":"leo","_id":"2859104"}}
	{"id":2859104,"type":"sell","buyer":"leomaker","seller":"globalcurrencies","symbol":"LEO","quantity":"1.741","price":"0.22510300","timestamp":1645817667,"volume":"0.39190432","buyTxId":"a733f8a6dff21f5a1cbac2ba12454681ba652292","sellTxId":"a7ac357adec81fa4cd1c1b3794e21c0ed4e06030"}
{"index": {"_index":"leo","_id":"2859105"}}
	{"id":2859105,"type":"sell","buyer":"leomaker","seller":"globalcurrencies","symbol":"LEO","quantity":"1.741","price":"0.22510100","timestamp":1645817667,"volume":"0.39190084","buyTxId":"d9e84fc427b78b8d0c8fc782b915ed26cce8ecd9","sellTxId":"a7ac357adec81fa4cd1c1b3794e21c0ed4e06030"}
{"index": {"_index":"leo","_id":"2859106"}}
	{"id":2859106,"type":"sell","buyer":"leomaker","seller":"globalcurrencies","symbol":"LEO","quantity":"1.739","price":"0.22509900","timestamp":1645817667,"volume":"0.39144716","buyTxId":"5eec5d305ab63fb08b8a74964af5ed837d6a858b","sellTxId":"a7ac357adec81fa4cd1c1b3794e21c0ed4e06030"}
{"index": {"_index":"leo","_id":"2859107"}}
	{"id":2859107,"type":"sell","buyer":"leomaker","seller":"globalcurrencies","symbol":"LEO","quantity":"1.737","price":"0.22509700","timestamp":1645817667,"volume":"0.39099349","buyTxId":"8a6f2a0cb788a61ed61e6c51006905f7a42784e8","sellTxId":"a7ac357adec81fa4cd1c1b3794e21c0ed4e06030"}
{"index": {"_index":"leo","_id":"2859108"}}
	{"id":2859108,"type":"sell","buyer":"atyh","seller":"globalcurrencies","symbol":"LEO","quantity":"1.635","price":"0.22509500","timestamp":1645817667,"volume":"0.36803033","buyTxId":"06e1194da46572dddc720982159bd0b049d0f546","sellTxId":"a7ac357adec81fa4cd1c1b3794e21c0ed4e06030"}
{"index": {"_index":"leo","_id":"2859109"}}
	{"id":2859109,"type":"sell","buyer":"leomaker","seller":"globalcurrencies","symbol":"LEO","quantity":"1.731","price":"0.22509000","timestamp":1645817667,"volume":"0.38963079","buyTxId":"ce65a1cff7424c941ce8a02a507448e87433743a","sellTxId":"a7ac357adec81fa4cd1c1b3794e21c0ed4e06030"}
{"index": {"_index":"leo","_id":"2859110"}}
	{"id":2859110,"type":"sell","buyer":"leomaker","seller":"globalcurrencies","symbol":"LEO","quantity":"1.729","price":"0.22508800","timestamp":1645817667,"volume":"0.38917715","buyTxId":"d21e90e06e9aa92ed8366834eed2854c5ea96799","sellTxId":"a7ac357adec81fa4cd1c1b3794e21c0ed4e06030"}
{"index": {"_index":"leo","_id":"2859111"}}
	{"id":2859111,"type":"sell","buyer":"leomaker","seller":"globalcurrencies","symbol":"LEO","quantity":"1.727","price":"0.22508600","timestamp":1645817667,"volume":"0.38872352","buyTxId":"5f3ec421dcef1e407542786826d1b4a7b8d8ae7a","sellTxId":"a7ac357adec81fa4cd1c1b3794e21c0ed4e06030"}
{"index": {"_index":"leo","_id":"2859112"}}
	{"id":2859112,"type":"sell","buyer":"leomaker","seller":"globalcurrencies","symbol":"LEO","quantity":"1.725","price":"0.22508400","timestamp":1645817667,"volume":"0.38826990","buyTxId":"db02e9aa1f061126039d2ed67279f870accc89c3","sellTxId":"a7ac357adec81fa4cd1c1b3794e21c0ed4e06030"}
{"index": {"_index":"leo","_id":"2859113"}}
	{"id":2859113,"type":"sell","buyer":"leomaker","seller":"globalcurrencies","symbol":"LEO","quantity":"1.723","price":"0.22508200","timestamp":1645817667,"volume":"0.38781629","buyTxId":"081d723c4d7b3d78d792a369022508f12003608f","sellTxId":"a7ac357adec81fa4cd1c1b3794e21c0ed4e06030"}
{"index": {"_index":"leo","_id":"2859114"}}
	{"id":2859114,"type":"sell","buyer":"leomaker","seller":"globalcurrencies","symbol":"LEO","quantity":"1.721","price":"0.22508000","timestamp":1645817667,"volume":"0.38736268","buyTxId":"cf57368baf6774c24c43a803327d706a7c0edf43","sellTxId":"a7ac357adec81fa4cd1c1b3794e21c0ed4e06030"}
{"index": {"_index":"leo","_id":"2859115"}}
	{"id":2859115,"type":"sell","buyer":"leomaker","seller":"globalcurrencies","symbol":"LEO","quantity":"1.050","price":"0.22507800","timestamp":1645817667,"volume":"0.23633190","buyTxId":"cd0fe92e1b02ab3747e57ee8e33b9cbbec4a3f68","sellTxId":"a7ac357adec81fa4cd1c1b3794e21c0ed4e06030"}
{"index": {"_index":"leo","_id":"2859116"}}
	{"id":2859116,"type":"sell","buyer":"leomaker","seller":"globalcurrencies","symbol":"LEO","quantity":"1.046","price":"0.22507600","timestamp":1645817667,"volume":"0.23542950","buyTxId":"dc7a081a69317318579ae3917fb003aa5786849b","sellTxId":"a7ac357adec81fa4cd1c1b3794e21c0ed4e06030"}
{"index": {"_index":"leo","_id":"2859117"}}
	{"id":2859117,"type":"buy","buyer":"konvik","seller":"globalcurrencies","symbol":"LEO","quantity":"272.304","price":"0.22507600","timestamp":1645817670,"volume":"61.28909510","buyTxId":"ef4ab4ec998ff058d38edc4d3c570c10a51d02f1-0","sellTxId":"a7ac357adec81fa4cd1c1b3794e21c0ed4e06030"}
{"index": {"_index":"leo","_id":"2859119"}}
	{"id":2859119,"type":"sell","buyer":"leomaker","seller":"globalcurrencies","symbol":"LEO","quantity":"1.042","price":"0.22507400","timestamp":1645817733,"volume":"0.23452711","buyTxId":"08c8e4bbf522adca3fed2d384b1fa350b7375e43","sellTxId":"ffdea1c9dcc7240855332a58727a86ace0e728d9"}
{"index": {"_index":"leo","_id":"2859120"}}
	{"id":2859120,"type":"sell","buyer":"leomaker","seller":"globalcurrencies","symbol":"LEO","quantity":"1.038","price":"0.22507200","timestamp":1645817733,"volume":"0.23362474","buyTxId":"5c50a71723fcb3b7e52022daee10b1ed3c8d433e","sellTxId":"ffdea1c9dcc7240855332a58727a86ace0e728d9"}
{"index": {"_index":"leo","_id":"2859121"}}
	{"id":2859121,"type":"sell","buyer":"leomaker","seller":"globalcurrencies","symbol":"LEO","quantity":"0.806","price":"0.22506200","timestamp":1645817733,"volume":"0.18139997","buyTxId":"9f45846d172ae8e33c6985f1471b5de1dbe9d647","sellTxId":"ffdea1c9dcc7240855332a58727a86ace0e728d9"}
{"index": {"_index":"leo","_id":"2859122"}}
	{"id":2859122,"type":"sell","buyer":"leomaker","seller":"globalcurrencies","symbol":"LEO","quantity":"0.802","price":"0.22506000","timestamp":1645817733,"volume":"0.18049812","buyTxId":"be81e39e84181f5eed91cf3f7704ef5452674a39","sellTxId":"ffdea1c9dcc7240855332a58727a86ace0e728d9"}
{"index": {"_index":"leo","_id":"2859123"}}
	{"id":2859123,"type":"sell","buyer":"leomaker","seller":"globalcurrencies","symbol":"LEO","quantity":"0.797","price":"0.22505800","timestamp":1645817733,"volume":"0.17937123","buyTxId":"b5ecfd8c91178db55bb46957424d0d9e8f3ac3bc","sellTxId":"ffdea1c9dcc7240855332a58727a86ace0e728d9"}
{"index": {"_index":"leo","_id":"2859124"}}
	{"id":2859124,"type":"sell","buyer":"leomaker","seller":"globalcurrencies","symbol":"LEO","quantity":"0.792","price":"0.22505600","timestamp":1645817733,"volume":"0.17824435","buyTxId":"4a03866c8b2ff86a90b5c18e8680b42809ab931c","sellTxId":"ffdea1c9dcc7240855332a58727a86ace0e728d9"}
{"index": {"_index":"leo","_id":"2859125"}}
	{"id":2859125,"type":"sell","buyer":"leomaker","seller":"globalcurrencies","symbol":"LEO","quantity":"0.786","price":"0.22505400","timestamp":1645817733,"volume":"0.17689244","buyTxId":"c3a8e2e2afc70eb3b3adc612b35d93b0078478d3","sellTxId":"ffdea1c9dcc7240855332a58727a86ace0e728d9"}
{"index": {"_index":"leo","_id":"2859126"}}
	{"id":2859126,"type":"sell","buyer":"leomaker","seller":"globalcurrencies","symbol":"LEO","quantity":"0.781","price":"0.22505200","timestamp":1645817733,"volume":"0.17576561","buyTxId":"1ac20011bfda394958676ee72f3bebdd00046a53","sellTxId":"ffdea1c9dcc7240855332a58727a86ace0e728d9"}
{"index": {"_index":"leo","_id":"2859127"}}
	{"id":2859127,"type":"sell","buyer":"leomaker","seller":"globalcurrencies","symbol":"LEO","quantity":"0.776","price":"0.22505000","timestamp":1645817733,"volume":"0.17463880","buyTxId":"18be0dcab8133821208549262f58b38aad1c0e7f","sellTxId":"ffdea1c9dcc7240855332a58727a86ace0e728d9"}
{"index": {"_index":"leo","_id":"2859128"}}
	{"id":2859128,"type":"sell","buyer":"leomaker","seller":"globalcurrencies","symbol":"LEO","quantity":"0.771","price":"0.22504800","timestamp":1645817733,"volume":"0.17351201","buyTxId":"ee00873e23085e46316a71cde77a6e49b4a2a091","sellTxId":"ffdea1c9dcc7240855332a58727a86ace0e728d9"}
{"index": {"_index":"leo","_id":"2859129"}}
	{"id":2859129,"type":"sell","buyer":"leomaker","seller":"globalcurrencies","symbol":"LEO","quantity":"0.766","price":"0.22504600","timestamp":1645817733,"volume":"0.17238524","buyTxId":"d8ab5756ac50f531f210c46da8a1065edf687514","sellTxId":"ffdea1c9dcc7240855332a58727a86ace0e728d9"}
{"index": {"_index":"leo","_id":"2859130"}}
	{"id":2859130,"type":"sell","buyer":"leomaker","seller":"globalcurrencies","symbol":"LEO","quantity":"0.761","price":"0.22504400","timestamp":1645817733,"volume":"0.17125848","buyTxId":"d7e40d3eaa350eccf6d5a8ad63ab7115a2738dbe","sellTxId":"ffdea1c9dcc7240855332a58727a86ace0e728d9"}
{"index": {"_index":"leo","_id":"2859131"}}
	{"id":2859131,"type":"sell","buyer":"leomaker","seller":"globalcurrencies","symbol":"LEO","quantity":"0.756","price":"0.22504200","timestamp":1645817733,"volume":"0.17013175","buyTxId":"9b838e4e8586f20da072007a083296c1b88d3bfa","sellTxId":"ffdea1c9dcc7240855332a58727a86ace0e728d9"}
{"index": {"_index":"leo","_id":"2859132"}}
	{"id":2859132,"type":"sell","buyer":"leomaker","seller":"globalcurrencies","symbol":"LEO","quantity":"0.751","price":"0.22504000","timestamp":1645817733,"volume":"0.16900504","buyTxId":"fb37eadeb78acf73fb5c4a03185a1d0c0e65f08c","sellTxId":"ffdea1c9dcc7240855332a58727a86ace0e728d9"}
{"index": {"_index":"leo","_id":"2859133"}}
	{"id":2859133,"type":"sell","buyer":"leomaker","seller":"globalcurrencies","symbol":"LEO","quantity":"0.744","price":"0.22503800","timestamp":1645817733,"volume":"0.16742827","buyTxId":"197400b9f2a7570ac15b9eb5bebb2510aee5964b","sellTxId":"ffdea1c9dcc7240855332a58727a86ace0e728d9"}
{"index": {"_index":"leo","_id":"2859134"}}
	{"id":2859134,"type":"sell","buyer":"leomaker","seller":"globalcurrencies","symbol":"LEO","quantity":"0.739","price":"0.22503600","timestamp":1645817733,"volume":"0.16630160","buyTxId":"a1e07b7ae90108db63ee1a2ccf6f8af3b30a0c5d","sellTxId":"ffdea1c9dcc7240855332a58727a86ace0e728d9"}
{"index": {"_index":"leo","_id":"2859135"}}
	{"id":2859135,"type":"sell","buyer":"leomaker","seller":"globalcurrencies","symbol":"LEO","quantity":"0.734","price":"0.22503400","timestamp":1645817733,"volume":"0.16517496","buyTxId":"e3688a8bf0e4470b81ea86b84d83e13a2dccf556","sellTxId":"ffdea1c9dcc7240855332a58727a86ace0e728d9"}
{"index": {"_index":"leo","_id":"2859136"}}
	{"id":2859136,"type":"sell","buyer":"leomaker","seller":"globalcurrencies","symbol":"LEO","quantity":"0.728","price":"0.22503200","timestamp":1645817733,"volume":"0.16382330","buyTxId":"621948fa9511a96042472b67638b65b42b0525ba","sellTxId":"ffdea1c9dcc7240855332a58727a86ace0e728d9"}
{"index": {"_index":"leo","_id":"2859137"}}
	{"id":2859137,"type":"sell","buyer":"leomaker","seller":"globalcurrencies","symbol":"LEO","quantity":"0.723","price":"0.22503000","timestamp":1645817733,"volume":"0.16269669","buyTxId":"4b1383509d58cfe39938e199c4bca27accd054ee","sellTxId":"ffdea1c9dcc7240855332a58727a86ace0e728d9"}
{"index": {"_index":"leo","_id":"2859138"}}
	{"id":2859138,"type":"sell","buyer":"leomaker","seller":"globalcurrencies","symbol":"LEO","quantity":"0.717","price":"0.22502800","timestamp":1645817733,"volume":"0.16134508","buyTxId":"5dcbba593ac67f808098ca0acaa5ae432db038a9","sellTxId":"ffdea1c9dcc7240855332a58727a86ace0e728d9"}
{"index": {"_index":"leo","_id":"2859139"}}
	{"id":2859139,"type":"sell","buyer":"leomaker","seller":"globalcurrencies","symbol":"LEO","quantity":"0.712","price":"0.22502600","timestamp":1645817733,"volume":"0.16021851","buyTxId":"5731c3e67052e61229e334ed84a741a1c1c36f50","sellTxId":"ffdea1c9dcc7240855332a58727a86ace0e728d9"}
{"index": {"_index":"leo","_id":"2859140"}}
	{"id":2859140,"type":"sell","buyer":"leomaker","seller":"globalcurrencies","symbol":"LEO","quantity":"0.707","price":"0.22502400","timestamp":1645817733,"volume":"0.15909197","buyTxId":"08d981123dd430fb118d364fd48bc6e79a67f678","sellTxId":"ffdea1c9dcc7240855332a58727a86ace0e728d9"}
{"index": {"_index":"leo","_id":"2859141"}}
	{"id":2859141,"type":"sell","buyer":"leomaker","seller":"globalcurrencies","symbol":"LEO","quantity":"0.701","price":"0.22502200","timestamp":1645817733,"volume":"0.15774042","buyTxId":"11a4b674e89b3087976fd4a3b55c1528095058fa","sellTxId":"ffdea1c9dcc7240855332a58727a86ace0e728d9"}
{"index": {"_index":"leo","_id":"2859142"}}
	{"id":2859142,"type":"sell","buyer":"leomaker","seller":"globalcurrencies","symbol":"LEO","quantity":"0.695","price":"0.22502000","timestamp":1645817733,"volume":"0.15638890","buyTxId":"eff6fc19c2e9c435d65f107fd27556e6a89c282f","sellTxId":"ffdea1c9dcc7240855332a58727a86ace0e728d9"}
{"index": {"_index":"leo","_id":"2859143"}}
	{"id":2859143,"type":"sell","buyer":"leomaker","seller":"globalcurrencies","symbol":"LEO","quantity":"0.690","price":"0.22501800","timestamp":1645817733,"volume":"0.15526242","buyTxId":"d22ea40d3adab4acbf8b8efd7c90353d36865e7a","sellTxId":"ffdea1c9dcc7240855332a58727a86ace0e728d9"}
{"index": {"_index":"leo","_id":"2859144"}}
	{"id":2859144,"type":"sell","buyer":"leomaker","seller":"globalcurrencies","symbol":"LEO","quantity":"0.685","price":"0.22501600","timestamp":1645817733,"volume":"0.15413596","buyTxId":"5c409773fb60d7b6782ecea1a248314d1f9cf3a3","sellTxId":"ffdea1c9dcc7240855332a58727a86ace0e728d9"}
{"index": {"_index":"leo","_id":"2859145"}}
	{"id":2859145,"type":"sell","buyer":"leomaker","seller":"globalcurrencies","symbol":"LEO","quantity":"0.680","price":"0.22501400","timestamp":1645817733,"volume":"0.15300952","buyTxId":"8d2501100ef6028a3b0aa596c55e5106b771b545","sellTxId":"ffdea1c9dcc7240855332a58727a86ace0e728d9"}
{"index": {"_index":"leo","_id":"2859146"}}
	{"id":2859146,"type":"sell","buyer":"leomaker","seller":"globalcurrencies","symbol":"LEO","quantity":"0.674","price":"0.22501200","timestamp":1645817733,"volume":"0.15165809","buyTxId":"573886123901c46c5a560d6e8ae3d8953614a65a","sellTxId":"ffdea1c9dcc7240855332a58727a86ace0e728d9"}
{"index": {"_index":"leo","_id":"2859147"}}
	{"id":2859147,"type":"sell","buyer":"leomaker","seller":"globalcurrencies","symbol":"LEO","quantity":"0.668","price":"0.22501000","timestamp":1645817733,"volume":"0.15030668","buyTxId":"6f9577f08976b015704c1448ed180a7cd217a31c","sellTxId":"ffdea1c9dcc7240855332a58727a86ace0e728d9"}
{"index": {"_index":"leo","_id":"2859148"}}
	{"id":2859148,"type":"sell","buyer":"leomaker","seller":"globalcurrencies","symbol":"LEO","quantity":"0.663","price":"0.22500800","timestamp":1645817733,"volume":"0.14918030","buyTxId":"f4d6d7c0bb11382b2a89ffbdf357e6f05ed2d5a4","sellTxId":"ffdea1c9dcc7240855332a58727a86ace0e728d9"}
{"index": {"_index":"leo","_id":"2859149"}}
	{"id":2859149,"type":"sell","buyer":"leomaker","seller":"globalcurrencies","symbol":"LEO","quantity":"0.657","price":"0.22500600","timestamp":1645817733,"volume":"0.14782894","buyTxId":"05a5790730d3c1e06e63c5a5dea935da7951e0d7","sellTxId":"ffdea1c9dcc7240855332a58727a86ace0e728d9"}
{"index": {"_index":"leo","_id":"2859150"}}
	{"id":2859150,"type":"sell","buyer":"leomaker","seller":"globalcurrencies","symbol":"LEO","quantity":"0.651","price":"0.22500400","timestamp":1645817733,"volume":"0.14647760","buyTxId":"77dee52338d2f8fb9132e565e81b1a2693925076","sellTxId":"ffdea1c9dcc7240855332a58727a86ace0e728d9"}
{"index": {"_index":"leo","_id":"2859151"}}
	{"id":2859151,"type":"sell","buyer":"leomaker","seller":"globalcurrencies","symbol":"LEO","quantity":"0.645","price":"0.22500200","timestamp":1645817733,"volume":"0.14512629","buyTxId":"8965cf11b8737276fd635914aeddfde900e0c874","sellTxId":"ffdea1c9dcc7240855332a58727a86ace0e728d9"}
{"index": {"_index":"leo","_id":"2859152"}}
	{"id":2859152,"type":"sell","buyer":"leomaker","seller":"globalcurrencies","symbol":"LEO","quantity":"0.652","price":"0.22497600","timestamp":1645817733,"volume":"0.14668435","buyTxId":"ae04448e72f87d4eed1d46e05bbb784917830890","sellTxId":"ffdea1c9dcc7240855332a58727a86ace0e728d9"}
{"index": {"_index":"leo","_id":"2859153"}}
	{"id":2859153,"type":"sell","buyer":"leomaker","seller":"globalcurrencies","symbol":"LEO","quantity":"0.661","price":"0.22494400","timestamp":1645817733,"volume":"0.14868798","buyTxId":"9c809174d7653444764b3cff3c15981234f3d0dd","sellTxId":"ffdea1c9dcc7240855332a58727a86ace0e728d9"}
{"index": {"_index":"leo","_id":"2859155"}}
	{"id":2859155,"type":"sell","buyer":"leomaker","seller":"globalcurrencies","symbol":"LEO","quantity":"0.674","price":"0.22490400","timestamp":1645817784,"volume":"0.15158530","buyTxId":"458523081d9717211b9fc76a14f886c7a7b0d54b","sellTxId":"4be6b3857209c100e0c2beb00284422c6b13ac5c"}
{"index": {"_index":"leo","_id":"2859156"}}
	{"id":2859156,"type":"sell","buyer":"leomaker","seller":"globalcurrencies","symbol":"LEO","quantity":"0.678","price":"0.22488200","timestamp":1645817784,"volume":"0.15247000","buyTxId":"2de778bb4c695ff9256bd6d33a3c989fad2ca0d8","sellTxId":"4be6b3857209c100e0c2beb00284422c6b13ac5c"}
{"index": {"_index":"leo","_id":"2859157"}}
	{"id":2859157,"type":"sell","buyer":"leomaker","seller":"globalcurrencies","symbol":"LEO","quantity":"3.869","price":"0.22488000","timestamp":1645817784,"volume":"0.87006072","buyTxId":"52850285fca4f959f3a235a0b7c07e3113d93366","sellTxId":"4be6b3857209c100e0c2beb00284422c6b13ac5c"}
{"index": {"_index":"leo","_id":"2859158"}}
	{"id":2859158,"type":"sell","buyer":"beetrader","seller":"globalcurrencies","symbol":"LEO","quantity":"44.469","price":"0.22487800","timestamp":1645817784,"volume":"10.00009978","buyTxId":"MM-P-15112540-62100164-3-0-0","sellTxId":"4be6b3857209c100e0c2beb00284422c6b13ac5c"}
{"index": {"_index":"leo","_id":"2859159"}}
	{"id":2859159,"type":"sell","buyer":"leomaker","seller":"globalcurrencies","symbol":"LEO","quantity":"9.808","price":"0.22486800","timestamp":1645817784,"volume":"2.20550534","buyTxId":"6cbd57b7a58ac355b19ac8496cac020fa0eebce9","sellTxId":"4be6b3857209c100e0c2beb00284422c6b13ac5c"}
{"index": {"_index":"leo","_id":"2859160"}}
	{"id":2859160,"type":"sell","buyer":"leomaker","seller":"globalcurrencies","symbol":"LEO","quantity":"9.929","price":"0.22484600","timestamp":1645817784,"volume":"2.23249593","buyTxId":"f10c854b30ec7b38aaa93b3232a769054852549a","sellTxId":"4be6b3857209c100e0c2beb00284422c6b13ac5c"}
{"index": {"_index":"leo","_id":"2859161"}}
	{"id":2859161,"type":"sell","buyer":"leomaker","seller":"globalcurrencies","symbol":"LEO","quantity":"10.051","price":"0.22482400","timestamp":1645817784,"volume":"2.25970602","buyTxId":"d446d359a3ed806a4062f31ed637f203edac3cd8","sellTxId":"4be6b3857209c100e0c2beb00284422c6b13ac5c"}
{"index": {"_index":"leo","_id":"2859162"}}
	{"id":2859162,"type":"sell","buyer":"leomaker","seller":"globalcurrencies","symbol":"LEO","quantity":"10.173","price":"0.22480200","timestamp":1645817784,"volume":"2.28691075","buyTxId":"580dee1e160392103768473370b4e0f3fda22ed1","sellTxId":"4be6b3857209c100e0c2beb00284422c6b13ac5c"}
{"index": {"_index":"leo","_id":"2859163"}}
	{"id":2859163,"type":"sell","buyer":"leomaker","seller":"globalcurrencies","symbol":"LEO","quantity":"10.298","price":"0.22478000","timestamp":1645817784,"volume":"2.31478444","buyTxId":"573ab5c50409f8306ec7d5fdd9eaf821a0e2de5e","sellTxId":"4be6b3857209c100e0c2beb00284422c6b13ac5c"}
{"index": {"_index":"leo","_id":"2859164"}}
	{"id":2859164,"type":"sell","buyer":"leomaker","seller":"globalcurrencies","symbol":"LEO","quantity":"10.423","price":"0.22476800","timestamp":1645817784,"volume":"2.34275686","buyTxId":"81112dc39a90ed1b1d0934e11ef2ff4f01bb3a37","sellTxId":"4be6b3857209c100e0c2beb00284422c6b13ac5c"}
{"index": {"_index":"leo","_id":"2859165"}}
	{"id":2859165,"type":"sell","buyer":"leomaker","seller":"globalcurrencies","symbol":"LEO","quantity":"10.551","price":"0.22474600","timestamp":1645817784,"volume":"2.37129505","buyTxId":"0f183795eae93c461bfd3e42425b5887b1532c24","sellTxId":"4be6b3857209c100e0c2beb00284422c6b13ac5c"}
{"index": {"_index":"leo","_id":"2859166"}}
	{"id":2859166,"type":"sell","buyer":"leomaker","seller":"globalcurrencies","symbol":"LEO","quantity":"10.680","price":"0.22472400","timestamp":1645817784,"volume":"2.40005232","buyTxId":"87e8cfca20aeb61f4eab82fbae49d8987c0957be","sellTxId":"4be6b3857209c100e0c2beb00284422c6b13ac5c"}
{"index": {"_index":"leo","_id":"2859167"}}
	{"id":2859167,"type":"sell","buyer":"leomaker","seller":"globalcurrencies","symbol":"LEO","quantity":"10.811","price":"0.22470200","timestamp":1645817784,"volume":"2.42925332","buyTxId":"c3f58cec38ac61095a5e2b7f7dd6d1e14dba439b","sellTxId":"4be6b3857209c100e0c2beb00284422c6b13ac5c"}
{"index": {"_index":"leo","_id":"2859168"}}
	{"id":2859168,"type":"sell","buyer":"leomaker","seller":"globalcurrencies","symbol":"LEO","quantity":"10.944","price":"0.22469000","timestamp":1645817784,"volume":"2.45900736","buyTxId":"4bce337fee02fcd89aa283d41aaf0d0bfbdcb838","sellTxId":"4be6b3857209c100e0c2beb00284422c6b13ac5c"}
{"index": {"_index":"leo","_id":"2859169"}}
	{"id":2859169,"type":"sell","buyer":"leomaker","seller":"globalcurrencies","symbol":"LEO","quantity":"11.077","price":"0.22466800","timestamp":1645817784,"volume":"2.48864744","buyTxId":"0837fbcd74d863805d0d583b3610cd2c2dfb92af","sellTxId":"4be6b3857209c100e0c2beb00284422c6b13ac5c"}
{"index": {"_index":"leo","_id":"2859170"}}
	{"id":2859170,"type":"buy","buyer":"konvik","seller":"globalcurrencies","symbol":"LEO","quantity":"220.988","price":"0.22466800","timestamp":1645817787,"volume":"49.64893198","buyTxId":"91ef5e5860e57ee802b7b3d7490c5a43f1ad5a79-0","sellTxId":"4be6b3857209c100e0c2beb00284422c6b13ac5c"}
{"index": {"_index":"leo","_id":"2859172"}}
	{"id":2859172,"type":"sell","buyer":"leomaker","seller":"globalcurrencies","symbol":"LEO","quantity":"11.212","price":"0.22464600","timestamp":1645817832,"volume":"2.51873095","buyTxId":"7cd2501117a930ae2bdbb7da3ac73bd9bb72f2d7","sellTxId":"f63cdebf03fb4e6d685dc764450a24b0ce023279"}
{"index": {"_index":"leo","_id":"2859173"}}
	{"id":2859173,"type":"sell","buyer":"leomaker","seller":"globalcurrencies","symbol":"LEO","quantity":"11.349","price":"0.22462400","timestamp":1645817832,"volume":"2.54925778","buyTxId":"7ce4dbc3f701a65dc44aedfbe00437aef1b95ec3","sellTxId":"f63cdebf03fb4e6d685dc764450a24b0ce023279"}
{"index": {"_index":"leo","_id":"2859174"}}
	{"id":2859174,"type":"sell","buyer":"leomaker","seller":"globalcurrencies","symbol":"LEO","quantity":"11.487","price":"0.22461200","timestamp":1645817832,"volume":"2.58011804","buyTxId":"2a140600e3b2f9ee943bca2a8d1fc12579d24b2f","sellTxId":"f63cdebf03fb4e6d685dc764450a24b0ce023279"}
{"index": {"_index":"leo","_id":"2859175"}}
	{"id":2859175,"type":"sell","buyer":"leomaker","seller":"globalcurrencies","symbol":"LEO","quantity":"11.628","price":"0.22459000","timestamp":1645817832,"volume":"2.61153252","buyTxId":"d6f9a1da49c6de55fcd9b7b56a2488c75a886ec9","sellTxId":"f63cdebf03fb4e6d685dc764450a24b0ce023279"}
{"index": {"_index":"leo","_id":"2859176"}}
	{"id":2859176,"type":"sell","buyer":"leomaker","seller":"globalcurrencies","symbol":"LEO","quantity":"11.771","price":"0.22456800","timestamp":1645817832,"volume":"2.64338993","buyTxId":"f93fef8fe7a8edf024925dcec3bb375bb566d9ba","sellTxId":"f63cdebf03fb4e6d685dc764450a24b0ce023279"}
{"index": {"_index":"leo","_id":"2859177"}}
	{"id":2859177,"type":"sell","buyer":"leomaker","seller":"globalcurrencies","symbol":"LEO","quantity":"11.914","price":"0.22454600","timestamp":1645817832,"volume":"2.67524104","buyTxId":"999dc3ea44b62fe110a71f934028684d5a46d962","sellTxId":"f63cdebf03fb4e6d685dc764450a24b0ce023279"}
{"index": {"_index":"leo","_id":"2859178"}}
	{"id":2859178,"type":"sell","buyer":"leomaker","seller":"globalcurrencies","symbol":"LEO","quantity":"12.060","price":"0.22452400","timestamp":1645817832,"volume":"2.70775944","buyTxId":"e847750dc9586bab7f7517a846df5875a2ae0f84","sellTxId":"f63cdebf03fb4e6d685dc764450a24b0ce023279"}
{"index": {"_index":"leo","_id":"2859179"}}
	{"id":2859179,"type":"sell","buyer":"leomaker","seller":"globalcurrencies","symbol":"LEO","quantity":"12.208","price":"0.22451200","timestamp":1645817832,"volume":"2.74084250","buyTxId":"32573beb94cd28bcefe8af79dff8c1c4d8779f03","sellTxId":"f63cdebf03fb4e6d685dc764450a24b0ce023279"}
{"index": {"_index":"leo","_id":"2859180"}}
	{"id":2859180,"type":"sell","buyer":"leomaker","seller":"globalcurrencies","symbol":"LEO","quantity":"12.342","price":"0.22449000","timestamp":1645817832,"volume":"2.77065558","buyTxId":"818d0923ffd95556ee04c4b76d8741c866f8e176","sellTxId":"f63cdebf03fb4e6d685dc764450a24b0ce023279"}
{"index": {"_index":"leo","_id":"2859181"}}
	{"id":2859181,"type":"sell","buyer":"leomaker","seller":"globalcurrencies","symbol":"LEO","quantity":"12.493","price":"0.22446800","timestamp":1645817832,"volume":"2.80427872","buyTxId":"9e120255763d66d4f4c2d252e95b5320c0f33daf","sellTxId":"f63cdebf03fb4e6d685dc764450a24b0ce023279"}
{"index": {"_index":"leo","_id":"2859182"}}
	{"id":2859182,"type":"sell","buyer":"leomaker","seller":"globalcurrencies","symbol":"LEO","quantity":"12.595","price":"0.22445600","timestamp":1645817832,"volume":"2.82702332","buyTxId":"1ec446859e6b5b81efbb3c4fe5d453e0efc69717","sellTxId":"f63cdebf03fb4e6d685dc764450a24b0ce023279"}
{"index": {"_index":"leo","_id":"2859183"}}
	{"id":2859183,"type":"sell","buyer":"leomaker","seller":"globalcurrencies","symbol":"LEO","quantity":"12.698","price":"0.22443400","timestamp":1645817832,"volume":"2.84986293","buyTxId":"de8bcc99bb6416705df466b33a412548d7014eb7","sellTxId":"f63cdebf03fb4e6d685dc764450a24b0ce023279"}
{"index": {"_index":"leo","_id":"2859184"}}
	{"id":2859184,"type":"sell","buyer":"leomaker","seller":"globalcurrencies","symbol":"LEO","quantity":"12.682","price":"0.22441200","timestamp":1645817832,"volume":"2.84599298","buyTxId":"d161b2639fdc993acb57e451f3ba59b18cf233e1","sellTxId":"f63cdebf03fb4e6d685dc764450a24b0ce023279"}
{"index": {"_index":"leo","_id":"2859185"}}
	{"id":2859185,"type":"sell","buyer":"leomaker","seller":"globalcurrencies","symbol":"LEO","quantity":"12.837","price":"0.22440000","timestamp":1645817832,"volume":"2.88062280","buyTxId":"9a7b9aa8c5e0d41f764f8207fea1f85124d5856a","sellTxId":"f63cdebf03fb4e6d685dc764450a24b0ce023279"}
{"index": {"_index":"leo","_id":"2859186"}}
	{"id":2859186,"type":"sell","buyer":"leomaker","seller":"globalcurrencies","symbol":"LEO","quantity":"12.994","price":"0.22437800","timestamp":1645817832,"volume":"2.91556773","buyTxId":"17bb0947196cf34c52fb137c470bcc0f42f603ca","sellTxId":"f63cdebf03fb4e6d685dc764450a24b0ce023279"}
{"index": {"_index":"leo","_id":"2859189"}}
	{"id":2859189,"type":"sell","buyer":"leomaker","seller":"globalcurrencies","symbol":"LEO","quantity":"13.153","price":"0.22435600","timestamp":1645817886,"volume":"2.95095447","buyTxId":"830a8580aaec68301ee45c7c25682319058ab2dd","sellTxId":"a6faac85af33aceddcd177bac7ef4a93294566b5"}
{"index": {"_index":"leo","_id":"2859190"}}
	{"id":2859190,"type":"sell","buyer":"leomaker","seller":"globalcurrencies","symbol":"LEO","quantity":"13.314","price":"0.22434400","timestamp":1645817886,"volume":"2.98691602","buyTxId":"dd37cc77f902ccc93b23713c71c6800b6c8c1a4b","sellTxId":"a6faac85af33aceddcd177bac7ef4a93294566b5"}
{"index": {"_index":"leo","_id":"2859191"}}
	{"id":2859191,"type":"sell","buyer":"leomaker","seller":"globalcurrencies","symbol":"LEO","quantity":"13.477","price":"0.22432200","timestamp":1645817886,"volume":"3.02318759","buyTxId":"ffc88748287c77a368a0af591e2a8de6597ce05e","sellTxId":"a6faac85af33aceddcd177bac7ef4a93294566b5"}
{"index": {"_index":"leo","_id":"2859192"}}
	{"id":2859192,"type":"sell","buyer":"ammonite","seller":"globalcurrencies","symbol":"LEO","quantity":"25.000","price":"0.22432000","timestamp":1645817886,"volume":"5.60800000","buyTxId":"1b7b0b486a417649c5a75800a12fa778e2edc51e","sellTxId":"a6faac85af33aceddcd177bac7ef4a93294566b5"}
{"index": {"_index":"leo","_id":"2859193"}}
	{"id":2859193,"type":"sell","buyer":"leomaker","seller":"globalcurrencies","symbol":"LEO","quantity":"13.643","price":"0.22430600","timestamp":1645817886,"volume":"3.06020676","buyTxId":"f2f18d121ffedcf1632ffac61695a952e010291b","sellTxId":"a6faac85af33aceddcd177bac7ef4a93294566b5"}
{"index": {"_index":"leo","_id":"2859194"}}
	{"id":2859194,"type":"sell","buyer":"leomaker","seller":"globalcurrencies","symbol":"LEO","quantity":"13.808","price":"0.22429400","timestamp":1645817886,"volume":"3.09705155","buyTxId":"c3190c561e96711a4711d414b773e28472898da5","sellTxId":"a6faac85af33aceddcd177bac7ef4a93294566b5"}
{"index": {"_index":"leo","_id":"2859195"}}
	{"id":2859195,"type":"sell","buyer":"leomaker","seller":"globalcurrencies","symbol":"LEO","quantity":"13.977","price":"0.22428200","timestamp":1645817886,"volume":"3.13478951","buyTxId":"896ea4e93760beea229e44f4e5e1e589b84b1fce","sellTxId":"a6faac85af33aceddcd177bac7ef4a93294566b5"}
{"index": {"_index":"leo","_id":"2859196"}}
	{"id":2859196,"type":"sell","buyer":"leomaker","seller":"globalcurrencies","symbol":"LEO","quantity":"3.157","price":"0.22427000","timestamp":1645817886,"volume":"0.70802039","buyTxId":"afa5cd758f261d5daa64a36b1298f08380c602fe","sellTxId":"a6faac85af33aceddcd177bac7ef4a93294566b5"}
{"index": {"_index":"leo","_id":"2859363"}}
	{"id":2859363,"type":"sell","buyer":"leomaker","seller":"eii","symbol":"LEO","quantity":"1.000","price":"0.22428200","timestamp":1645820088,"volume":"0.22428200","buyTxId":"d87948231d583754f9baff9057bd002d06691b42","sellTxId":"045d2172eb499b90f86514b97e2830dfbef4f131"}
{"index": {"_index":"leo","_id":"2859376"}}
	{"id":2859376,"type":"sell","buyer":"leomaker","seller":"curatorcat.leo","symbol":"LEO","quantity":"1.251","price":"0.22428200","timestamp":1645820232,"volume":"0.28057678","buyTxId":"d87948231d583754f9baff9057bd002d06691b42","sellTxId":"19c0eafd1e8c095e444fc0b60cc69ead7b6acb25"}
{"index": {"_index":"leo","_id":"2859471"}}
	{"id":2859471,"type":"buy","buyer":"leomaker","seller":"curatorcat.leo","symbol":"LEO","quantity":"0.817","price":"0.22428200","timestamp":1645821138,"volume":"0.18323839","buyTxId":"6f949ac2318922af7015c80b061b7a265eba67fb","sellTxId":"19c0eafd1e8c095e444fc0b60cc69ead7b6acb25"}
{"index": {"_index":"leo","_id":"2859475"}}
	{"id":2859475,"type":"sell","buyer":"leomaker","seller":"jjprac","symbol":"LEO","quantity":"1.440","price":"0.22428200","timestamp":1645821222,"volume":"0.32296608","buyTxId":"6f949ac2318922af7015c80b061b7a265eba67fb","sellTxId":"b71fc7bf07182512bd9dc5c2b964cee120bfb29e"}
{"index": {"_index":"leo","_id":"2859486"}}
	{"id":2859486,"type":"sell","buyer":"beetrader","seller":"jjprac","symbol":"LEO","quantity":"37.416","price":"0.22428000","timestamp":1645821348,"volume":"8.39166048","buyTxId":"MM-P-15148032-62135680-3-0-0","sellTxId":"c83dc934ac37dfb567ccc1fb3b89ea54dc4cf31a"}
{"index": {"_index":"leo","_id":"2859497"}}
	{"id":2859497,"type":"sell","buyer":"beetrader","seller":"mindtrap-leo","symbol":"LEO","quantity":"7.171","price":"0.22428000","timestamp":1645821513,"volume":"1.60831188","buyTxId":"MM-P-15148032-62135680-3-0-0","sellTxId":"8cde5968abb66629d9a413e1bdb26557d9c7ba62"}
{"index": {"_index":"leo","_id":"2859498"}}
	{"id":2859498,"type":"sell","buyer":"leomaker","seller":"mindtrap-leo","symbol":"LEO","quantity":"6.031","price":"0.22427000","timestamp":1645821513,"volume":"1.35257237","buyTxId":"afa5cd758f261d5daa64a36b1298f08380c602fe","sellTxId":"8cde5968abb66629d9a413e1bdb26557d9c7ba62"}
{"index": {"_index":"leo","_id":"2859600"}}
	{"id":2859600,"type":"sell","buyer":"leomaker","seller":"dswap","symbol":"LEO","quantity":"1.858","price":"0.22500200","timestamp":1645822575,"volume":"0.41805372","buyTxId":"f7521ccc48b145918f92803edd007c932ef85e0a","sellTxId":"495033a4f503b9080264c2f8ae467913fbb1310c"}
{"index": {"_index":"leo","_id":"2859601"}}
	{"id":2859601,"type":"sell","buyer":"sbi-tokens","seller":"dswap","symbol":"LEO","quantity":"537.142","price":"0.22500000","timestamp":1645822575,"volume":"120.85695000","buyTxId":"8b0ec0b4dd94b44f77353f26341b29dd79bd2f69","sellTxId":"495033a4f503b9080264c2f8ae467913fbb1310c"}
{"index": {"_index":"leo","_id":"2859604"}}
	{"id":2859604,"type":"buy","buyer":"monsterfit","seller":"pi-trader","symbol":"LEO","quantity":"62.965","price":"0.22899899","timestamp":1645822581,"volume":"14.41892141","buyTxId":"89936f51f1f1dac0ffacafd31456722ff165facb","sellTxId":"97daf8716bf80ad4de569190c971c185494b1915-3"}
{"index": {"_index":"leo","_id":"2859869"}}
	{"id":2859869,"type":"sell","buyer":"leomaker","seller":"sandymeyer","symbol":"LEO","quantity":"1.860","price":"0.22500200","timestamp":1645825599,"volume":"0.41850372","buyTxId":"19577269f47f1cf68ff9ce1321cd02b7a9d1c871","sellTxId":"913bf6e6b70378952f572351e00d31bd44871072"}
{"index": {"_index":"leo","_id":"2859870"}}
	{"id":2859870,"type":"buy","buyer":"konvik","seller":"sandymeyer","symbol":"LEO","quantity":"45.649","price":"0.22500200","timestamp":1645825602,"volume":"10.27111630","buyTxId":"65f5c0bf22ad49ccae44a2e267a19edefeae42fb-0","sellTxId":"913bf6e6b70378952f572351e00d31bd44871072"}
{"index": {"_index":"leo","_id":"2859873"}}
	{"id":2859873,"type":"sell","buyer":"svirus","seller":"jphamer1","symbol":"LEO","quantity":"45.640","price":"0.22500200","timestamp":1645825608,"volume":"10.26909128","buyTxId":"46e6fee0c91f377f03780589358898641cdb76bf-0","sellTxId":"47fb4228f2e6c7ff70daa6eb53c1edf1aab5cfa9"}
{"index": {"_index":"leo","_id":"2859874"}}
	{"id":2859874,"type":"sell","buyer":"sbi-tokens","seller":"jphamer1","symbol":"LEO","quantity":"32.220","price":"0.22500000","timestamp":1645825608,"volume":"7.24950000","buyTxId":"8b0ec0b4dd94b44f77353f26341b29dd79bd2f69","sellTxId":"47fb4228f2e6c7ff70daa6eb53c1edf1aab5cfa9"}
{"index": {"_index":"leo","_id":"2859912"}}
	{"id":2859912,"type":"sell","buyer":"leomaker","seller":"lightcaptured","symbol":"LEO","quantity":"0.426","price":"0.22500200","timestamp":1645826169,"volume":"0.09585085","buyTxId":"6d28cd097c437dc4e55cba6a1fa1f884410657db","sellTxId":"4d11af703f6ff8a89e6de92e1efe6f61b2f6c187"}
{"index": {"_index":"leo","_id":"2860168"}}
	{"id":2860168,"type":"sell","buyer":"leomaker","seller":"willsaldeno","symbol":"LEO","quantity":"1.436","price":"0.22500200","timestamp":1645829106,"volume":"0.32310287","buyTxId":"6d28cd097c437dc4e55cba6a1fa1f884410657db","sellTxId":"57951f11edf4d3391b6cd408d446cec54f900f22"}
{"index": {"_index":"leo","_id":"2860169"}}
	{"id":2860169,"type":"sell","buyer":"sbi-tokens","seller":"willsaldeno","symbol":"LEO","quantity":"0.064","price":"0.22500000","timestamp":1645829106,"volume":"0.01440000","buyTxId":"8b0ec0b4dd94b44f77353f26341b29dd79bd2f69","sellTxId":"57951f11edf4d3391b6cd408d446cec54f900f22"}
{"index": {"_index":"leo","_id":"2860419"}}
	{"id":2860419,"type":"sell","buyer":"sbi-tokens","seller":"acesontop","symbol":"LEO","quantity":"69","price":"0.22500000","timestamp":1645831983,"volume":"15.52500000","buyTxId":"8b0ec0b4dd94b44f77353f26341b29dd79bd2f69","sellTxId":"a577d4330fa10f2cbddca1084af2819ac8a1cb8a"}
{"index": {"_index":"leo","_id":"2860558"}}
	{"id":2860558,"type":"sell","buyer":"sbi-tokens","seller":"phoenixrising1","symbol":"LEO","quantity":"0.136","price":"0.22500000","timestamp":1645834038,"volume":"0.03060000","buyTxId":"8b0ec0b4dd94b44f77353f26341b29dd79bd2f69","sellTxId":"6659807961211871f5ac5fc9cfc5b3cd9514cd3c"}
{"index": {"_index":"leo","_id":"2860582"}}
	{"id":2860582,"type":"sell","buyer":"sbi-tokens","seller":"brofi-market","symbol":"LEO","quantity":"0.484","price":"0.22500000","timestamp":1645834353,"volume":"0.10890000","buyTxId":"8b0ec0b4dd94b44f77353f26341b29dd79bd2f69","sellTxId":"bfc275428dd26457603c4c7dfe6c41216d49f2fa"}
{"index": {"_index":"leo","_id":"2860677"}}
	{"id":2860677,"type":"sell","buyer":"sbi-tokens","seller":"tin.aung.soe","symbol":"LEO","quantity":"2.000","price":"0.22500000","timestamp":1645835271,"volume":"0.45000000","buyTxId":"8b0ec0b4dd94b44f77353f26341b29dd79bd2f69","sellTxId":"144e2828118abcaa6d24c393791f4c65911b6d65"}
{"index": {"_index":"leo","_id":"2860685"}}
	{"id":2860685,"type":"buy","buyer":"edkarnie","seller":"magicbeans","symbol":"LEO","quantity":"3.000","price":"0.22699999","timestamp":1645835373,"volume":"0.68099997","buyTxId":"5410d2309c023566c610706f533635c4695d75a6","sellTxId":"deedee942b255271dcf0b7abd478e0fc85d34c29"}
{"index": {"_index":"leo","_id":"2860686"}}
	{"id":2860686,"type":"buy","buyer":"edkarnie","seller":"brofi-market","symbol":"LEO","quantity":"0.484","price":"0.22699999","timestamp":1645835373,"volume":"0.10986800","buyTxId":"5410d2309c023566c610706f533635c4695d75a6","sellTxId":"a9b9c2973ecc83896d8c108bd7a911936d135338"}
{"index": {"_index":"leo","_id":"2860689"}}
	{"id":2860689,"type":"buy","buyer":"edkarnie","seller":"gwilberiol","symbol":"LEO","quantity":"23.673","price":"0.22700000","timestamp":1645835400,"volume":"5.37377100","buyTxId":"2a5cf403c2f6041e651e4f0a1028d40a97f3dd3b","sellTxId":"6ffa29a23db8f6d1931ec408f85968648afa2582"}
{"index": {"_index":"leo","_id":"2860690"}}
	{"id":2860690,"type":"buy","buyer":"edkarnie","seller":"pi-trader","symbol":"LEO","quantity":"20.661","price":"0.22899899","timestamp":1645835427,"volume":"4.73134813","buyTxId":"10b4c3a621bc06af77babe8f512c5e5729664049","sellTxId":"7d86fdc7533e383893ba39981aa2818ef1e0c0df"}
{"index": {"_index":"leo","_id":"2860691"}}
	{"id":2860691,"type":"buy","buyer":"edkarnie","seller":"pi-trader","symbol":"LEO","quantity":"100.000","price":"0.22899899","timestamp":1645835463,"volume":"22.89989900","buyTxId":"3596a82032a26e9d8a139277a04384c3a3d6a0a0","sellTxId":"6b3f562daf32d964c5e09d02aa78d0f690a85e5f-5"}
{"index": {"_index":"leo","_id":"2860694"}}
	{"id":2860694,"type":"sell","buyer":"edkarnie","seller":"konvik","symbol":"LEO","quantity":"99.900","price":"0.22899899","timestamp":1645835529,"volume":"22.87699910","buyTxId":"2238e7e0bac9497e26f9a096262eb7c1bde5c15e","sellTxId":"b02af89c651199698ba5667ccc85bf63c8ff821d-1"}
{"index": {"_index":"leo","_id":"2860695"}}
	{"id":2860695,"type":"sell","buyer":"edkarnie","seller":"svirus","symbol":"LEO","quantity":"0.100","price":"0.22899899","timestamp":1645835529,"volume":"0.02289990","buyTxId":"2238e7e0bac9497e26f9a096262eb7c1bde5c15e","sellTxId":"dc5f73950ade1a99e25f4eba5799464726cf31cd-1"}
{"index": {"_index":"leo","_id":"2860706"}}
	{"id":2860706,"type":"buy","buyer":"edkarnie","seller":"leomaker","symbol":"LEO","quantity":"20.661","price":"0.22899900","timestamp":1645835664,"volume":"4.73134834","buyTxId":"e859dde5dd89a01c384c03776f695d4995a6294a","sellTxId":"578b623de30906cc43060b18e4d18d044b84d381"}
{"index": {"_index":"leo","_id":"2860711"}}
	{"id":2860711,"type":"buy","buyer":"edkarnie","seller":"sbi-tokens","symbol":"LEO","quantity":"100.000","price":"0.22900000","timestamp":1645835715,"volume":"22.90000000","buyTxId":"7319492a9df590d6823a290521b4147e01c2a02b","sellTxId":"08d63ae10d0c97125253943fd02b20c5e59f875c"}
{"index": {"_index":"leo","_id":"2860712"}}
	{"id":2860712,"type":"sell","buyer":"sbi-tokens","seller":"chireerocks","symbol":"LEO","quantity":"20.553","price":"0.22500000","timestamp":1645835730,"volume":"4.62442500","buyTxId":"8b0ec0b4dd94b44f77353f26341b29dd79bd2f69","sellTxId":"1da864a48a20cdeacccc2b7ac7abeed35aa64699"}
{"index": {"_index":"leo","_id":"2860719"}}
	{"id":2860719,"type":"buy","buyer":"edkarnie","seller":"sbi-tokens","symbol":"LEO","quantity":"100.000","price":"0.22900000","timestamp":1645835787,"volume":"22.90000000","buyTxId":"f3eededff93ae28a3817e941f2338a96ae679de8","sellTxId":"08d63ae10d0c97125253943fd02b20c5e59f875c"}
{"index": {"_index":"leo","_id":"2860724"}}
	{"id":2860724,"type":"buy","buyer":"edkarnie","seller":"sbi-tokens","symbol":"LEO","quantity":"100.000","price":"0.22900000","timestamp":1645835820,"volume":"22.90000000","buyTxId":"ae35401e196d7bc9941eac986ee52f70e321180d","sellTxId":"08d63ae10d0c97125253943fd02b20c5e59f875c"}
{"index": {"_index":"leo","_id":"2860727"}}
	{"id":2860727,"type":"buy","buyer":"edkarnie","seller":"sbi-tokens","symbol":"LEO","quantity":"100.000","price":"0.22900000","timestamp":1645835847,"volume":"22.90000000","buyTxId":"159d356cf909af76cd4d89a4a663e805942100d3","sellTxId":"08d63ae10d0c97125253943fd02b20c5e59f875c"}
{"index": {"_index":"leo","_id":"2860729"}}
	{"id":2860729,"type":"sell","buyer":"pi-trader","seller":"pixelfan","symbol":"LEO","quantity":"1.502","price":"0.22500001","timestamp":1645835868,"volume":"0.33795002","buyTxId":"3eb0e1d4834513607c5e984601a9906b8c9a3453-0","sellTxId":"f0daf3d8008af2f1df3e866e6a92514d585ec1fc"}
{"index": {"_index":"leo","_id":"2860735"}}
	{"id":2860735,"type":"buy","buyer":"edkarnie","seller":"sbi-tokens","symbol":"LEO","quantity":"100.000","price":"0.22900000","timestamp":1645835889,"volume":"22.90000000","buyTxId":"dd64ecbfd05c6bca3394b92b581cd1d54466b78e","sellTxId":"08d63ae10d0c97125253943fd02b20c5e59f875c"}
{"index": {"_index":"leo","_id":"2860737"}}
	{"id":2860737,"type":"buy","buyer":"edkarnie","seller":"sbi-tokens","symbol":"LEO","quantity":"100.000","price":"0.22900000","timestamp":1645835916,"volume":"22.90000000","buyTxId":"2c04a7d701fc79e237645683722de6379bb0e948","sellTxId":"08d63ae10d0c97125253943fd02b20c5e59f875c"}
{"index": {"_index":"leo","_id":"2860849"}}
	{"id":2860849,"type":"sell","buyer":"pi-trader","seller":"dswap","symbol":"LEO","quantity":"0.021","price":"0.22500003","timestamp":1645836978,"volume":"0.00472500","buyTxId":"96d524d0f8282c72318e3122fdf5c9d2c2d9cbd8-1","sellTxId":"14d9c964265876bab236305c5a382e83c56b9c01"}
{"index": {"_index":"leo","_id":"2861177"}}
	{"id":2861177,"type":"sell","buyer":"pi-trader","seller":"globalcurrencies","symbol":"LEO","quantity":"300.000","price":"0.22500601","timestamp":1645840947,"volume":"67.50180300","buyTxId":"a5e02bda4c878b4f9678d136fe07285dda3a9f7d-1","sellTxId":"b5830650b82ec29e3ee6945182f51887145494f8"}
{"index": {"_index":"leo","_id":"2861178"}}
	{"id":2861178,"type":"sell","buyer":"leomaker","seller":"globalcurrencies","symbol":"LEO","quantity":"1.949","price":"0.22500600","timestamp":1645840947,"volume":"0.43853669","buyTxId":"a037bf2c8ffd14217a34c8ce48ee3ba45266d616","sellTxId":"b5830650b82ec29e3ee6945182f51887145494f8"}
{"index": {"_index":"leo","_id":"2861179"}}
	{"id":2861179,"type":"sell","buyer":"magicbeans","seller":"globalcurrencies","symbol":"LEO","quantity":"3.000","price":"0.22500402","timestamp":1645840947,"volume":"0.67501206","buyTxId":"8f09d9f2925535024aa4ea2cc012b9fc94a87142","sellTxId":"b5830650b82ec29e3ee6945182f51887145494f8"}
{"index": {"_index":"leo","_id":"2861180"}}
	{"id":2861180,"type":"sell","buyer":"leomaker","seller":"globalcurrencies","symbol":"LEO","quantity":"1.949","price":"0.22500400","timestamp":1645840947,"volume":"0.43853280","buyTxId":"5869de72a4517547e2ccd38cbd4fae06565b85b6","sellTxId":"b5830650b82ec29e3ee6945182f51887145494f8"}
{"index": {"_index":"leo","_id":"2861181"}}
	{"id":2861181,"type":"sell","buyer":"leomaker","seller":"globalcurrencies","symbol":"LEO","quantity":"1.949","price":"0.22500200","timestamp":1645840947,"volume":"0.43852890","buyTxId":"1793067846db3a6648dc5cb37f7a9d0c95add229","sellTxId":"b5830650b82ec29e3ee6945182f51887145494f8"}
{"index": {"_index":"leo","_id":"2861182"}}
	{"id":2861182,"type":"sell","buyer":"sbi-tokens","seller":"globalcurrencies","symbol":"LEO","quantity":"226.401","price":"0.22500000","timestamp":1645840947,"volume":"50.94022500","buyTxId":"8b0ec0b4dd94b44f77353f26341b29dd79bd2f69","sellTxId":"b5830650b82ec29e3ee6945182f51887145494f8"}
{"index": {"_index":"leo","_id":"2861183"}}
	{"id":2861183,"type":"sell","buyer":"leomaker","seller":"globalcurrencies","symbol":"LEO","quantity":"4.959","price":"0.22427000","timestamp":1645840947,"volume":"1.11215493","buyTxId":"afa5cd758f261d5daa64a36b1298f08380c602fe","sellTxId":"b5830650b82ec29e3ee6945182f51887145494f8"}
{"index": {"_index":"leo","_id":"2861184"}}
	{"id":2861184,"type":"sell","buyer":"beetrader","seller":"globalcurrencies","symbol":"LEO","quantity":"44.590","price":"0.22426800","timestamp":1645840947,"volume":"10.00011012","buyTxId":"MM-P-15149229-62136877-3-0-0","sellTxId":"b5830650b82ec29e3ee6945182f51887145494f8"}
{"index": {"_index":"leo","_id":"2861185"}}
	{"id":2861185,"type":"sell","buyer":"leomaker","seller":"globalcurrencies","symbol":"LEO","quantity":"14.320","price":"0.22425800","timestamp":1645840947,"volume":"3.21137456","buyTxId":"cdb70151e97f00c9d31b70559d77ebcb25ed473b","sellTxId":"b5830650b82ec29e3ee6945182f51887145494f8"}
{"index": {"_index":"leo","_id":"2861186"}}
	{"id":2861186,"type":"sell","buyer":"leomaker","seller":"globalcurrencies","symbol":"LEO","quantity":"14.494","price":"0.22424600","timestamp":1645840947,"volume":"3.25022152","buyTxId":"a686620722f0c9ca63e5124ffa961e9903f881d3","sellTxId":"b5830650b82ec29e3ee6945182f51887145494f8"}
{"index": {"_index":"leo","_id":"2861187"}}
	{"id":2861187,"type":"sell","buyer":"leomaker","seller":"globalcurrencies","symbol":"LEO","quantity":"14.672","price":"0.22423400","timestamp":1645840947,"volume":"3.28996125","buyTxId":"3272bf696811239e1985bff08d57c176756a4656","sellTxId":"b5830650b82ec29e3ee6945182f51887145494f8"}
{"index": {"_index":"leo","_id":"2861188"}}
	{"id":2861188,"type":"sell","buyer":"leomaker","seller":"globalcurrencies","symbol":"LEO","quantity":"14.851","price":"0.22422200","timestamp":1645840947,"volume":"3.32992092","buyTxId":"7b0d4856e04d9802fe68173d30e849a40826d92a","sellTxId":"b5830650b82ec29e3ee6945182f51887145494f8"}
{"index": {"_index":"leo","_id":"2861189"}}
	{"id":2861189,"type":"sell","buyer":"leomaker","seller":"globalcurrencies","symbol":"LEO","quantity":"15.032","price":"0.22421000","timestamp":1645840947,"volume":"3.37032472","buyTxId":"c9ca53bac636d1567a6efaff1722befed6cd457f","sellTxId":"b5830650b82ec29e3ee6945182f51887145494f8"}
{"index": {"_index":"leo","_id":"2861190"}}
	{"id":2861190,"type":"sell","buyer":"leomaker","seller":"globalcurrencies","symbol":"LEO","quantity":"15.215","price":"0.22419800","timestamp":1645840947,"volume":"3.41117257","buyTxId":"c19d53396731bbc72da67675bced4fb7dcef9870","sellTxId":"b5830650b82ec29e3ee6945182f51887145494f8"}
{"index": {"_index":"leo","_id":"2861191"}}
	{"id":2861191,"type":"sell","buyer":"leomaker","seller":"globalcurrencies","symbol":"LEO","quantity":"15.400","price":"0.22418600","timestamp":1645840947,"volume":"3.45246440","buyTxId":"79b10a5a1aaff403bdaceedd29caecb6662c4646","sellTxId":"b5830650b82ec29e3ee6945182f51887145494f8"}
{"index": {"_index":"leo","_id":"2861192"}}
	{"id":2861192,"type":"buy","buyer":"konvik","seller":"globalcurrencies","symbol":"LEO","quantity":"1624.289","price":"0.22418600","timestamp":1645840950,"volume":"364.14285375","buyTxId":"ab40eed7d1268360116fe1596e373d9fffab757c-0","sellTxId":"b5830650b82ec29e3ee6945182f51887145494f8"}
{"index": {"_index":"leo","_id":"2861193"}}
	{"id":2861193,"type":"buy","buyer":"genet","seller":"globalcurrencies","symbol":"LEO","quantity":"186.930","price":"0.22418600","timestamp":1645840950,"volume":"41.90708898","buyTxId":"77b0c72e7630807637abddeb69a4723acd1fb46d-0","sellTxId":"b5830650b82ec29e3ee6945182f51887145494f8"}
{"index": {"_index":"leo","_id":"2861217"}}
	{"id":2861217,"type":"sell","buyer":"leomaker","seller":"savvyplayer","symbol":"LEO","quantity":"0.502","price":"0.22416400","timestamp":1645841082,"volume":"0.11253033","buyTxId":"2e6acb10fc0fb5c2840e5042378b6668f3038393","sellTxId":"dabde0d9d1ec1d7fcbd5af7763e59fe9d858a1a3"}
{"index": {"_index":"leo","_id":"2861225"}}
	{"id":2861225,"type":"sell","buyer":"leomaker","seller":"teenagecrypto","symbol":"LEO","quantity":"0.084","price":"0.22416400","timestamp":1645841118,"volume":"0.01882978","buyTxId":"2e6acb10fc0fb5c2840e5042378b6668f3038393","sellTxId":"d2de37009018e147b8a0046759daa7459087cb8f"}
{"index": {"_index":"leo","_id":"2861311"}}
	{"id":2861311,"type":"sell","buyer":"beetrader","seller":"senseiphil","symbol":"LEO","quantity":"5","price":"0.22417400","timestamp":1645841826,"volume":"1.12087000","buyTxId":"MM-P-15155712-62143362-3-0-0","sellTxId":"537b775f52082d43b76f9e19c282c8de5f07539e"}
{"index": {"_index":"leo","_id":"2861473"}}
	{"id":2861473,"type":"buy","buyer":"edkarnie","seller":"pi-trader","symbol":"LEO","quantity":"100.000","price":"0.22899799","timestamp":1645843812,"volume":"22.89979900","buyTxId":"f95d3fb44ce86fa59b13816f0d2afd2ccf6f3f39","sellTxId":"2c916acd26974167e488d23c8906b85431dbe207-1"}
{"index": {"_index":"leo","_id":"2861516"}}
	{"id":2861516,"type":"sell","buyer":"beetrader","seller":"melbourneswest","symbol":"LEO","quantity":"18.338","price":"0.22417400","timestamp":1645844199,"volume":"4.11090281","buyTxId":"MM-P-15155712-62143362-3-0-0","sellTxId":"70ee18ae66cf4453cff0c60d7769f869af3c7e38"}
{"index": {"_index":"leo","_id":"2861523"}}
	{"id":2861523,"type":"buy","buyer":"edkarnie","seller":"pi-trader","symbol":"LEO","quantity":"100.000","price":"0.22899699","timestamp":1645844409,"volume":"22.89969900","buyTxId":"8e0e33a0737c40adc32c834cf12e6bb8d53b9bc4","sellTxId":"1a8c4ffb363a4e95e8da6b49beb1d2a518533a47-3"}
