{"index": {"_index":"leo","_id":"2017573"}}
	{"id":2017573,"type":"buy","buyer":"jk6276","seller":"leomaker","symbol":"LEO","quantity":"70.245","price":"0.26989900","timestamp":1637120466,"volume":"18.95905526","buyTxId":"43ab9fa9b0345d1b95a6e2f7ed8a7caa0fb4eddb","sellTxId":"7084fb3ee3e03e7c660b28d2023e38b3df163db4"}
{"index": {"_index":"leo","_id":"2017574"}}
	{"id":2017574,"type":"buy","buyer":"jk6276","seller":"preparedwombat","symbol":"LEO","quantity":"10.138","price":"0.26990000","timestamp":1637120496,"volume":"2.73624620","buyTxId":"1b34b8694b3b9e0152b6dc9c3ed0ba984a23e565","sellTxId":"9e45189781ed17fe3d24176ac6da65a2f66ebe06"}
{"index": {"_index":"leo","_id":"2017607"}}
	{"id":2017607,"type":"sell","buyer":"leomaker","seller":"razam","symbol":"LEO","quantity":"0.019","price":"0.24000200","timestamp":1637121000,"volume":"0.00456004","buyTxId":"4d9e4f4a1c79d36fce0ca1020d902bdd365a15ff","sellTxId":"c0d9b6d218e469843ae32bf6e2e85346f153d582"}
{"index": {"_index":"leo","_id":"2017667"}}
	{"id":2017667,"type":"sell","buyer":"leomaker","seller":"johnwege","symbol":"LEO","quantity":"35.776","price":"0.24000200","timestamp":1637121939,"volume":"8.58631155","buyTxId":"4d9e4f4a1c79d36fce0ca1020d902bdd365a15ff","sellTxId":"c7d5f940bc48bbdd728a81ae91df4dfd6de073c9"}
{"index": {"_index":"leo","_id":"2017695"}}
	{"id":2017695,"type":"sell","buyer":"leomaker","seller":"tykee","symbol":"LEO","quantity":"7.721","price":"0.24000200","timestamp":1637122236,"volume":"1.85305544","buyTxId":"4d9e4f4a1c79d36fce0ca1020d902bdd365a15ff","sellTxId":"44acdcaab16d718c22361638448c65051e32fe28"}
{"index": {"_index":"leo","_id":"2017720"}}
	{"id":2017720,"type":"buy","buyer":"teenagecrypto","seller":"leomaker","symbol":"LEO","quantity":"5.810","price":"0.26989900","timestamp":1637122509,"volume":"1.56811319","buyTxId":"32cecfd4771af50e4bc27ccae82c448d863dd437","sellTxId":"0d7386bbfe27d9eba4e93f3b40590dac608cb9a4"}
{"index": {"_index":"leo","_id":"2017744"}}
	{"id":2017744,"type":"sell","buyer":"leomaker","seller":"brofi-market","symbol":"LEO","quantity":"16.995","price":"0.24000200","timestamp":1637122731,"volume":"4.07883399","buyTxId":"4d9e4f4a1c79d36fce0ca1020d902bdd365a15ff","sellTxId":"905e50a7f75b25bad244c2e982427d0f38d90c46"}
{"index": {"_index":"leo","_id":"2017971"}}
	{"id":2017971,"type":"sell","buyer":"leomaker","seller":"kolbjorn","symbol":"LEO","quantity":"31.613","price":"0.24000200","timestamp":1637124990,"volume":"7.58718323","buyTxId":"4d9e4f4a1c79d36fce0ca1020d902bdd365a15ff","sellTxId":"bc413bd1660b8f926fed725934c69bb9fd7679fa"}
{"index": {"_index":"leo","_id":"2018232"}}
	{"id":2018232,"type":"sell","buyer":"leomaker","seller":"lebah","symbol":"LEO","quantity":"5.000","price":"0.24000200","timestamp":1637127540,"volume":"1.20001000","buyTxId":"4d9e4f4a1c79d36fce0ca1020d902bdd365a15ff","sellTxId":"a7e4153f47c5c639df37ebf06130c8d941e37612"}
{"index": {"_index":"leo","_id":"2018321"}}
	{"id":2018321,"type":"sell","buyer":"leomaker","seller":"scottcbusiness","symbol":"LEO","quantity":"7.710","price":"0.24000200","timestamp":1637128452,"volume":"1.85041542","buyTxId":"4d9e4f4a1c79d36fce0ca1020d902bdd365a15ff","sellTxId":"659df2ed6d5db5dbd7b9c112ba3724d8635aada5"}
{"index": {"_index":"leo","_id":"2018387"}}
	{"id":2018387,"type":"sell","buyer":"leomaker","seller":"esmeesmith","symbol":"LEO","quantity":"5","price":"0.24000200","timestamp":1637129160,"volume":"1.20001000","buyTxId":"4d9e4f4a1c79d36fce0ca1020d902bdd365a15ff","sellTxId":"a9eee4cf0c34aba6cd7946c12ffcf534aeeb5741"}
{"index": {"_index":"leo","_id":"2018435"}}
	{"id":2018435,"type":"sell","buyer":"leomaker","seller":"quinnertronics","symbol":"LEO","quantity":"0.705","price":"0.24000200","timestamp":1637129673,"volume":"0.16920141","buyTxId":"4d9e4f4a1c79d36fce0ca1020d902bdd365a15ff","sellTxId":"8f35a17a09dd273db9c022f6d097419b50aa00c6"}
{"index": {"_index":"leo","_id":"2018569"}}
	{"id":2018569,"type":"sell","buyer":"leomaker","seller":"mario02","symbol":"LEO","quantity":"0.818","price":"0.24100200","timestamp":1637131203,"volume":"0.19713964","buyTxId":"0608035936ebf82d8399a21c2b435044bb99ca82","sellTxId":"62f46ac28a13556e0db8484b17453681c1f806f4"}
{"index": {"_index":"leo","_id":"2018585"}}
	{"id":2018585,"type":"buy","buyer":"oldtimer","seller":"magicbeans","symbol":"LEO","quantity":"3.000","price":"0.26989899","timestamp":1637131401,"volume":"0.80969697","buyTxId":"650a8e9709a7e978dd0f2043f66dc22f1f954944","sellTxId":"a1b355f1e5e3f246fcb7b79a3f0018383dbf8954"}
{"index": {"_index":"leo","_id":"2018586"}}
	{"id":2018586,"type":"buy","buyer":"oldtimer","seller":"leomaker","symbol":"LEO","quantity":"64.760","price":"0.26989900","timestamp":1637131401,"volume":"17.47865924","buyTxId":"650a8e9709a7e978dd0f2043f66dc22f1f954944","sellTxId":"0d7386bbfe27d9eba4e93f3b40590dac608cb9a4"}
{"index": {"_index":"leo","_id":"2018587"}}
	{"id":2018587,"type":"buy","buyer":"oldtimer","seller":"brofi-market","symbol":"LEO","quantity":"16.995","price":"0.26989900","timestamp":1637131401,"volume":"4.58693351","buyTxId":"650a8e9709a7e978dd0f2043f66dc22f1f954944","sellTxId":"4293d9a800d4fe8fb1adb1dd52c8993ce32cf27c"}
{"index": {"_index":"leo","_id":"2018588"}}
	{"id":2018588,"type":"buy","buyer":"oldtimer","seller":"preparedwombat","symbol":"LEO","quantity":"7.245","price":"0.26990000","timestamp":1637131401,"volume":"1.95542550","buyTxId":"650a8e9709a7e978dd0f2043f66dc22f1f954944","sellTxId":"9e45189781ed17fe3d24176ac6da65a2f66ebe06"}
{"index": {"_index":"leo","_id":"2018628"}}
	{"id":2018628,"type":"sell","buyer":"leomaker","seller":"bashadow","symbol":"LEO","quantity":"0.950","price":"0.24100200","timestamp":1637131650,"volume":"0.22895190","buyTxId":"0608035936ebf82d8399a21c2b435044bb99ca82","sellTxId":"7199505c8ea1b690064d2faa04a4f25a122f2209"}
{"index": {"_index":"leo","_id":"2018868"}}
	{"id":2018868,"type":"sell","buyer":"leomaker","seller":"badbitch","symbol":"LEO","quantity":"4.578","price":"0.24101200","timestamp":1637134329,"volume":"1.10335294","buyTxId":"139565e21b338f82633d5332ca0a2caa733f8b01","sellTxId":"adc6de1655d8f795842080ef9d659430b9d8407a"}
{"index": {"_index":"leo","_id":"2018872"}}
	{"id":2018872,"type":"sell","buyer":"leomaker","seller":"badbitch","symbol":"LEO","quantity":"4.578","price":"0.24101200","timestamp":1637134407,"volume":"1.10335294","buyTxId":"139565e21b338f82633d5332ca0a2caa733f8b01","sellTxId":"de47c5acbdccf8142a5745d8a2b04b2bc3b6433f"}
{"index": {"_index":"leo","_id":"2019073"}}
	{"id":2019073,"type":"sell","buyer":"magicbeans","seller":"brofi-market","symbol":"LEO","quantity":"0.001","price":"0.24101201","timestamp":1637136663,"volume":"0.00024101","buyTxId":"d5a8c9eb62dfb2346747f647b0d1c661583c85f7","sellTxId":"58e4c21f663ac201e423e85db41959331d7aa196"}
{"index": {"_index":"leo","_id":"2019152"}}
	{"id":2019152,"type":"sell","buyer":"magicbeans","seller":"ash","symbol":"LEO","quantity":"2.999","price":"0.24101201","timestamp":1637137455,"volume":"0.72279502","buyTxId":"d5a8c9eb62dfb2346747f647b0d1c661583c85f7","sellTxId":"7e86565e8e92cede85913b561e5dc185c41c695a"}
{"index": {"_index":"leo","_id":"2019153"}}
	{"id":2019153,"type":"sell","buyer":"leomaker","seller":"ash","symbol":"LEO","quantity":"2.001","price":"0.24101200","timestamp":1637137455,"volume":"0.48226501","buyTxId":"139565e21b338f82633d5332ca0a2caa733f8b01","sellTxId":"7e86565e8e92cede85913b561e5dc185c41c695a"}
{"index": {"_index":"leo","_id":"2019220"}}
	{"id":2019220,"type":"sell","buyer":"leomaker","seller":"abh12345","symbol":"LEO","quantity":"25.048","price":"0.24101200","timestamp":1637138049,"volume":"6.03686858","buyTxId":"139565e21b338f82633d5332ca0a2caa733f8b01","sellTxId":"eadd65c525b591eb2182b2eb7a462dee6f8d3741"}
{"index": {"_index":"leo","_id":"2019227"}}
	{"id":2019227,"type":"sell","buyer":"leomaker","seller":"belemo","symbol":"LEO","quantity":"204.000","price":"0.24101200","timestamp":1637138121,"volume":"49.16644800","buyTxId":"139565e21b338f82633d5332ca0a2caa733f8b01","sellTxId":"af624f997ee6ed4b17043250d369f8c429ddebb9"}
{"index": {"_index":"leo","_id":"2019229"}}
	{"id":2019229,"type":"sell","buyer":"leomaker","seller":"belemo","symbol":"LEO","quantity":"1.462","price":"0.24101200","timestamp":1637138172,"volume":"0.35235954","buyTxId":"139565e21b338f82633d5332ca0a2caa733f8b01","sellTxId":"33999b020ee30a817fd33561661605d22b64676f"}
{"index": {"_index":"leo","_id":"2019230"}}
	{"id":2019230,"type":"sell","buyer":"leomaker","seller":"belemo","symbol":"LEO","quantity":"198.538","price":"0.24100200","timestamp":1637138172,"volume":"47.84805508","buyTxId":"0608035936ebf82d8399a21c2b435044bb99ca82","sellTxId":"33999b020ee30a817fd33561661605d22b64676f"}
{"index": {"_index":"leo","_id":"2019244"}}
	{"id":2019244,"type":"sell","buyer":"leomaker","seller":"nuthman","symbol":"LEO","quantity":"5.918","price":"0.24100200","timestamp":1637138322,"volume":"1.42624984","buyTxId":"0608035936ebf82d8399a21c2b435044bb99ca82","sellTxId":"61bb8db56758e761846769e6b038a2a0d8ace9ef"}
{"index": {"_index":"leo","_id":"2019351"}}
	{"id":2019351,"type":"sell","buyer":"leomaker","seller":"buildahouse","symbol":"LEO","quantity":"0.013","price":"0.24100200","timestamp":1637139543,"volume":"0.00313303","buyTxId":"0608035936ebf82d8399a21c2b435044bb99ca82","sellTxId":"58b77f0686018e1b9331938373423036ea5eaf7d"}
{"index": {"_index":"leo","_id":"2019535"}}
	{"id":2019535,"type":"sell","buyer":"leomaker","seller":"joseph230","symbol":"LEO","quantity":"0.587","price":"0.24101200","timestamp":1637141325,"volume":"0.14147404","buyTxId":"373612925da623a7bcad989f4b52178f9475b927","sellTxId":"c0590b8d91353f0811e6b8820ca970367230602f"}
{"index": {"_index":"leo","_id":"2019635"}}
	{"id":2019635,"type":"sell","buyer":"leomaker","seller":"jjb777","symbol":"LEO","quantity":"21.510","price":"0.24101200","timestamp":1637142570,"volume":"5.18416812","buyTxId":"373612925da623a7bcad989f4b52178f9475b927","sellTxId":"0dddbc7103a170c88a4abc9453216e47c53dd267"}
{"index": {"_index":"leo","_id":"2019787"}}
	{"id":2019787,"type":"sell","buyer":"leomaker","seller":"lifeskills-tv","symbol":"LEO","quantity":"2.462","price":"0.24101200","timestamp":1637143371,"volume":"0.59337154","buyTxId":"373612925da623a7bcad989f4b52178f9475b927","sellTxId":"7d099b2db473ff60c3c90120ab242ad176d52300"}
{"index": {"_index":"leo","_id":"2019937"}}
	{"id":2019937,"type":"buy","buyer":"kevinnag58","seller":"leomaker","symbol":"LEO","quantity":"5.113","price":"0.26989800","timestamp":1637144838,"volume":"1.38","buyTxId":"070136af58cf7d48cd3d48d44fa798abd2269dda","sellTxId":"b13944e809068d9c3d01652db6099fb366aac8c8"}
{"index": {"_index":"leo","_id":"2019944"}}
	{"id":2019944,"type":"buy","buyer":"kevinnag58","seller":"leomaker","symbol":"LEO","quantity":"5.113","price":"0.26989800","timestamp":1637144928,"volume":"1.38","buyTxId":"14d42f5b9c6f60ec5f0e2fa08c4044ddea0b0e45","sellTxId":"b13944e809068d9c3d01652db6099fb366aac8c8"}
{"index": {"_index":"leo","_id":"2019999"}}
	{"id":2019999,"type":"sell","buyer":"badbitch","seller":"ripazha","symbol":"LEO","quantity":"300.000","price":"0.24101300","timestamp":1637145339,"volume":"72.30390000","buyTxId":"4593bf12f6d29a4d3c70d835af03ccb8854129e5","sellTxId":"dce69513fb0dd493ace5b981103d9126bde7a208-2"}
{"index": {"_index":"leo","_id":"2020000"}}
	{"id":2020000,"type":"sell","buyer":"leomaker","seller":"ripazha","symbol":"LEO","quantity":"203.540","price":"0.24101200","timestamp":1637145339,"volume":"49.05558248","buyTxId":"373612925da623a7bcad989f4b52178f9475b927","sellTxId":"dce69513fb0dd493ace5b981103d9126bde7a208-2"}
{"index": {"_index":"leo","_id":"2020001"}}
	{"id":2020001,"type":"sell","buyer":"leomaker","seller":"ripazha","symbol":"LEO","quantity":"18.936","price":"0.24100200","timestamp":1637145339,"volume":"4.56361387","buyTxId":"0608035936ebf82d8399a21c2b435044bb99ca82","sellTxId":"dce69513fb0dd493ace5b981103d9126bde7a208-2"}
{"index": {"_index":"leo","_id":"2020022"}}
	{"id":2020022,"type":"buy","buyer":"bitcoinflood","seller":"leomaker","symbol":"LEO","quantity":"0.056","price":"0.26989800","timestamp":1637145600,"volume":"0.01511429","buyTxId":"4cc704ff2324aecb6af22f1628046170389bc535","sellTxId":"b13944e809068d9c3d01652db6099fb366aac8c8"}
{"index": {"_index":"leo","_id":"2020023"}}
	{"id":2020023,"type":"buy","buyer":"bitcoinflood","seller":"brofi-market","symbol":"LEO","quantity":"0.001","price":"0.26989800","timestamp":1637145600,"volume":"0.00026990","buyTxId":"4cc704ff2324aecb6af22f1628046170389bc535","sellTxId":"12b87083c49439ab4aa81cb7ea340a437f3d667b"}
{"index": {"_index":"leo","_id":"2020024"}}
	{"id":2020024,"type":"sell","buyer":"bitcoinflood","seller":"genet","symbol":"LEO","quantity":"3.674","price":"0.26989800","timestamp":1637145603,"volume":"0.99160525","buyTxId":"4cc704ff2324aecb6af22f1628046170389bc535","sellTxId":"653b9ab8a95cad8d3a3058bac048e95691d18973-1"}
{"index": {"_index":"leo","_id":"2020065"}}
	{"id":2020065,"type":"sell","buyer":"badbitch","seller":"insight.pob","symbol":"LEO","quantity":"15.854","price":"0.24100300","timestamp":1637146053,"volume":"3.82086156","buyTxId":"b87f71b44726acf4435ddc4a23cb233a5e33508f","sellTxId":"c1d9c8fbf37b5b66a46a8358480fc17de392fca3"}
{"index": {"_index":"leo","_id":"2020259"}}
	{"id":2020259,"type":"buy","buyer":"konvik","seller":"leeyh2","symbol":"LEO","quantity":"31.205","price":"0.24101000","timestamp":1637148384,"volume":"7.52071705","buyTxId":"7556795e6a933f1bb670849c0cdb7969d9ffe24e-0","sellTxId":"3f659dba7b3c38d7a1d5c78e8f3daab3d14e2cf1"}
{"index": {"_index":"leo","_id":"2020363"}}
	{"id":2020363,"type":"sell","buyer":"leomaker","seller":"cryptosignal247","symbol":"LEO","quantity":"2.096","price":"0.24100800","timestamp":1637149134,"volume":"0.50515277","buyTxId":"0ee214b7e4876ce2c44fb601d71e62ce1a02dcbd","sellTxId":"bc53d99babd2700eade0fc732afdf36015c8450b"}
{"index": {"_index":"leo","_id":"2020498"}}
	{"id":2020498,"type":"sell","buyer":"leomaker","seller":"arslan.leo","symbol":"LEO","quantity":"11.634","price":"0.24100800","timestamp":1637150298,"volume":"2.80388707","buyTxId":"0ee214b7e4876ce2c44fb601d71e62ce1a02dcbd","sellTxId":"eb37621196ebfb759217e463bc7b948f69402170"}
{"index": {"_index":"leo","_id":"2020501"}}
	{"id":2020501,"type":"buy","buyer":"genet","seller":"jjb777","symbol":"LEO","quantity":"3.944","price":"0.24101000","timestamp":1637150313,"volume":"0.95054344","buyTxId":"2b2ee733ba88f9d254de2d3cc4d8fa7bc8fa3e1a-0","sellTxId":"6f90dd332cfa7bc4740809ffd0ca547256c965c4"}
{"index": {"_index":"leo","_id":"2020667"}}
	{"id":2020667,"type":"buy","buyer":"singhcapital","seller":"magicbeans","symbol":"LEO","quantity":"3.000","price":"0.26989799","timestamp":1637152752,"volume":"0.80969397","buyTxId":"1d12023c88658e6f835ae862eeed5cc17c36970e","sellTxId":"5c295a855e7acd84366e6e99f69da367db9e04eb"}
{"index": {"_index":"leo","_id":"2020668"}}
	{"id":2020668,"type":"buy","buyer":"singhcapital","seller":"leomaker","symbol":"LEO","quantity":"17.652","price":"0.26989800","timestamp":1637152752,"volume":"4.76423950","buyTxId":"1d12023c88658e6f835ae862eeed5cc17c36970e","sellTxId":"712f87e8690ea4283dd5e7be76257bc49d0a8b6e"}
{"index": {"_index":"leo","_id":"2020669"}}
	{"id":2020669,"type":"buy","buyer":"singhcapital","seller":"master-lamps","symbol":"LEO","quantity":"25.853","price":"0.26989879","timestamp":1637152752,"volume":"6.97769342","buyTxId":"1d12023c88658e6f835ae862eeed5cc17c36970e","sellTxId":"ba89d0d96ec21ddf925738db0f11ee11f1aef42c"}
{"index": {"_index":"leo","_id":"2020670"}}
	{"id":2020670,"type":"buy","buyer":"singhcapital","seller":"leomaker","symbol":"LEO","quantity":"8.214","price":"0.26989900","timestamp":1637152752,"volume":"2.21695039","buyTxId":"1d12023c88658e6f835ae862eeed5cc17c36970e","sellTxId":"3b212006604ee7a1c4955f1a57fa7a245d39a12b"}
{"index": {"_index":"leo","_id":"2020671"}}
	{"id":2020671,"type":"buy","buyer":"singhcapital","seller":"preparedwombat","symbol":"LEO","quantity":"16.900","price":"0.26990000","timestamp":1637152752,"volume":"4.56131000","buyTxId":"1d12023c88658e6f835ae862eeed5cc17c36970e","sellTxId":"9e45189781ed17fe3d24176ac6da65a2f66ebe06"}
{"index": {"_index":"leo","_id":"2020672"}}
	{"id":2020672,"type":"buy","buyer":"singhcapital","seller":"ctpsb","symbol":"LEO","quantity":"1.883","price":"0.26990000","timestamp":1637152752,"volume":"0.50822170","buyTxId":"1d12023c88658e6f835ae862eeed5cc17c36970e","sellTxId":"f51fcf82b006f9ebe80390d808bf0d6d8f1da90b"}
{"index": {"_index":"leo","_id":"2020673"}}
	{"id":2020673,"type":"buy","buyer":"singhcapital","seller":"leomaker","symbol":"LEO","quantity":"71.171","price":"0.26995300","timestamp":1637152752,"volume":"19.21282496","buyTxId":"1d12023c88658e6f835ae862eeed5cc17c36970e","sellTxId":"f97b4ccada3bb94abef7875f6649240d0465c721"}
{"index": {"_index":"leo","_id":"2020674"}}
	{"id":2020674,"type":"buy","buyer":"singhcapital","seller":"enginemaker","symbol":"LEO","quantity":"215.666","price":"0.26995400","timestamp":1637152752,"volume":"58.21989936","buyTxId":"1d12023c88658e6f835ae862eeed5cc17c36970e","sellTxId":"MM-P-12253564-59239878-3-1-0"}
{"index": {"_index":"leo","_id":"2020675"}}
	{"id":2020675,"type":"buy","buyer":"singhcapital","seller":"leomaker","symbol":"LEO","quantity":"72.036","price":"0.26996100","timestamp":1637152752,"volume":"19.44691060","buyTxId":"1d12023c88658e6f835ae862eeed5cc17c36970e","sellTxId":"e81aa87c29ba1a2338279e33f8555abcce836e7f"}
{"index": {"_index":"leo","_id":"2020676"}}
	{"id":2020676,"type":"buy","buyer":"singhcapital","seller":"leomaker","symbol":"LEO","quantity":"52.146","price":"0.26996300","timestamp":1637152752,"volume":"14.07749060","buyTxId":"1d12023c88658e6f835ae862eeed5cc17c36970e","sellTxId":"f8513987b813483d14e9347275f699d5fb1068f4"}
{"index": {"_index":"leo","_id":"2020677"}}
	{"id":2020677,"type":"buy","buyer":"singhcapital","seller":"leomaker","symbol":"LEO","quantity":"52.779","price":"0.29996400","timestamp":1637152752,"volume":"15.83179996","buyTxId":"1d12023c88658e6f835ae862eeed5cc17c36970e","sellTxId":"ef44f81e522a9de4e7578a7d7656b8f499f1977d"}
{"index": {"_index":"leo","_id":"2020678"}}
	{"id":2020678,"type":"buy","buyer":"singhcapital","seller":"matrixspinor","symbol":"LEO","quantity":"1.445","price":"0.29996400","timestamp":1637152752,"volume":"0.43344798","buyTxId":"1d12023c88658e6f835ae862eeed5cc17c36970e","sellTxId":"59fe2090d80a349fe33a93916d24593c38c8d06f"}
{"index": {"_index":"leo","_id":"2020679"}}
	{"id":2020679,"type":"buy","buyer":"singhcapital","seller":"leomaker","symbol":"LEO","quantity":"53.420","price":"0.29996600","timestamp":1637152752,"volume":"16.02418372","buyTxId":"1d12023c88658e6f835ae862eeed5cc17c36970e","sellTxId":"b55c1400c3bec43aacfc7357828b5e08c79cef54"}
{"index": {"_index":"leo","_id":"2020680"}}
	{"id":2020680,"type":"buy","buyer":"singhcapital","seller":"leomaker","symbol":"LEO","quantity":"54.069","price":"0.29997600","timestamp":1637152752,"volume":"16.21940234","buyTxId":"1d12023c88658e6f835ae862eeed5cc17c36970e","sellTxId":"4553e8e2e7175acbac7438dfe7da89536970f042"}
{"index": {"_index":"leo","_id":"2020681"}}
	{"id":2020681,"type":"buy","buyer":"singhcapital","seller":"leomaker","symbol":"LEO","quantity":"54.223","price":"0.29998700","timestamp":1637152752,"volume":"16.26619510","buyTxId":"1d12023c88658e6f835ae862eeed5cc17c36970e","sellTxId":"6a1f6aaf393c627d1a0e3239f88e41cdb0c26105"}
{"index": {"_index":"leo","_id":"2020682"}}
	{"id":2020682,"type":"buy","buyer":"singhcapital","seller":"leomaker","symbol":"LEO","quantity":"53.758","price":"0.29999700","timestamp":1637152752,"volume":"16.12723873","buyTxId":"1d12023c88658e6f835ae862eeed5cc17c36970e","sellTxId":"79f7c188f63a62bba1fb4f806c4946e372e5dfe5"}
{"index": {"_index":"leo","_id":"2020683"}}
	{"id":2020683,"type":"buy","buyer":"singhcapital","seller":"leomaker","symbol":"LEO","quantity":"42.311","price":"0.29999900","timestamp":1637152752,"volume":"12.69325769","buyTxId":"1d12023c88658e6f835ae862eeed5cc17c36970e","sellTxId":"99fa355574ff748177bc9b7d7f7f485f83139dfb"}
{"index": {"_index":"leo","_id":"2020684"}}
	{"id":2020684,"type":"buy","buyer":"singhcapital","seller":"mushanov","symbol":"LEO","quantity":"109.518","price":"0.34990000","timestamp":1637152752,"volume":"38.32034820","buyTxId":"1d12023c88658e6f835ae862eeed5cc17c36970e","sellTxId":"9e584fba856f3c2165497d01a916b5568b261126"}
{"index": {"_index":"leo","_id":"2020685"}}
	{"id":2020685,"type":"buy","buyer":"singhcapital","seller":"leomaker","symbol":"LEO","quantity":"42.826","price":"0.34999800","timestamp":1637152752,"volume":"14.98901435","buyTxId":"1d12023c88658e6f835ae862eeed5cc17c36970e","sellTxId":"d6a75650f2e82741215915e7c5a3958a409512e7"}
{"index": {"_index":"leo","_id":"2020686"}}
	{"id":2020686,"type":"buy","buyer":"singhcapital","seller":"tarazkp","symbol":"LEO","quantity":"399.988","price":"0.34999900","timestamp":1637152752,"volume":"139.99540001","buyTxId":"1d12023c88658e6f835ae862eeed5cc17c36970e","sellTxId":"6158d7c858d63fca47ea8788cab655f824762fca"}
{"index": {"_index":"leo","_id":"2020687"}}
	{"id":2020687,"type":"buy","buyer":"singhcapital","seller":"leomaker","symbol":"LEO","quantity":"16.224","price":"0.35300900","timestamp":1637152752,"volume":"5.72721802","buyTxId":"1d12023c88658e6f835ae862eeed5cc17c36970e","sellTxId":"1f9734efdcb2ce5139ae62d7e3f9e2d88924307d"}
{"index": {"_index":"leo","_id":"2020688"}}
	{"id":2020688,"type":"buy","buyer":"singhcapital","seller":"ripazha","symbol":"LEO","quantity":"3382.414","price":"0.35301048","timestamp":1637152752,"volume":"1194.02758970","buyTxId":"1d12023c88658e6f835ae862eeed5cc17c36970e","sellTxId":"b993deb3d2ea552b659dca0273bbe84d6899c415-8"}
{"index": {"_index":"leo","_id":"2020689"}}
	{"id":2020689,"type":"buy","buyer":"singhcapital","seller":"leomaker","symbol":"LEO","quantity":"15.458","price":"0.35864900","timestamp":1637152752,"volume":"5.54399624","buyTxId":"1d12023c88658e6f835ae862eeed5cc17c36970e","sellTxId":"9ff5d2080e595cd646fa154bfed57159444d09de"}
{"index": {"_index":"leo","_id":"2020690"}}
	{"id":2020690,"type":"buy","buyer":"singhcapital","seller":"brofi-market","symbol":"LEO","quantity":"9.937","price":"0.35867199","timestamp":1637152752,"volume":"3.56412356","buyTxId":"1d12023c88658e6f835ae862eeed5cc17c36970e","sellTxId":"293a6c0e18dd3b86cc12f754f62afd2384df7d83"}
{"index": {"_index":"leo","_id":"2020691"}}
	{"id":2020691,"type":"buy","buyer":"singhcapital","seller":"leomaker","symbol":"LEO","quantity":"15.445","price":"0.35867200","timestamp":1637152752,"volume":"5.53968904","buyTxId":"1d12023c88658e6f835ae862eeed5cc17c36970e","sellTxId":"9eceeb78059ed7057a3eff060aef35ed08595351"}
{"index": {"_index":"leo","_id":"2020692"}}
	{"id":2020692,"type":"buy","buyer":"singhcapital","seller":"leomaker","symbol":"LEO","quantity":"12.926","price":"0.35868300","timestamp":1637152752,"volume":"4.63633646","buyTxId":"1d12023c88658e6f835ae862eeed5cc17c36970e","sellTxId":"f06cae6c64422b63d02f226b998d62a28433fef4"}
{"index": {"_index":"leo","_id":"2020693"}}
	{"id":2020693,"type":"buy","buyer":"singhcapital","seller":"brofi-market","symbol":"LEO","quantity":"0.274","price":"0.35868300","timestamp":1637152752,"volume":"0.09827914","buyTxId":"1d12023c88658e6f835ae862eeed5cc17c36970e","sellTxId":"e7358e422a0b03454fe808847702ad8e75638024"}
{"index": {"_index":"leo","_id":"2020694"}}
	{"id":2020694,"type":"buy","buyer":"singhcapital","seller":"brofi-market","symbol":"LEO","quantity":"0.001","price":"0.35868300","timestamp":1637152752,"volume":"0.00035868","buyTxId":"1d12023c88658e6f835ae862eeed5cc17c36970e","sellTxId":"f0f5f3c6e89bace2581d8143bccc7822ebab71b4"}
{"index": {"_index":"leo","_id":"2020695"}}
	{"id":2020695,"type":"buy","buyer":"singhcapital","seller":"matrixspinor","symbol":"LEO","quantity":"1.432","price":"0.35868300","timestamp":1637152752,"volume":"0.51363406","buyTxId":"1d12023c88658e6f835ae862eeed5cc17c36970e","sellTxId":"89b497c4cea0d8ac821f22ddb8945bcccf2e9e4a"}
{"index": {"_index":"leo","_id":"2020696"}}
	{"id":2020696,"type":"buy","buyer":"singhcapital","seller":"leomaker","symbol":"LEO","quantity":"15.176","price":"0.35869300","timestamp":1637152752,"volume":"5.44352497","buyTxId":"1d12023c88658e6f835ae862eeed5cc17c36970e","sellTxId":"cb9ba39521f5df7e927e655ce49cf764c83cf20a"}
{"index": {"_index":"leo","_id":"2020697"}}
	{"id":2020697,"type":"buy","buyer":"singhcapital","seller":"ripazha","symbol":"LEO","quantity":"2377.190","price":"0.35869415","timestamp":1637152752,"volume":"852.68414644","buyTxId":"1d12023c88658e6f835ae862eeed5cc17c36970e","sellTxId":"7d7bb2e835e2ba2d7c7431838d4a8da3082344ae-2"}
{"index": {"_index":"leo","_id":"2020698"}}
	{"id":2020698,"type":"buy","buyer":"singhcapital","seller":"ripazha","symbol":"LEO","quantity":"2603.684","price":"0.36350213","timestamp":1637152752,"volume":"946.44467985","buyTxId":"1d12023c88658e6f835ae862eeed5cc17c36970e","sellTxId":"b55caf9881833a76eba74c1384081c8b5a650546-2"}
{"index": {"_index":"leo","_id":"2020699"}}
	{"id":2020699,"type":"buy","buyer":"singhcapital","seller":"ripazha","symbol":"LEO","quantity":"1230.388","price":"0.36417830","timestamp":1637152752,"volume":"448.08090126","buyTxId":"1d12023c88658e6f835ae862eeed5cc17c36970e","sellTxId":"209326d0c14168def5c07302c0ec0900a94a22fa-2"}
{"index": {"_index":"leo","_id":"2020749"}}
	{"id":2020749,"type":"sell","buyer":"leomaker","seller":"elizabetamt","symbol":"LEO","quantity":"12.607","price":"0.24101100","timestamp":1637152995,"volume":"3.03842568","buyTxId":"557c0052f8cd1493b2ba5ad5683f779e6e4dc28d","sellTxId":"3fd1e9ebc00578900b7a1811b41d33a801454b35"}
{"index": {"_index":"leo","_id":"2021102"}}
	{"id":2021102,"type":"sell","buyer":"leomaker","seller":"steelthong","symbol":"LEO","quantity":"0.848","price":"0.24102000","timestamp":1637155485,"volume":"0.20438496","buyTxId":"f788272de00fe3b5c5e598c95a9d68ccfb414757","sellTxId":"67425463f80d471c64066bd577e1de95f7bcdd4e"}
{"index": {"_index":"leo","_id":"2021391"}}
	{"id":2021391,"type":"sell","buyer":"magicbeans","seller":"cryptonotes","symbol":"LEO","quantity":"1.388","price":"0.24102001","timestamp":1637156718,"volume":"0.33453577","buyTxId":"5081e6e9d6c90f7dea55956755a07ac883b101dd","sellTxId":"a619dbfa288eb82c2d85e4ba5e2086eb533b843f"}
{"index": {"_index":"leo","_id":"2021392"}}
	{"id":2021392,"type":"sell","buyer":"magicbeans","seller":"josediccus","symbol":"LEO","quantity":"1.612","price":"0.24102001","timestamp":1637156727,"volume":"0.38852426","buyTxId":"5081e6e9d6c90f7dea55956755a07ac883b101dd","sellTxId":"cf1b223f6582a2ef70dcfbae2a0aa29acb054aae"}
{"index": {"_index":"leo","_id":"2021399"}}
	{"id":2021399,"type":"buy","buyer":"master-lamps","seller":"josediccus","symbol":"LEO","quantity":"7.006","price":"0.24102001","timestamp":1637156757,"volume":"1.68858619","buyTxId":"42008d8d347d0b069415da1db6a77b4a29253620","sellTxId":"cf1b223f6582a2ef70dcfbae2a0aa29acb054aae"}
{"index": {"_index":"leo","_id":"2021400"}}
	{"id":2021400,"type":"buy","buyer":"master-lamps","seller":"only4fun","symbol":"LEO","quantity":"0.055","price":"0.24102001","timestamp":1637156757,"volume":"0.01325610","buyTxId":"42008d8d347d0b069415da1db6a77b4a29253620","sellTxId":"d7deacb1fd2e62126a770a294e099d15de6a4cce"}
{"index": {"_index":"leo","_id":"2021406"}}
	{"id":2021406,"type":"sell","buyer":"master-lamps","seller":"notesfortrader","symbol":"LEO","quantity":"0.230","price":"0.24102020","timestamp":1637156778,"volume":"0.05543465","buyTxId":"42008d8d347d0b069415da1db6a77b4a29253620","sellTxId":"706ca83df95eff46b917dffaa5103c341c3296c4"}
{"index": {"_index":"leo","_id":"2021438"}}
	{"id":2021438,"type":"sell","buyer":"master-lamps","seller":"alinalazareva","symbol":"LEO","quantity":"1.170","price":"0.24102020","timestamp":1637156985,"volume":"0.28199363","buyTxId":"42008d8d347d0b069415da1db6a77b4a29253620","sellTxId":"2834bbb6587e9d983c990b80b73944f2645c1225"}
{"index": {"_index":"leo","_id":"2021660"}}
	{"id":2021660,"type":"sell","buyer":"master-lamps","seller":"snackaholic","symbol":"LEO","quantity":"3.943","price":"0.24102020","timestamp":1637158761,"volume":"0.95034265","buyTxId":"42008d8d347d0b069415da1db6a77b4a29253620","sellTxId":"c6ffdfbe45633207c9d4e9f850ccd7f85a71d201"}
{"index": {"_index":"leo","_id":"2021819"}}
	{"id":2021819,"type":"sell","buyer":"master-lamps","seller":"jeniffer23","symbol":"LEO","quantity":"0.490","price":"0.24102020","timestamp":1637160390,"volume":"0.11809990","buyTxId":"42008d8d347d0b069415da1db6a77b4a29253620","sellTxId":"a39691b0e351d5bcc86aa4bb23811ab85ae32b02"}
{"index": {"_index":"leo","_id":"2021947"}}
	{"id":2021947,"type":"sell","buyer":"master-lamps","seller":"petrvl","symbol":"LEO","quantity":"0.550","price":"0.24102020","timestamp":1637161590,"volume":"0.13256111","buyTxId":"42008d8d347d0b069415da1db6a77b4a29253620","sellTxId":"018c4d7dad7b1592167230f59d6ad73e5c1eac63"}
{"index": {"_index":"leo","_id":"2022027"}}
	{"id":2022027,"type":"sell","buyer":"master-lamps","seller":"robmojo","symbol":"LEO","quantity":"15.456","price":"0.24102020","timestamp":1637161986,"volume":"3.72520821","buyTxId":"42008d8d347d0b069415da1db6a77b4a29253620","sellTxId":"8a5996cf7ba92902ecab66d63674d409a2d5b1bf"}
{"index": {"_index":"leo","_id":"2022028"}}
	{"id":2022028,"type":"sell","buyer":"leomaker","seller":"robmojo","symbol":"LEO","quantity":"11.544","price":"0.24102000","timestamp":1637161986,"volume":"2.78233488","buyTxId":"f788272de00fe3b5c5e598c95a9d68ccfb414757","sellTxId":"8a5996cf7ba92902ecab66d63674d409a2d5b1bf"}
{"index": {"_index":"leo","_id":"2022078"}}
	{"id":2022078,"type":"sell","buyer":"leomaker","seller":"stickupboys","symbol":"LEO","quantity":"0.238","price":"0.24102000","timestamp":1637162397,"volume":"0.05736276","buyTxId":"f788272de00fe3b5c5e598c95a9d68ccfb414757","sellTxId":"412fd4b9d32f8067430005bc1760be7788d53a13"}
{"index": {"_index":"leo","_id":"2022299"}}
	{"id":2022299,"type":"sell","buyer":"leomaker","seller":"robmojo","symbol":"LEO","quantity":"35","price":"0.24104200","timestamp":1637163870,"volume":"8.43647000","buyTxId":"d3602d4acb90057787827836ca875d27c258a3bd","sellTxId":"39d7fced578ac7c5c4cd330bbca926971073ccb4"}
{"index": {"_index":"leo","_id":"2022329"}}
	{"id":2022329,"type":"sell","buyer":"wildebunny","seller":"mein-senf-dazu","symbol":"LEO","quantity":"0.839","price":"0.24140000","timestamp":1637164104,"volume":"0.20253460","buyTxId":"2f658cea05bd7e05de648d04e14d3d79e229512a","sellTxId":"79d7ca813791388d4dda6db7337fd10be53c3d04"}
{"index": {"_index":"leo","_id":"2022388"}}
	{"id":2022388,"type":"sell","buyer":"leomaker","seller":"choof","symbol":"LEO","quantity":"2.510","price":"0.24140200","timestamp":1637164380,"volume":"0.60591902","buyTxId":"8f42811b3a4f4848bd714844db915ff2b3a02429","sellTxId":"01c6a57a0f4656f031b31af33e5ea5dabc29ccd4"}
{"index": {"_index":"leo","_id":"2022506"}}
	{"id":2022506,"type":"sell","buyer":"leomaker","seller":"globalcurrencies","symbol":"LEO","quantity":"167.605","price":"0.24140200","timestamp":1637164785,"volume":"40.46018221","buyTxId":"8f42811b3a4f4848bd714844db915ff2b3a02429","sellTxId":"9f072bd845bd32f8e3a51fd3c85612d6543d312f"}
{"index": {"_index":"leo","_id":"2022507"}}
	{"id":2022507,"type":"sell","buyer":"wildebunny","seller":"globalcurrencies","symbol":"LEO","quantity":"100.161","price":"0.24140000","timestamp":1637164785,"volume":"24.17886540","buyTxId":"2f658cea05bd7e05de648d04e14d3d79e229512a","sellTxId":"9f072bd845bd32f8e3a51fd3c85612d6543d312f"}
{"index": {"_index":"leo","_id":"2022508"}}
	{"id":2022508,"type":"sell","buyer":"leomaker","seller":"globalcurrencies","symbol":"LEO","quantity":"143.640","price":"0.24104200","timestamp":1637164785,"volume":"34.62327288","buyTxId":"d3602d4acb90057787827836ca875d27c258a3bd","sellTxId":"9f072bd845bd32f8e3a51fd3c85612d6543d312f"}
{"index": {"_index":"leo","_id":"2022509"}}
	{"id":2022509,"type":"sell","buyer":"badbitch","seller":"globalcurrencies","symbol":"LEO","quantity":"280.000","price":"0.24104000","timestamp":1637164785,"volume":"67.49120000","buyTxId":"4862f931b2bca0a34aa3beeaff3885c0dbff8378","sellTxId":"9f072bd845bd32f8e3a51fd3c85612d6543d312f"}
{"index": {"_index":"leo","_id":"2022510"}}
	{"id":2022510,"type":"sell","buyer":"peerfinance","seller":"globalcurrencies","symbol":"LEO","quantity":"1.600","price":"0.24103000","timestamp":1637164785,"volume":"0.38564800","buyTxId":"b42bf1e7e389f95e0289444bea6627fde09c14e5","sellTxId":"9f072bd845bd32f8e3a51fd3c85612d6543d312f"}
{"index": {"_index":"leo","_id":"2022511"}}
	{"id":2022511,"type":"sell","buyer":"leomaker","seller":"globalcurrencies","symbol":"LEO","quantity":"179.628","price":"0.24102000","timestamp":1637164785,"volume":"43.29394056","buyTxId":"f788272de00fe3b5c5e598c95a9d68ccfb414757","sellTxId":"9f072bd845bd32f8e3a51fd3c85612d6543d312f"}
{"index": {"_index":"leo","_id":"2022512"}}
	{"id":2022512,"type":"sell","buyer":"mushanov","seller":"globalcurrencies","symbol":"LEO","quantity":"200.000","price":"0.24101801","timestamp":1637164785,"volume":"48.20360200","buyTxId":"d741f2afe0e7180832a546e90f5b1d69d517acd6","sellTxId":"9f072bd845bd32f8e3a51fd3c85612d6543d312f"}
{"index": {"_index":"leo","_id":"2022513"}}
	{"id":2022513,"type":"sell","buyer":"leomaker","seller":"globalcurrencies","symbol":"LEO","quantity":"199.893","price":"0.24101800","timestamp":1637164785,"volume":"48.17781107","buyTxId":"e815d870b85d478890f0bcc6c495cb826a404d25","sellTxId":"9f072bd845bd32f8e3a51fd3c85612d6543d312f"}
{"index": {"_index":"leo","_id":"2022514"}}
	{"id":2022514,"type":"sell","buyer":"leomaker","seller":"globalcurrencies","symbol":"LEO","quantity":"210.170","price":"0.24101600","timestamp":1637164785,"volume":"50.65433272","buyTxId":"d045792492c6d73a6720bf91489cc2d68a2614e8","sellTxId":"9f072bd845bd32f8e3a51fd3c85612d6543d312f"}
{"index": {"_index":"leo","_id":"2022515"}}
	{"id":2022515,"type":"sell","buyer":"enginemaker","seller":"globalcurrencies","symbol":"LEO","quantity":"207.456","price":"0.24101500","timestamp":1637164785,"volume":"50.00000784","buyTxId":"MM-P-12271810-59258126-3-1-0","sellTxId":"9f072bd845bd32f8e3a51fd3c85612d6543d312f"}
{"index": {"_index":"leo","_id":"2022516"}}
	{"id":2022516,"type":"sell","buyer":"leomaker","seller":"globalcurrencies","symbol":"LEO","quantity":"219.064","price":"0.24101400","timestamp":1637164785,"volume":"52.79749090","buyTxId":"56e9b607ca5d8c13d4c24c8d8471ff63569e28d1","sellTxId":"9f072bd845bd32f8e3a51fd3c85612d6543d312f"}
{"index": {"_index":"leo","_id":"2022517"}}
	{"id":2022517,"type":"sell","buyer":"leomaker","seller":"globalcurrencies","symbol":"LEO","quantity":"90.783","price":"0.24101100","timestamp":1637164785,"volume":"21.87970161","buyTxId":"557c0052f8cd1493b2ba5ad5683f779e6e4dc28d","sellTxId":"9f072bd845bd32f8e3a51fd3c85612d6543d312f"}
{"index": {"_index":"leo","_id":"2022589"}}
	{"id":2022589,"type":"sell","buyer":"leomaker","seller":"ripazha","symbol":"LEO","quantity":"26.006","price":"0.24200200","timestamp":1637165289,"volume":"6.29350401","buyTxId":"08397022db1060cd4e6e401685abfa7f39b04fd5","sellTxId":"57cfc0ba0a08f924185638db8b33226d55ca6762-1"}
{"index": {"_index":"leo","_id":"2022671"}}
	{"id":2022671,"type":"sell","buyer":"leomaker","seller":"globalcurrencies","symbol":"LEO","quantity":"134.729","price":"0.24200200","timestamp":1637165928,"volume":"32.60468746","buyTxId":"08397022db1060cd4e6e401685abfa7f39b04fd5","sellTxId":"cd288c962c998e418a41babd256194caf0f5c755"}
{"index": {"_index":"leo","_id":"2022672"}}
	{"id":2022672,"type":"sell","buyer":"wildebunny","seller":"globalcurrencies","symbol":"LEO","quantity":"109.000","price":"0.24200000","timestamp":1637165928,"volume":"26.37800000","buyTxId":"3ef659c7961000d70ba5a6356398a2954c6242ea","sellTxId":"cd288c962c998e418a41babd256194caf0f5c755"}
{"index": {"_index":"leo","_id":"2022673"}}
	{"id":2022673,"type":"sell","buyer":"leomaker","seller":"globalcurrencies","symbol":"LEO","quantity":"124.582","price":"0.24101100","timestamp":1637165928,"volume":"30.02563240","buyTxId":"557c0052f8cd1493b2ba5ad5683f779e6e4dc28d","sellTxId":"cd288c962c998e418a41babd256194caf0f5c755"}
{"index": {"_index":"leo","_id":"2022674"}}
	{"id":2022674,"type":"sell","buyer":"leomaker","seller":"globalcurrencies","symbol":"LEO","quantity":"195.105","price":"0.24100800","timestamp":1637165928,"volume":"47.02186584","buyTxId":"0ee214b7e4876ce2c44fb601d71e62ce1a02dcbd","sellTxId":"cd288c962c998e418a41babd256194caf0f5c755"}
{"index": {"_index":"leo","_id":"2022675"}}
	{"id":2022675,"type":"sell","buyer":"leomaker","seller":"globalcurrencies","symbol":"LEO","quantity":"217.211","price":"0.24100500","timestamp":1637165928,"volume":"52.34893706","buyTxId":"8652ca8deb0f98c4616c1b505a53acb6f2d793c4","sellTxId":"cd288c962c998e418a41babd256194caf0f5c755"}
{"index": {"_index":"leo","_id":"2022676"}}
	{"id":2022676,"type":"sell","buyer":"leomaker","seller":"globalcurrencies","symbol":"LEO","quantity":"25.304","price":"0.24100200","timestamp":1637165928,"volume":"6.09831460","buyTxId":"0608035936ebf82d8399a21c2b435044bb99ca82","sellTxId":"cd288c962c998e418a41babd256194caf0f5c755"}
{"index": {"_index":"leo","_id":"2022677"}}
	{"id":2022677,"type":"sell","buyer":"leomaker","seller":"globalcurrencies","symbol":"LEO","quantity":"161.484","price":"0.24000200","timestamp":1637165928,"volume":"38.75648297","buyTxId":"4d9e4f4a1c79d36fce0ca1020d902bdd365a15ff","sellTxId":"cd288c962c998e418a41babd256194caf0f5c755"}
{"index": {"_index":"leo","_id":"2022678"}}
	{"id":2022678,"type":"buy","buyer":"genet","seller":"globalcurrencies","symbol":"LEO","quantity":"1032.585","price":"0.24000200","timestamp":1637165931,"volume":"247.82246517","buyTxId":"ebb337620ac90bd7acf010ed20a51e886ad95d66-0","sellTxId":"cd288c962c998e418a41babd256194caf0f5c755"}
{"index": {"_index":"leo","_id":"2022753"}}
	{"id":2022753,"type":"sell","buyer":"leomaker","seller":"ripazha","symbol":"LEO","quantity":"11.558","price":"0.24000200","timestamp":1637166267,"volume":"2.77394312","buyTxId":"fff36c88666209a260d9041281be38233c6c94bd","sellTxId":"196a2172ddd838d0962e3d9a642ec92830dfe03e-1"}
{"index": {"_index":"leo","_id":"2022787"}}
	{"id":2022787,"type":"sell","buyer":"leomaker","seller":"ripazha","symbol":"LEO","quantity":"5.137","price":"0.24000500","timestamp":1637166462,"volume":"1.23290569","buyTxId":"6cb149644c1e0766bffa53594893a3e535e71618","sellTxId":"efe790decb5ed4fc6f40da49d3da59b133941ee0-1"}
{"index": {"_index":"leo","_id":"2022814"}}
	{"id":2022814,"type":"sell","buyer":"leomaker","seller":"ripazha","symbol":"LEO","quantity":"2.283","price":"0.24000500","timestamp":1637166654,"volume":"0.54793142","buyTxId":"6cb149644c1e0766bffa53594893a3e535e71618","sellTxId":"fd0092813206cb86d121e2ebabea1efc72f7bbec-1"}
{"index": {"_index":"leo","_id":"2022818"}}
	{"id":2022818,"type":"sell","buyer":"wildebunny","seller":"globalcurrencies","symbol":"LEO","quantity":"440.000","price":"0.24100000","timestamp":1637166702,"volume":"106.04000000","buyTxId":"3965c412adcb3a1135f82f6e645485ed90545725","sellTxId":"6e112c616930817ac0a68f205deb14e40a0a72c3"}
{"index": {"_index":"leo","_id":"2022819"}}
	{"id":2022819,"type":"sell","buyer":"leomaker","seller":"globalcurrencies","symbol":"LEO","quantity":"151.039","price":"0.24000500","timestamp":1637166702,"volume":"36.25011519","buyTxId":"6cb149644c1e0766bffa53594893a3e535e71618","sellTxId":"6e112c616930817ac0a68f205deb14e40a0a72c3"}
{"index": {"_index":"leo","_id":"2022820"}}
	{"id":2022820,"type":"sell","buyer":"badbitch","seller":"globalcurrencies","symbol":"LEO","quantity":"300.000","price":"0.24000300","timestamp":1637166702,"volume":"72.00090000","buyTxId":"1c6a9942a64bd235ae2278a0cfd8ca9d062a4396","sellTxId":"6e112c616930817ac0a68f205deb14e40a0a72c3"}
{"index": {"_index":"leo","_id":"2022821"}}
	{"id":2022821,"type":"sell","buyer":"leomaker","seller":"globalcurrencies","symbol":"LEO","quantity":"152.861","price":"0.24000200","timestamp":1637166702,"volume":"36.68694572","buyTxId":"fff36c88666209a260d9041281be38233c6c94bd","sellTxId":"6e112c616930817ac0a68f205deb14e40a0a72c3"}
{"index": {"_index":"leo","_id":"2022822"}}
	{"id":2022822,"type":"sell","buyer":"leomaker","seller":"globalcurrencies","symbol":"LEO","quantity":"296.370","price":"0.23857900","timestamp":1637166702,"volume":"70.70765823","buyTxId":"8a3c94eb2ac6f394afb27ee840c1a738a3df047d","sellTxId":"6e112c616930817ac0a68f205deb14e40a0a72c3"}
{"index": {"_index":"leo","_id":"2022823"}}
	{"id":2022823,"type":"sell","buyer":"enginemaker","seller":"globalcurrencies","symbol":"LEO","quantity":"209.576","price":"0.23857700","timestamp":1637166702,"volume":"50.00001335","buyTxId":"MM-P-12272307-59258624-3-1-0","sellTxId":"6e112c616930817ac0a68f205deb14e40a0a72c3"}
{"index": {"_index":"leo","_id":"2022824"}}
	{"id":2022824,"type":"sell","buyer":"mushanov","seller":"globalcurrencies","symbol":"LEO","quantity":"100.000","price":"0.23857101","timestamp":1637166702,"volume":"23.85710100","buyTxId":"0fbad623db0e64fab648f74156851138d3348054","sellTxId":"6e112c616930817ac0a68f205deb14e40a0a72c3"}
{"index": {"_index":"leo","_id":"2022825"}}
	{"id":2022825,"type":"sell","buyer":"leomaker","seller":"globalcurrencies","symbol":"LEO","quantity":"307.462","price":"0.23857100","timestamp":1637166702,"volume":"73.35151680","buyTxId":"78dc6db3530a5d8dfe3e4b48daa7cfd0b65a80e8","sellTxId":"6e112c616930817ac0a68f205deb14e40a0a72c3"}
{"index": {"_index":"leo","_id":"2022826"}}
	{"id":2022826,"type":"sell","buyer":"mushanov","seller":"globalcurrencies","symbol":"LEO","quantity":"42.692","price":"0.23856901","timestamp":1637166702,"volume":"10.18498817","buyTxId":"eae3a69da2e7cce36414b0e800efeb2bfbd925cc","sellTxId":"6e112c616930817ac0a68f205deb14e40a0a72c3"}
{"index": {"_index":"leo","_id":"2022849"}}
	{"id":2022849,"type":"sell","buyer":"leomaker","seller":"ripazha","symbol":"LEO","quantity":"1.014","price":"0.24200200","timestamp":1637166846,"volume":"0.24539003","buyTxId":"6a5671fc1851d81a8e989fc2231aa57f4ce7ad6a","sellTxId":"e46b046ac54937b9c97364562f61c281d2f324b3-1"}
{"index": {"_index":"leo","_id":"2022890"}}
	{"id":2022890,"type":"sell","buyer":"leomaker","seller":"ripazha","symbol":"LEO","quantity":"1.014","price":"0.24200200","timestamp":1637167041,"volume":"0.24539003","buyTxId":"6a5671fc1851d81a8e989fc2231aa57f4ce7ad6a","sellTxId":"38b21bbd6f84d4171cab680acd4888dd4bfc59ec-2"}
{"index": {"_index":"leo","_id":"2022917"}}
	{"id":2022917,"type":"sell","buyer":"leomaker","seller":"votebetting","symbol":"LEO","quantity":"0.116","price":"0.24200500","timestamp":1637167215,"volume":"0.02807258","buyTxId":"fe2e366f4d5f29bcec79112b76a0c72b02405f7e","sellTxId":"fa09018be6987f18b64fb03341eafe93003802ea"}
{"index": {"_index":"leo","_id":"2022919"}}
	{"id":2022919,"type":"sell","buyer":"leomaker","seller":"ripazha","symbol":"LEO","quantity":"0.451","price":"0.24200500","timestamp":1637167236,"volume":"0.10914426","buyTxId":"fe2e366f4d5f29bcec79112b76a0c72b02405f7e","sellTxId":"789bb168fb61cdce9ad43d44776b9ef0de9a36ce-1"}
{"index": {"_index":"leo","_id":"2022961"}}
	{"id":2022961,"type":"sell","buyer":"leomaker","seller":"ripazha","symbol":"LEO","quantity":"0.451","price":"0.24200500","timestamp":1637167428,"volume":"0.10914426","buyTxId":"fe2e366f4d5f29bcec79112b76a0c72b02405f7e","sellTxId":"35d4eac9949c4a459e4493c9525e301ef4bc6fbc-2"}
{"index": {"_index":"leo","_id":"2022968"}}
	{"id":2022968,"type":"sell","buyer":"leomaker","seller":"jphamer1","symbol":"LEO","quantity":"65.153","price":"0.24200500","timestamp":1637167476,"volume":"15.76735177","buyTxId":"fe2e366f4d5f29bcec79112b76a0c72b02405f7e","sellTxId":"8d7443b07e7fbff5046f8b13d74f8aac57433c0a"}
{"index": {"_index":"leo","_id":"2023193"}}
	{"id":2023193,"type":"sell","buyer":"leomaker","seller":"ripazha","symbol":"LEO","quantity":"0.201","price":"0.24200500","timestamp":1637168601,"volume":"0.04864301","buyTxId":"fe2e366f4d5f29bcec79112b76a0c72b02405f7e","sellTxId":"9e48f04d836f23e349b769fd454d6051fed6aa6d-1"}
{"index": {"_index":"leo","_id":"2023200"}}
	{"id":2023200,"type":"buy","buyer":"flamingllamas","seller":"magicbeans","symbol":"LEO","quantity":"3.000","price":"0.29999799","timestamp":1637168670,"volume":"0.89999397","buyTxId":"01dde3493a2078c13a617d7167546bc81304cf52","sellTxId":"f1dfc560acab7f9a2a8728be8f0ddbadb53b641f"}
{"index": {"_index":"leo","_id":"2023201"}}
	{"id":2023201,"type":"buy","buyer":"flamingllamas","seller":"master-lamps","symbol":"LEO","quantity":"12.436","price":"0.29999800","timestamp":1637168670,"volume":"3.73077513","buyTxId":"01dde3493a2078c13a617d7167546bc81304cf52","sellTxId":"5fab665e0ade1554679ca5779558050be537bd7f"}
{"index": {"_index":"leo","_id":"2023202"}}
	{"id":2023202,"type":"buy","buyer":"flamingllamas","seller":"leomaker","symbol":"LEO","quantity":"29.446","price":"0.30000000","timestamp":1637168670,"volume":"8.83380000","buyTxId":"01dde3493a2078c13a617d7167546bc81304cf52","sellTxId":"2e6d2fe7874f3ebcdf3cfbe8a6ae5ac8e4b21a79"}
{"index": {"_index":"leo","_id":"2023203"}}
	{"id":2023203,"type":"buy","buyer":"flamingllamas","seller":"enginemaker","symbol":"LEO","quantity":"26.376","price":"0.30119000","timestamp":1637168670,"volume":"7.94443090","buyTxId":"01dde3493a2078c13a617d7167546bc81304cf52","sellTxId":"MM-P-12273104-59259421-3-1-1"}
{"index": {"_index":"leo","_id":"2023210"}}
	{"id":2023210,"type":"sell","buyer":"leomaker","seller":"flamingllamas","symbol":"LEO","quantity":"67.702","price":"0.24200500","timestamp":1637168730,"volume":"16.38422251","buyTxId":"fe2e366f4d5f29bcec79112b76a0c72b02405f7e","sellTxId":"211d2fe18f594226e6e42c1a2888edd9716e53da"}
{"index": {"_index":"leo","_id":"2023211"}}
	{"id":2023211,"type":"sell","buyer":"badbitch","seller":"flamingllamas","symbol":"LEO","quantity":"3.556","price":"0.24200300","timestamp":1637168730,"volume":"0.86056267","buyTxId":"ad360af18b1b199dcd8e39954fccb8e0685c264e","sellTxId":"211d2fe18f594226e6e42c1a2888edd9716e53da"}
{"index": {"_index":"leo","_id":"2023218"}}
	{"id":2023218,"type":"sell","buyer":"leomaker","seller":"ripazha","symbol":"LEO","quantity":"0.089","price":"0.24200500","timestamp":1637168796,"volume":"0.02153845","buyTxId":"74e24be5aba13177d41b4d573fd8602743b2304d","sellTxId":"d6d87810492e7b2146169d2e7a96043342a91063-1"}
{"index": {"_index":"leo","_id":"2023242"}}
	{"id":2023242,"type":"sell","buyer":"leomaker","seller":"automaton","symbol":"LEO","quantity":"0.902","price":"0.24200500","timestamp":1637168901,"volume":"0.21828851","buyTxId":"74e24be5aba13177d41b4d573fd8602743b2304d","sellTxId":"96bc74fb547210038007104f24be044fac2fb076"}
{"index": {"_index":"leo","_id":"2023318"}}
	{"id":2023318,"type":"sell","buyer":"magicbeans","seller":"brasan","symbol":"LEO","quantity":"0.115","price":"0.24200501","timestamp":1637169432,"volume":"0.02783058","buyTxId":"d39ddaa6412273e790e86d5cb3e7b99bc5cb8647","sellTxId":"39b217f9e12f2e10c140ec5f97f390d062d01cb9"}
{"index": {"_index":"leo","_id":"2023320"}}
	{"id":2023320,"type":"sell","buyer":"magicbeans","seller":"deathwing","symbol":"LEO","quantity":"1.83","price":"0.24200501","timestamp":1637169441,"volume":"0.44286917","buyTxId":"d39ddaa6412273e790e86d5cb3e7b99bc5cb8647","sellTxId":"09f846fc0a9ebd496185b5d286700762e25ee6d8"}
{"index": {"_index":"leo","_id":"2023367"}}
	{"id":2023367,"type":"buy","buyer":"oldtimer","seller":"leomaker","symbol":"LEO","quantity":"66.638","price":"0.30099900","timestamp":1637169702,"volume":"20.05797136","buyTxId":"f7c7e7e057cb09a61fd60d09c6fcaecbe6143473","sellTxId":"0226e78028da483d97bb321e4467682128ec306b"}
{"index": {"_index":"leo","_id":"2023368"}}
	{"id":2023368,"type":"buy","buyer":"oldtimer","seller":"meesterboom","symbol":"LEO","quantity":"10.048","price":"0.30100000","timestamp":1637169702,"volume":"3.02444800","buyTxId":"f7c7e7e057cb09a61fd60d09c6fcaecbe6143473","sellTxId":"3dad3c885677e2f3bb84b89d1811347917622605"}
{"index": {"_index":"leo","_id":"2023369"}}
	{"id":2023369,"type":"buy","buyer":"oldtimer","seller":"meesterleo","symbol":"LEO","quantity":"14.611","price":"0.30100000","timestamp":1637169702,"volume":"4.39791100","buyTxId":"f7c7e7e057cb09a61fd60d09c6fcaecbe6143473","sellTxId":"700749d53aeba56f545a071d3947c9a1b414c310"}
{"index": {"_index":"leo","_id":"2023370"}}
	{"id":2023370,"type":"buy","buyer":"oldtimer","seller":"leomaker","symbol":"LEO","quantity":"64.803","price":"0.30118900","timestamp":1637169702,"volume":"19.51795077","buyTxId":"f7c7e7e057cb09a61fd60d09c6fcaecbe6143473","sellTxId":"8c885a5cfcca1f9061c2fc19904cfb0f9dbe4557"}
{"index": {"_index":"leo","_id":"2023483"}}
	{"id":2023483,"type":"sell","buyer":"magicbeans","seller":"yeninsfer","symbol":"LEO","quantity":"1.055","price":"0.24200501","timestamp":1637170428,"volume":"0.25531528","buyTxId":"d39ddaa6412273e790e86d5cb3e7b99bc5cb8647","sellTxId":"44f0cff14ea60996294311b61aedbbd3885851b1"}
{"index": {"_index":"leo","_id":"2023552"}}
	{"id":2023552,"type":"buy","buyer":"mushanov","seller":"yeninsfer","symbol":"LEO","quantity":"1.065","price":"0.24200501","timestamp":1637170794,"volume":"0.25773534","buyTxId":"d7376009f95a7a006d8e8f12bd75cbf59b31464c","sellTxId":"44f0cff14ea60996294311b61aedbbd3885851b1"}
{"index": {"_index":"leo","_id":"2023553"}}
	{"id":2023553,"type":"buy","buyer":"mushanov","seller":"pieternijmeijer","symbol":"LEO","quantity":"0.035","price":"0.24201000","timestamp":1637170794,"volume":"0.00847035","buyTxId":"d7376009f95a7a006d8e8f12bd75cbf59b31464c","sellTxId":"25f202f6af6c5fa6ef1322feaed3badfebacf9b6"}
{"index": {"_index":"leo","_id":"2023554"}}
	{"id":2023554,"type":"sell","buyer":"leomaker","seller":"globalcurrencies","symbol":"LEO","quantity":"129.150","price":"0.24200500","timestamp":1637170803,"volume":"31.25494575","buyTxId":"74e24be5aba13177d41b4d573fd8602743b2304d","sellTxId":"229a8c0008b8868fc999e1a92f98faa1fdacf3f6"}
{"index": {"_index":"leo","_id":"2023555"}}
	{"id":2023555,"type":"sell","buyer":"leomaker","seller":"globalcurrencies","symbol":"LEO","quantity":"136.812","price":"0.24200200","timestamp":1637170803,"volume":"33.10877762","buyTxId":"6a5671fc1851d81a8e989fc2231aa57f4ce7ad6a","sellTxId":"229a8c0008b8868fc999e1a92f98faa1fdacf3f6"}
{"index": {"_index":"leo","_id":"2023556"}}
	{"id":2023556,"type":"sell","buyer":"wildebunny","seller":"globalcurrencies","symbol":"LEO","quantity":"455.000","price":"0.24200000","timestamp":1637170803,"volume":"110.11000000","buyTxId":"a94b5a4b5845d567891a03682c930f92f3266fba","sellTxId":"229a8c0008b8868fc999e1a92f98faa1fdacf3f6"}
{"index": {"_index":"leo","_id":"2023557"}}
	{"id":2023557,"type":"buy","buyer":"genet","seller":"globalcurrencies","symbol":"LEO","quantity":"1279.038","price":"0.24200000","timestamp":1637170806,"volume":"309.52719600","buyTxId":"944b4029202600435896babb1382771ac1a37411-0","sellTxId":"229a8c0008b8868fc999e1a92f98faa1fdacf3f6"}
{"index": {"_index":"leo","_id":"2023571"}}
	{"id":2023571,"type":"buy","buyer":"mushanov","seller":"pieternijmeijer","symbol":"LEO","quantity":"0.009","price":"0.24201000","timestamp":1637170917,"volume":"0.00217809","buyTxId":"fb4b325f6a648041968d6f5cc7df8805ac2c252a","sellTxId":"25f202f6af6c5fa6ef1322feaed3badfebacf9b6"}
{"index": {"_index":"leo","_id":"2023572"}}
	{"id":2023572,"type":"buy","buyer":"mushanov","seller":"leomaker","symbol":"LEO","quantity":"1.585","price":"0.30118900","timestamp":1637170917,"volume":"0.47738457","buyTxId":"fb4b325f6a648041968d6f5cc7df8805ac2c252a","sellTxId":"8c885a5cfcca1f9061c2fc19904cfb0f9dbe4557"}
{"index": {"_index":"leo","_id":"2023573"}}
	{"id":2023573,"type":"buy","buyer":"mushanov","seller":"enginemaker","symbol":"LEO","quantity":"298.406","price":"0.30119000","timestamp":1637170917,"volume":"89.87690314","buyTxId":"fb4b325f6a648041968d6f5cc7df8805ac2c252a","sellTxId":"MM-P-12273104-59259421-3-1-1"}
{"index": {"_index":"leo","_id":"2023620"}}
	{"id":2023620,"type":"sell","buyer":"leomaker","seller":"meta.condeas","symbol":"LEO","quantity":"83.000","price":"0.24100500","timestamp":1637171142,"volume":"20.00341500","buyTxId":"4fdafff47d80942f62cd9644069dbd55cedd9d70","sellTxId":"2853b52fbcf124c9a9586f8e5d8493a26619e98b"}
{"index": {"_index":"leo","_id":"2023856"}}
	{"id":2023856,"type":"buy","buyer":"peerfinance","seller":"leomaker","symbol":"LEO","quantity":"1.800","price":"0.25999900","timestamp":1637172723,"volume":"0.46799820","buyTxId":"5b40baacecfa4d8d8f09f6976d176e9382454e0c","sellTxId":"f5c203ef10e1964f5b36472152adc28b0d43bd2a"}
{"index": {"_index":"leo","_id":"2023928"}}
	{"id":2023928,"type":"buy","buyer":"diverse","seller":"leomaker","symbol":"LEO","quantity":"40.770","price":"0.25999900","timestamp":1637173419,"volume":"10.60015923","buyTxId":"67f75bc855fb9f0525454b5e185e3e37643988fd","sellTxId":"f5c203ef10e1964f5b36472152adc28b0d43bd2a"}
{"index": {"_index":"leo","_id":"2023938"}}
	{"id":2023938,"type":"sell","buyer":"leomaker","seller":"archon-drips","symbol":"LEO","quantity":"0.003","price":"0.24100500","timestamp":1637173527,"volume":"0.00072302","buyTxId":"4fdafff47d80942f62cd9644069dbd55cedd9d70","sellTxId":"63aea0401b5acbfedd4461abbafa296b475ef17a"}
{"index": {"_index":"leo","_id":"2024077"}}
	{"id":2024077,"type":"sell","buyer":"leomaker","seller":"numanbutt","symbol":"LEO","quantity":"18.346","price":"0.24100500","timestamp":1637174484,"volume":"4.42147773","buyTxId":"4fdafff47d80942f62cd9644069dbd55cedd9d70","sellTxId":"a0886c17b54a6a9cdaf763206cf6713a04eaec89"}
{"index": {"_index":"leo","_id":"2024178"}}
	{"id":2024178,"type":"sell","buyer":"leomaker","seller":"acesontop","symbol":"LEO","quantity":"33.063","price":"0.24100500","timestamp":1637175213,"volume":"7.96834831","buyTxId":"4fdafff47d80942f62cd9644069dbd55cedd9d70","sellTxId":"6e72dc283304325a382c6b6365c68a291743c953"}
{"index": {"_index":"leo","_id":"2024179"}}
	{"id":2024179,"type":"sell","buyer":"leomaker","seller":"acesontop","symbol":"LEO","quantity":"30.937","price":"0.24100200","timestamp":1637175213,"volume":"7.45587887","buyTxId":"523b469d2fcc222cab3baa5acf3767705726354b","sellTxId":"6e72dc283304325a382c6b6365c68a291743c953"}
{"index": {"_index":"leo","_id":"2024287"}}
	{"id":2024287,"type":"sell","buyer":"leomaker","seller":"lammbock","symbol":"LEO","quantity":"0.481","price":"0.24100200","timestamp":1637175750,"volume":"0.11592196","buyTxId":"523b469d2fcc222cab3baa5acf3767705726354b","sellTxId":"88092804356252cfe778009361a038395bb8a8cf"}
{"index": {"_index":"leo","_id":"2024352"}}
	{"id":2024352,"type":"sell","buyer":"leomaker","seller":"silvertop","symbol":"LEO","quantity":"10.349","price":"0.24100200","timestamp":1637176170,"volume":"2.49412970","buyTxId":"523b469d2fcc222cab3baa5acf3767705726354b","sellTxId":"6b114ce2f8cb29fa9c7b3ce143952a3b0665d130"}
{"index": {"_index":"leo","_id":"2024451"}}
	{"id":2024451,"type":"sell","buyer":"leomaker","seller":"revisesociology","symbol":"LEO","quantity":"60.000","price":"0.24100200","timestamp":1637176800,"volume":"14.46012000","buyTxId":"523b469d2fcc222cab3baa5acf3767705726354b","sellTxId":"346399529de7f5b22d9e5a0098ea48330fe58ae5"}
{"index": {"_index":"leo","_id":"2024507"}}
	{"id":2024507,"type":"sell","buyer":"leomaker","seller":"stevenwood","symbol":"LEO","quantity":"0.040","price":"0.24100200","timestamp":1637177178,"volume":"0.00964008","buyTxId":"523b469d2fcc222cab3baa5acf3767705726354b","sellTxId":"039174408197ccd39e97e5eff77c5531594f3d34"}
{"index": {"_index":"leo","_id":"2024671"}}
	{"id":2024671,"type":"buy","buyer":"jk6276","seller":"leomaker","symbol":"LEO","quantity":"60.810","price":"0.24899800","timestamp":1637178462,"volume":"15.14156838","buyTxId":"f31bdc4718e341d5f04caf37765b2ae0031e0681","sellTxId":"6f30d5daadb54bdcc4b5a0fa6d4d42421ec5b660"}
{"index": {"_index":"leo","_id":"2024672"}}
	{"id":2024672,"type":"buy","buyer":"jk6276","seller":"jelly13","symbol":"LEO","quantity":"91.801","price":"0.24899949","timestamp":1637178462,"volume":"22.85840218","buyTxId":"f31bdc4718e341d5f04caf37765b2ae0031e0681","sellTxId":"cceea8ba85225a8677723ec6187d5b0c812a800a"}
{"index": {"_index":"leo","_id":"2024724"}}
	{"id":2024724,"type":"sell","buyer":"leomaker","seller":"cccf","symbol":"LEO","quantity":"0.455","price":"0.24100200","timestamp":1637179002,"volume":"0.10965591","buyTxId":"523b469d2fcc222cab3baa5acf3767705726354b","sellTxId":"d867cbec0d41daa974eeb405de9f9ca3e1a912a2"}
{"index": {"_index":"leo","_id":"2024776"}}
	{"id":2024776,"type":"sell","buyer":"leomaker","seller":"fxanalista","symbol":"LEO","quantity":"45.995","price":"0.24100200","timestamp":1637179398,"volume":"11.08488699","buyTxId":"523b469d2fcc222cab3baa5acf3767705726354b","sellTxId":"d31f18e401d856c19339e571999534592448bdda"}
{"index": {"_index":"leo","_id":"2024777"}}
	{"id":2024777,"type":"sell","buyer":"enginemaker","seller":"fxanalista","symbol":"LEO","quantity":"6.837","price":"0.23857700","timestamp":1637179398,"volume":"1.63115095","buyTxId":"MM-P-12273104-59259421-3-1-0","sellTxId":"d31f18e401d856c19339e571999534592448bdda"}
{"index": {"_index":"leo","_id":"2024843"}}
	{"id":2024843,"type":"sell","buyer":"enginemaker","seller":"dannewton","symbol":"LEO","quantity":"5.324","price":"0.23857700","timestamp":1637179812,"volume":"1.27018395","buyTxId":"MM-P-12273104-59259421-3-1-0","sellTxId":"9f209ba0eed6ce3124b418fd6608c38d6b93958c"}
{"index": {"_index":"leo","_id":"2024891"}}
	{"id":2024891,"type":"sell","buyer":"leomaker","seller":"cliffagreen","symbol":"LEO","quantity":"0.416","price":"0.23857900","timestamp":1637180085,"volume":"0.09924886","buyTxId":"f3ff1d43126b4cf902f21915a5130f004f19e98f","sellTxId":"401cf56018b7b81cb8a3393ff25448d48ef86ced"}
{"index": {"_index":"leo","_id":"2024945"}}
	{"id":2024945,"type":"sell","buyer":"leomaker","seller":"josediccus","symbol":"LEO","quantity":"10.000","price":"0.23857900","timestamp":1637180451,"volume":"2.38579000","buyTxId":"f3ff1d43126b4cf902f21915a5130f004f19e98f","sellTxId":"be3a6c653813385208d9f260a99ec2359a8efdbb"}
{"index": {"_index":"leo","_id":"2024960"}}
	{"id":2024960,"type":"sell","buyer":"leomaker","seller":"jjprac","symbol":"LEO","quantity":"6.073","price":"0.23857900","timestamp":1637180553,"volume":"1.44889027","buyTxId":"f3ff1d43126b4cf902f21915a5130f004f19e98f","sellTxId":"35d88c3b8ea3d6e1597fb6ee84233e39176c8ff2"}
{"index": {"_index":"leo","_id":"2024985"}}
	{"id":2024985,"type":"sell","buyer":"leomaker","seller":"archon-drips","symbol":"LEO","quantity":"0.001","price":"0.23857900","timestamp":1637180718,"volume":"0.00023858","buyTxId":"f3ff1d43126b4cf902f21915a5130f004f19e98f","sellTxId":"607a435ea3b95e0e1300f71e9547b54b362c8268"}
{"index": {"_index":"leo","_id":"2025320"}}
	{"id":2025320,"type":"sell","buyer":"leomaker","seller":"agnesyt","symbol":"LEO","quantity":"1.100","price":"0.23857900","timestamp":1637183241,"volume":"0.26243690","buyTxId":"f3ff1d43126b4cf902f21915a5130f004f19e98f","sellTxId":"ad88f9a059f5abb693315433a2f7a81571306788"}
{"index": {"_index":"leo","_id":"2025397"}}
	{"id":2025397,"type":"sell","buyer":"leomaker","seller":"edkarnie","symbol":"LEO","quantity":"20.000","price":"0.23857900","timestamp":1637184219,"volume":"4.77158000","buyTxId":"f3ff1d43126b4cf902f21915a5130f004f19e98f","sellTxId":"66fb51cc833f79102c989481afba5bacebb6b5b8"}
{"index": {"_index":"leo","_id":"2025400"}}
	{"id":2025400,"type":"sell","buyer":"leomaker","seller":"razam","symbol":"LEO","quantity":"0.001","price":"0.23857900","timestamp":1637184255,"volume":"0.00023858","buyTxId":"f3ff1d43126b4cf902f21915a5130f004f19e98f","sellTxId":"996f4b580360392ffa0d5e008bd0c43160d67a59"}
{"index": {"_index":"leo","_id":"2025512"}}
	{"id":2025512,"type":"sell","buyer":"leomaker","seller":"andyblack","symbol":"LEO","quantity":"4.439","price":"0.23857900","timestamp":1637185317,"volume":"1.05905218","buyTxId":"f3ff1d43126b4cf902f21915a5130f004f19e98f","sellTxId":"c0a5c64ad7de58574b8bfe28bee808f9f940e664"}
{"index": {"_index":"leo","_id":"2026084"}}
	{"id":2026084,"type":"sell","buyer":"leomaker","seller":"uyobong","symbol":"LEO","quantity":"40.824","price":"0.23857900","timestamp":1637191629,"volume":"9.73974910","buyTxId":"f3ff1d43126b4cf902f21915a5130f004f19e98f","sellTxId":"20065f7d66cb9473ba6a9740c4dbc54d0f34f65a"}
{"index": {"_index":"leo","_id":"2026168"}}
	{"id":2026168,"type":"buy","buyer":"jimmy.adames","seller":"preparedwombat","symbol":"LEO","quantity":"9.479","price":"0.24890000","timestamp":1637192283,"volume":"2.35932310","buyTxId":"4543ad3fd7e373168a6bc960200fbb567acc7867","sellTxId":"05ca88e2f95be2a539de2b00ba6c8f08f612ea31"}
{"index": {"_index":"leo","_id":"2026169"}}
	{"id":2026169,"type":"sell","buyer":"jimmy.adames","seller":"svirus","symbol":"LEO","quantity":"30.520","price":"0.24890000","timestamp":1637192286,"volume":"7.59642800","buyTxId":"4543ad3fd7e373168a6bc960200fbb567acc7867","sellTxId":"7fb38a6f3e5c29e81a2d36ba3acb45d1fd21356c-1"}
{"index": {"_index":"leo","_id":"2026170"}}
	{"id":2026170,"type":"sell","buyer":"jimmy.adames","seller":"konvik","symbol":"LEO","quantity":"0.001","price":"0.24890000","timestamp":1637192286,"volume":"0.00024890","buyTxId":"4543ad3fd7e373168a6bc960200fbb567acc7867","sellTxId":"38b4f33f9e0309585e09f31fcca59dbcbc00cc7f-1"}
{"index": {"_index":"leo","_id":"2026583"}}
	{"id":2026583,"type":"buy","buyer":"marvinix","seller":"leomaker","symbol":"LEO","quantity":"7.333","price":"0.24399800","timestamp":1637195637,"volume":"1.7893","buyTxId":"67ed3e10cc0b7dbf6b1fba8c9fec5fcc14e89a2d","sellTxId":"c6d97ea0538ae4875dd2051b7280369851b837c9"}
{"index": {"_index":"leo","_id":"2026801"}}
	{"id":2026801,"type":"sell","buyer":"leomaker","seller":"melbourneswest","symbol":"LEO","quantity":"14.335","price":"0.23857900","timestamp":1637197575,"volume":"3.42002997","buyTxId":"f3ff1d43126b4cf902f21915a5130f004f19e98f","sellTxId":"94bd687374ad9ae8f2df469a99ce96f6fcc42ce4"}
{"index": {"_index":"leo","_id":"2026807"}}
	{"id":2026807,"type":"sell","buyer":"leomaker","seller":"paulmoon410","symbol":"LEO","quantity":"0.585","price":"0.23857900","timestamp":1637197620,"volume":"0.13956872","buyTxId":"f3ff1d43126b4cf902f21915a5130f004f19e98f","sellTxId":"5fc60ea5c026598d89bcd41fe2f968083b9a8189"}
{"index": {"_index":"leo","_id":"2026904"}}
	{"id":2026904,"type":"sell","buyer":"leomaker","seller":"mariela53","symbol":"LEO","quantity":"1.258","price":"0.23857900","timestamp":1637198397,"volume":"0.30013238","buyTxId":"f3ff1d43126b4cf902f21915a5130f004f19e98f","sellTxId":"a73de83b8ca0c207fd8f4b34f2256fca8a38edfa"}
{"index": {"_index":"leo","_id":"2027300"}}
	{"id":2027300,"type":"buy","buyer":"failingforwards","seller":"leomaker","symbol":"LEO","quantity":"5.900","price":"0.24399800","timestamp":1637201727,"volume":"1.43958820","buyTxId":"660ca7b0af006ae53b83df3d848ed849c59b5c7f","sellTxId":"c6d97ea0538ae4875dd2051b7280369851b837c9"}
{"index": {"_index":"leo","_id":"2027432"}}
	{"id":2027432,"type":"sell","buyer":"mmrx","seller":"nityabusiness100","symbol":"LEO","quantity":"8.326","price":"0.23858101","timestamp":1637203602,"volume":"1.98642549","buyTxId":"MM-P-12284964-59271282-3-38-0","sellTxId":"7cef2e696966394a79f7a7473fdec2f7cd4e3076"}
{"index": {"_index":"leo","_id":"2027544"}}
	{"id":2027544,"type":"sell","buyer":"mmrx","seller":"mattsanthonyit","symbol":"LEO","quantity":"4.421","price":"0.23858101","timestamp":1637204427,"volume":"1.05476665","buyTxId":"MM-P-12284964-59271282-3-38-0","sellTxId":"b186b3f8debe0d00463d1662666d87a48541a936"}
{"index": {"_index":"leo","_id":"2027803"}}
	{"id":2027803,"type":"buy","buyer":"jk6276","seller":"mmrx","symbol":"LEO","quantity":"8.326","price":"0.24399799","timestamp":1637206440,"volume":"2.03152726","buyTxId":"96e25a80956b646e1275ec50f8372f1e9c565923","sellTxId":"MM-P-12285164-59271482-3-38-0"}
{"index": {"_index":"leo","_id":"2027804"}}
	{"id":2027804,"type":"buy","buyer":"jk6276","seller":"leomaker","symbol":"LEO","quantity":"30.206","price":"0.24399800","timestamp":1637206440,"volume":"7.37020359","buyTxId":"96e25a80956b646e1275ec50f8372f1e9c565923","sellTxId":"c6d97ea0538ae4875dd2051b7280369851b837c9"}
{"index": {"_index":"leo","_id":"2027805"}}
	{"id":2027805,"type":"buy","buyer":"jk6276","seller":"toofasteddie","symbol":"LEO","quantity":"9.136","price":"0.24899939","timestamp":1637206440,"volume":"2.27485843","buyTxId":"96e25a80956b646e1275ec50f8372f1e9c565923","sellTxId":"f8b2778f86b86f0d59744e81cfe92b4e8c89d853"}
{"index": {"_index":"leo","_id":"2027806"}}
	{"id":2027806,"type":"buy","buyer":"jk6276","seller":"andy-plays","symbol":"LEO","quantity":"0.371","price":"0.24899939","timestamp":1637206440,"volume":"0.09237877","buyTxId":"96e25a80956b646e1275ec50f8372f1e9c565923","sellTxId":"bb9195831377231dbec5a7778b50367e144ac82f"}
{"index": {"_index":"leo","_id":"2027807"}}
	{"id":2027807,"type":"buy","buyer":"jk6276","seller":"archon-drips","symbol":"LEO","quantity":"0.001","price":"0.24899949","timestamp":1637206440,"volume":"0.00024900","buyTxId":"96e25a80956b646e1275ec50f8372f1e9c565923","sellTxId":"1f947320044fe82e342e9f822562b1e08fab4043"}
{"index": {"_index":"leo","_id":"2027808"}}
	{"id":2027808,"type":"buy","buyer":"jk6276","seller":"jelly13","symbol":"LEO","quantity":"54.000","price":"0.24996349","timestamp":1637206440,"volume":"13.49802846","buyTxId":"96e25a80956b646e1275ec50f8372f1e9c565923","sellTxId":"0863f56c20bf2b7674de7466ed246d546e836f36"}
{"index": {"_index":"leo","_id":"2027809"}}
	{"id":2027809,"type":"buy","buyer":"jk6276","seller":"leomaker","symbol":"LEO","quantity":"42.540","price":"0.24996400","timestamp":1637206440,"volume":"10.63346856","buyTxId":"96e25a80956b646e1275ec50f8372f1e9c565923","sellTxId":"263ebca47c974c762850ad6f5fc9bf8d816e25ec"}
{"index": {"_index":"leo","_id":"2027810"}}
	{"id":2027810,"type":"buy","buyer":"jk6276","seller":"enginemaker","symbol":"LEO","quantity":"18.463","price":"0.24996549","timestamp":1637206440,"volume":"4.61528593","buyTxId":"96e25a80956b646e1275ec50f8372f1e9c565923","sellTxId":"MM-P-12280578-59266896-3-1-0"}
