{"id":1552767,"type":"sell","buyer":"solovey6o2","seller":"syllem","symbol":"LEO","quantity":"50.000","price":"0.33470094","timestamp":1632106206,"volume":"16.73504700","buyTxId":"8038dfaf34999545d774f472604131e9e11b43a0","sellTxId":"aca9d03a9fed29cd197d74d56f1f1bfb59669be0"
{"id":1552891,"type":"sell","buyer":"solovey6o2","seller":"brettpullen","symbol":"LEO","quantity":"100.000","price":"0.33470094","timestamp":1632108336,"volume":"33.47009400","buyTxId":"8038dfaf34999545d774f472604131e9e11b43a0","sellTxId":"c40a7c600c2b7c9080445b26253f951177c88ad4"
{"id":1552998,"type":"sell","buyer":"solovey6o2","seller":"michjazz","symbol":"LEO","quantity":"0.441","price":"0.33470094","timestamp":1632110115,"volume":"0.14760311","buyTxId":"8038dfaf34999545d774f472604131e9e11b43a0","sellTxId":"eb5160f03eb948009a14c68a58d43f0f436fcfe7"
{"id":1553008,"type":"sell","buyer":"solovey6o2","seller":"kolbjorn","symbol":"LEO","quantity":"32.471","price":"0.33470094","timestamp":1632110502,"volume":"10.86807422","buyTxId":"8038dfaf34999545d774f472604131e9e11b43a0","sellTxId":"3007669a4e0ccd6dd6623cda448fe2a78158a727"
{"id":1553031,"type":"sell","buyer":"solovey6o2","seller":"resiliencia","symbol":"LEO","quantity":"1.449","price":"0.33470094","timestamp":1632110661,"volume":"0.48498166","buyTxId":"8038dfaf34999545d774f472604131e9e11b43a0","sellTxId":"2e84100bae1478711e263d7b3b517f17608aa356"
{"id":1553039,"type":"buy","buyer":"dagger212","seller":"enginemaker","symbol":"LEO","quantity":"79.950","price":"0.34493994","timestamp":1632110814,"volume":"27.57794820","buyTxId":"14e027e2b34bcde9770e2ba186003aa3388f90f2","sellTxId":"MM-P-10588814-57573248-3-1-1"
{"id":1553040,"type":"buy","buyer":"dagger212","seller":"brofi-market","symbol":"LEO","quantity":"0.337","price":"0.34493994","timestamp":1632110814,"volume":"0.11624476","buyTxId":"14e027e2b34bcde9770e2ba186003aa3388f90f2","sellTxId":"c6a2985e12a791ee8a0bb0753aa0cebc5a15cdd7"
{"id":1553041,"type":"buy","buyer":"dagger212","seller":"mintrawa","symbol":"LEO","quantity":"5.547","price":"0.34500000","timestamp":1632110814,"volume":"1.91371500","buyTxId":"14e027e2b34bcde9770e2ba186003aa3388f90f2","sellTxId":"4008f52a6d190100560d7703543afbec6ade2593"
{"id":1553042,"type":"buy","buyer":"dagger212","seller":"enm1","symbol":"LEO","quantity":"120.051","price":"0.34500000","timestamp":1632110814,"volume":"41.41759500","buyTxId":"14e027e2b34bcde9770e2ba186003aa3388f90f2","sellTxId":"8a0719a191a7322bc5be5a4af8bdbedf7678127e"
{"id":1553043,"type":"buy","buyer":"dagger212","seller":"chekohler","symbol":"LEO","quantity":"4.393","price":"0.34559265","timestamp":1632110814,"volume":"1.51818851","buyTxId":"14e027e2b34bcde9770e2ba186003aa3388f90f2","sellTxId":"eaaf06b001d4fe588470cbe04c35f279145e6a68"
{"id":1553044,"type":"buy","buyer":"dagger212","seller":"brofi-market","symbol":"LEO","quantity":"0.001","price":"0.34562299","timestamp":1632110814,"volume":"0.00034562","buyTxId":"14e027e2b34bcde9770e2ba186003aa3388f90f2","sellTxId":"8dd083783d8f9ab0e9f23c8007b65381c994a9dd"
{"id":1553045,"type":"buy","buyer":"dagger212","seller":"solovey6o2","symbol":"LEO","quantity":"1046.760","price":"0.34630999","timestamp":1632110814,"volume":"362.50344513","buyTxId":"14e027e2b34bcde9770e2ba186003aa3388f90f2","sellTxId":"bd32131476a754cdd6393b5755f0efc935ec45c5"
{"id":1553046,"type":"buy","buyer":"dagger212","seller":"solovey6o2","symbol":"LEO","quantity":"177.961","price":"0.34630999","timestamp":1632110814,"volume":"61.62967213","buyTxId":"14e027e2b34bcde9770e2ba186003aa3388f90f2","sellTxId":"35377cb16822c2499720caada0d7549b62e18e1f"
{"id":1553047,"type":"sell","buyer":"anadolu","seller":"konvik","symbol":"LEO","quantity":"80.207","price":"0.34493994","timestamp":1632110853,"volume":"27.66659777","buyTxId":"85533acc612ab5963da4fa3f68684f302da2da85","sellTxId":"af4d642b92e81ec1ced29f332c7a96069a41a7f6-1"
{"id":1553284,"type":"buy","buyer":"paasz","seller":"pfwaus","symbol":"LEO","quantity":"10.000","price":"0.34000000","timestamp":1632115485,"volume":"3.40000000","buyTxId":"33ae7115e2309a1f24f823fd993e3a697c6893a6","sellTxId":"bbf183da0ef376a9c6dc43033984fc8b9316a736"
{"id":1553303,"type":"buy","buyer":"paasz","seller":"pfwaus","symbol":"LEO","quantity":"1.585","price":"0.34000000","timestamp":1632116049,"volume":"0.53890000","buyTxId":"14e0c1a3e9a58bbbf80e11a8fe67ccb3afe4409b","sellTxId":"bbf183da0ef376a9c6dc43033984fc8b9316a736"
{"id":1553311,"type":"buy","buyer":"paasz","seller":"enginemaker","symbol":"LEO","quantity":"5.000","price":"0.34612982","timestamp":1632116154,"volume":"1.73064910","buyTxId":"f5384dbd15f9cc8f55467527152fa55d289b7a32","sellTxId":"MM-P-10595992-57580432-3-1-1"
{"id":1553389,"type":"sell","buyer":"solovey6o2","seller":"jjb777","symbol":"LEO","quantity":"6.277","price":"0.33487192","timestamp":1632118518,"volume":"2.10199104","buyTxId":"c743ec585b36aab8b06c990beca4e3fc29193d2d","sellTxId":"e3f3b901fb26a9dd475f96cf2657261481197b14"
{"id":1553391,"type":"sell","buyer":"pi-trader","seller":"rehan12","symbol":"LEO","quantity":"1.400","price":"0.33488193","timestamp":1632118644,"volume":"0.46883470","buyTxId":"8189ee91e80e8752cf19be025a8d00a7419c0aad-1","sellTxId":"db6be8f596b266b8f1a7e887341639193e172025"
{"id":1553429,"type":"buy","buyer":"melbourneswest","seller":"solovey6o2","symbol":"LEO","quantity":"33.177","price":"0.34601970","timestamp":1632119562,"volume":"11.48","buyTxId":"e0ae094cf586c0ce6620fbd9b3d144bf42318990","sellTxId":"ef56ee19edeb20cb7e71688f8a359ac8afa18d42"
{"id":1553446,"type":"sell","buyer":"solovey6o2","seller":"liotes.fund","symbol":"LEO","quantity":"39.712","price":"0.33490202","timestamp":1632119850,"volume":"13.29962902","buyTxId":"6d3f79053679ee9e02c94077673b9bb3971b4573","sellTxId":"7f9e34e39f6ec40f71a87a71afd3b691af181e5d"
{"id":1553458,"type":"buy","buyer":"txatxy","seller":"solovey6o2","symbol":"LEO","quantity":"50.558","price":"0.34599968","timestamp":1632120207,"volume":"17.49305182","buyTxId":"a640d446187c104346ae176311406732dd9655d2","sellTxId":"8a79cbbedb02d7576294631d3497fdae0843e1a9"
{"id":1553488,"type":"sell","buyer":"pi-trader","seller":"esmeesmith","symbol":"LEO","quantity":"30","price":"0.33491217","timestamp":1632120501,"volume":"10.04736510","buyTxId":"3a67648e0b89875cd8657b25478768d09784443e-3","sellTxId":"870275e9740a5f068f6cb9837e182ae67fb4d8d2"
{"id":1553522,"type":"sell","buyer":"solovey6o2","seller":"liotes.fund","symbol":"LEO","quantity":"0.500","price":"0.33493209","timestamp":1632121182,"volume":"0.16746605","buyTxId":"183843e4c1443c5c16a59e827a0a4700904ae1b3","sellTxId":"66258c98ebf8acdec4aa91464b8ba4ead9b15940"
{"id":1553582,"type":"sell","buyer":"solovey6o2","seller":"hive.pizza","symbol":"LEO","quantity":"1.324","price":"0.33498214","timestamp":1632122559,"volume":"0.44351635","buyTxId":"bce5176a37d411457ab901d43fb1629c7bbf5fe1","sellTxId":"e8a9d24c9c88367b82c77483b53158be0aa7835b"
{"id":1553677,"type":"sell","buyer":"enginemaker","seller":"lifeskills-tv","symbol":"LEO","quantity":"2.535","price":"0.33505220","timestamp":1632124611,"volume":"0.84935733","buyTxId":"MM-P-10598779-57583227-3-1-0","sellTxId":"56bfc0d97948a3f069b316cfbfb2cbe750967af3"
{"id":1553725,"type":"sell","buyer":"solovey6o2","seller":"jywahaha","symbol":"LEO","quantity":"55.357","price":"0.33506222","timestamp":1632125124,"volume":"18.54803931","buyTxId":"a9c09d53a6c5494da91e2dd824b651318a128b54","sellTxId":"0ed4242df5510a39b90598c8bcf0e719c15e6c0d"
{"id":1553747,"type":"sell","buyer":"solovey6o2","seller":"johnwege","symbol":"LEO","quantity":"35.179","price":"0.33507223","timestamp":1632125412,"volume":"11.78750598","buyTxId":"6b6cde19c8f39dd99e60b8098b95e6617ae16938","sellTxId":"97312a9505cdc483c695cfc4c331328a847f14fc"
{"id":1553750,"type":"sell","buyer":"enginemaker","seller":"brofi-market","symbol":"LEO","quantity":"5.784","price":"0.33508223","timestamp":1632125463,"volume":"1.93811562","buyTxId":"MM-P-10599079-57583527-3-1-0","sellTxId":"8e13903050dbd189e6c5f0590345b9bb6bb591af"
{"id":1553763,"type":"sell","buyer":"solovey6o2","seller":"razack-pulo","symbol":"LEO","quantity":"0.711","price":"0.33508224","timestamp":1632125556,"volume":"0.23824347","buyTxId":"228aa3f1849f5778cab8ffe9b766bd1ac56d4807","sellTxId":"5a68980eee873a80c98c01864f90d1fadb2541c5"
{"id":1553773,"type":"sell","buyer":"solovey6o2","seller":"mephistophenes","symbol":"LEO","quantity":"64.79","price":"0.33509225","timestamp":1632125817,"volume":"21.71062688","buyTxId":"90f75f032bf084a91e2bb4e03acb8959f9c227a3","sellTxId":"6c536c0c2a160ee83391e8f51c57bd07a6b52f26"
{"id":1553789,"type":"buy","buyer":"grizzle","seller":"solovey6o2","symbol":"LEO","quantity":"271.000","price":"0.34578947","timestamp":1632126459,"volume":"93.70894637","buyTxId":"6a8ca32f9dfb42adce0b8b3c52b0033954775049","sellTxId":"895ab25b476e08ae35c20f968b37b9639e96fe75"
{"id":1553803,"type":"sell","buyer":"solovey6o2","seller":"gungunkrishu","symbol":"LEO","quantity":"360.981","price":"0.33512228","timestamp":1632126885,"volume":"120.97277576","buyTxId":"3eaadbcc1ea165ef8b99bd8967c087f6fde704c5","sellTxId":"6d0cc571bb32523199278ba69820d256f398473b"
{"id":1553828,"type":"sell","buyer":"enginemaker","seller":"eddie-earner","symbol":"LEO","quantity":"298.372","price":"0.33515230","timestamp":1632127593,"volume":"100.00006206","buyTxId":"MM-P-10599779-57584227-3-1-0","sellTxId":"74c2e2d7f4e941d05a21ce7cff051d6180a97366"
{"id":1553829,"type":"buy","buyer":"solovey6o2","seller":"eddie-earner","symbol":"LEO","quantity":"13.574","price":"0.33514000","timestamp":1632127596,"volume":"4.54919036","buyTxId":"513c0c4dd57b3d2adbc1e686006c76962cb64f04","sellTxId":"74c2e2d7f4e941d05a21ce7cff051d6180a97366"
{"id":1553874,"type":"buy","buyer":"cwow2","seller":"solovey6o2","symbol":"LEO","quantity":"2.992","price":"0.34573942","timestamp":1632127986,"volume":"1.03445234","buyTxId":"615492b4b80731c9d9b30110cc074753b804b96d","sellTxId":"e77b423202bfc27d88b9c059d84229f65ba73025"
{"id":1553894,"type":"sell","buyer":"txatxy","seller":"buildahouse","symbol":"LEO","quantity":"0.015","price":"0.33491000","timestamp":1632128610,"volume":"0.00502365","buyTxId":"c7347fdf60152b2ffb292950a523946e14d7ff6d","sellTxId":"c6fef948e6b1874c8d0ee8ee47acfc1e7d776d8b"
{"id":1554008,"type":"sell","buyer":"txatxy","seller":"captainquack22","symbol":"LEO","quantity":"0.675","price":"0.33491000","timestamp":1632131352,"volume":"0.22606425","buyTxId":"c7347fdf60152b2ffb292950a523946e14d7ff6d","sellTxId":"d750c0283468f8d9810d0bbd3e5ebe5c1204d717"
{"id":1554020,"type":"sell","buyer":"txatxy","seller":"cryptopoints","symbol":"LEO","quantity":"24.000","price":"0.33491000","timestamp":1632131787,"volume":"8.03784000","buyTxId":"c7347fdf60152b2ffb292950a523946e14d7ff6d","sellTxId":"c4101ea8e54b8ee00380bb9164b2c503595efceb"
{"id":1554064,"type":"sell","buyer":"txatxy","seller":"droida","symbol":"LEO","quantity":"0.310","price":"0.33491000","timestamp":1632133398,"volume":"0.10382210","buyTxId":"c7347fdf60152b2ffb292950a523946e14d7ff6d","sellTxId":"57c2963fa9ad8deef04abb7c6ca8e8cbfd52c095"
{"id":1554065,"type":"sell","buyer":"solovey6o2","seller":"madmanmusic","symbol":"LEO","quantity":"1.701","price":"0.33411058","timestamp":1632133428,"volume":"0.56832210","buyTxId":"27f1713f817743c6925c51991ae97e6cec3cb255","sellTxId":"699cdfc40100eec5609894325cad14a3432b442f"
{"id":1554071,"type":"sell","buyer":"pi-trader","seller":"sparklemotion","symbol":"LEO","quantity":"8.730","price":"0.33411059","timestamp":1632133473,"volume":"2.91678545","buyTxId":"c767b015bed20f6d7e5a268a91ed10aaa0a9c0b8-3","sellTxId":"0b7ceffdc24446b869d96c3f1434d9bb788cb13b"
{"id":1554104,"type":"sell","buyer":"pi-trader","seller":"elricmoonslayer","symbol":"LEO","quantity":"0.592","price":"0.33415075","timestamp":1632134529,"volume":"0.19781724","buyTxId":"54b90feef64589e770b0511feffc8fafde78e58b-7","sellTxId":"7eb6810eb9a1aac95b46b1ecd49a260dfee91329"
{"id":1554111,"type":"sell","buyer":"pi-trader","seller":"tj4real","symbol":"LEO","quantity":"100.000","price":"0.33415079","timestamp":1632134688,"volume":"33.41507900","buyTxId":"17caed66b525e9f3b9bb90e0ec82b731c7243559-5","sellTxId":"bbba8f317a6bbe14f1209f345540b17cd634f1ad"
{"id":1554112,"type":"sell","buyer":"solovey6o2","seller":"tj4real","symbol":"LEO","quantity":"60.000","price":"0.33415078","timestamp":1632134688,"volume":"20.04904680","buyTxId":"77e75f1c64b09a314229e6bdb21562dc6d72c986","sellTxId":"bbba8f317a6bbe14f1209f345540b17cd634f1ad"
{"id":1554180,"type":"sell","buyer":"solovey6o2","seller":"pieter87","symbol":"LEO","quantity":"9.467","price":"0.33419079","timestamp":1632136191,"volume":"3.16378421","buyTxId":"a4f2d1a9e7a162b1bb20e9d39aba2153eec76c8e","sellTxId":"3c34918c657a998ab513cb2f25e12b6712741253"
{"id":1554212,"type":"sell","buyer":"enginemaker","seller":"plesnavetru","symbol":"LEO","quantity":"0.010","price":"0.33421080","timestamp":1632136566,"volume":"0.00334211","buyTxId":"MM-P-10602771-57587219-3-1-0","sellTxId":"7e6994fbfd8b1bc37bdbfdb1a92ecd23d2061b28"
{"id":1554234,"type":"sell","buyer":"enginemaker","seller":"adhammer","symbol":"LEO","quantity":"0.028","price":"0.33422081","timestamp":1632136863,"volume":"0.00935818","buyTxId":"MM-P-10602870-57587318-3-1-0","sellTxId":"1e5551b6dd082b26b74fd7d4f2f35b200711bfe0"
{"id":1554352,"type":"sell","buyer":"solovey6o2","seller":"kevinnag58","symbol":"LEO","quantity":"8.295","price":"0.33426086","timestamp":1632138180,"volume":"2.77269383","buyTxId":"9a103ef76844f744a8be74be1bdeedfb3c26abf6","sellTxId":"1f374c3fb6fdb288345619119f483c241c3d53d5"
{"id":1554366,"type":"sell","buyer":"solovey6o2","seller":"droida","symbol":"LEO","quantity":"0.394","price":"0.33426086","timestamp":1632138348,"volume":"0.13169878","buyTxId":"9a103ef76844f744a8be74be1bdeedfb3c26abf6","sellTxId":"c8007f6092afa8740500dcdd2cdc6afd8eac86da"
{"id":1554432,"type":"sell","buyer":"solovey6o2","seller":"travelwritemoney","symbol":"LEO","quantity":"1.320","price":"0.33429089","timestamp":1632139149,"volume":"0.44126397","buyTxId":"e0a977f328cc5111a72a0abc08a2f4c80d9016ed","sellTxId":"cdd465c1fe2163cf7e378e603fa0ac638dfe1a0a"
{"id":1554452,"type":"sell","buyer":"solovey6o2","seller":"brofi-market","symbol":"LEO","quantity":"0.001","price":"0.33431091","timestamp":1632139668,"volume":"0.00033431","buyTxId":"4b8244a8a0773723199a11ffa0105632aac4bbd0","sellTxId":"a86c422d125b203c6cd914e7eb3b9754a83fb9af"
{"id":1554484,"type":"buy","buyer":"justinparke","seller":"solovey6o2","symbol":"LEO","quantity":"161.850","price":"0.34533902","timestamp":1632140076,"volume":"55.89344248","buyTxId":"98e5ea79118f29464c5bacc6a5e8563ae5861221","sellTxId":"a66ace585d80afff7ba212b315cf8d64cbdaf8cd"
{"id":1554646,"type":"sell","buyer":"solovey6o2","seller":"world-travel-pro","symbol":"LEO","quantity":"80","price":"0.33440100","timestamp":1632142356,"volume":"26.75208000","buyTxId":"6df08e687f16cbe099ecf7e00a978747db6ff693","sellTxId":"f2167b177941ceecbc9d9c909c5e0208b8fe69ac"
{"id":1554677,"type":"buy","buyer":"fabian98","seller":"solovey6o2","symbol":"LEO","quantity":"230.000","price":"0.34523892","timestamp":1632142953,"volume":"79.40495160","buyTxId":"af4f7640807cfd5c8e2c47e9643ee900ca12c085","sellTxId":"febb80536da64b575145a1ff0a8b5e860351a707"
{"id":1555018,"type":"sell","buyer":"enginemaker","seller":"techoe","symbol":"LEO","quantity":"0.076","price":"0.33459118","timestamp":1632147999,"volume":"0.02542893","buyTxId":"MM-P-10606564-57591013-3-1-0","sellTxId":"058e50b87c153f35b91b6eb60acb14f78a9451fd"
{"id":1555044,"type":"buy","buyer":"gadrian","seller":"solovey6o2","symbol":"LEO","quantity":"0.465","price":"0.34504873","timestamp":1632148791,"volume":"0.16044766","buyTxId":"9e3156f4fa9d07f0f9e1de76a43c1b7931efc87b","sellTxId":"80ed8fa45275c8528ada8ed7757ed8aa29372406"
{"id":1555052,"type":"sell","buyer":"solovey6o2","seller":"preparedwombat","symbol":"LEO","quantity":"5.482","price":"0.33462122","timestamp":1632148917,"volume":"1.83439353","buyTxId":"d1d64a4e88d8965600d50aeec01cca2ae4326368","sellTxId":"045e8abff02c86859c1f015d6db37d6312057962"
{"id":1555081,"type":"sell","buyer":"solovey6o2","seller":"dera123","symbol":"LEO","quantity":"31.880","price":"0.33463123","timestamp":1632149373,"volume":"10.66804361","buyTxId":"c6a22c0eef9aa8b98512006a23d0147baa13962c","sellTxId":"3ed40bb0040b0b78a01140d076c7ee93fa3c34a6"
{"id":1555152,"type":"sell","buyer":"solovey6o2","seller":"accelerator","symbol":"LEO","quantity":"13.174","price":"0.33465125","timestamp":1632149889,"volume":"4.40869557","buyTxId":"d115268a067728ac07cc7013f52abcd8ac0a7136","sellTxId":"07b9f48485dafc51a71c6546e954ae815ae96d79"
{"id":1555294,"type":"sell","buyer":"solovey6o2","seller":"stickupofficial1","symbol":"LEO","quantity":"0.109","price":"0.33471131","timestamp":1632151773,"volume":"0.03648353","buyTxId":"585316e2ef00950d371cb3085570cc18ab81fc43","sellTxId":"c5308be00f305931a2168b1f4d378354e9b26759"
{"id":1555332,"type":"sell","buyer":"solovey6o2","seller":"eythorphoto","symbol":"LEO","quantity":"0.552","price":"0.33473133","timestamp":1632152232,"volume":"0.18477169","buyTxId":"3d3f40ce726e654911b9b4067aff5cdaf0c2d573","sellTxId":"e2c2467bf765a0cd6fa68884227816bde378a20d"
{"id":1555350,"type":"sell","buyer":"enginemaker","seller":"votebetting","symbol":"LEO","quantity":"0.174","price":"0.33474133","timestamp":1632152457,"volume":"0.05824499","buyTxId":"MM-P-10608060-57592511-3-1-0","sellTxId":"3dbb66c41386dbf8d1cbb7c328a1f92cc2c336f7"
{"id":1555407,"type":"sell","buyer":"solovey6o2","seller":"citimillz","symbol":"LEO","quantity":"1.167","price":"0.33476136","timestamp":1632153276,"volume":"0.39066651","buyTxId":"12d78d7d0e63f522cce4665a9f5a449a68f8ef9b","sellTxId":"d78d4ba6257118b2493843f5010cac2a79b8cc65"
{"id":1555427,"type":"sell","buyer":"solovey6o2","seller":"bambukah","symbol":"LEO","quantity":"3.000","price":"0.33477137","timestamp":1632153486,"volume":"1.00431411","buyTxId":"b7d5282717591842ec6eefbf5eb513fe2d959ebc","sellTxId":"a794a18020786b71fe9ffb929558d8341c347304"
{"id":1555455,"type":"sell","buyer":"solovey6o2","seller":"ministickupboy","symbol":"LEO","quantity":"0.029","price":"0.33478138","timestamp":1632153861,"volume":"0.00970866","buyTxId":"517e06c18c29559a6c9e070483bca5555991f1b1","sellTxId":"a416888bcfa1e353b4955ba11060dafdec546459"
{"id":1555459,"type":"sell","buyer":"solovey6o2","seller":"aotearoa","symbol":"LEO","quantity":"0.071","price":"0.33478138","timestamp":1632153948,"volume":"0.02376948","buyTxId":"517e06c18c29559a6c9e070483bca5555991f1b1","sellTxId":"8bf822086c114df48f748b34da2c1a6dcc5f03fc"
{"id":1555575,"type":"sell","buyer":"solovey6o2","seller":"agewriter","symbol":"LEO","quantity":"3.367","price":"0.33482142","timestamp":1632155040,"volume":"1.12734372","buyTxId":"98594145fae902bdf8346a0ad95d6807d506381d","sellTxId":"7a25c5a8689e1cf48f93d7694eacc1b42bba615d"
{"id":1555639,"type":"sell","buyer":"solovey6o2","seller":"dagger212","symbol":"LEO","quantity":"50.000","price":"0.33484144","timestamp":1632155679,"volume":"16.74207200","buyTxId":"ce28f8f3560d2c857b691b6314325c4e9a0cc608","sellTxId":"c7ac8a29eea5e3fabc8d77b1d4c42c085b153ff2"
{"id":1555670,"type":"sell","buyer":"enginemaker","seller":"reddragonfly","symbol":"LEO","quantity":"0.008","price":"0.33486145","timestamp":1632156054,"volume":"0.00267889","buyTxId":"MM-P-10609259-57593710-3-1-0","sellTxId":"4ea48716ecbcd6d54f14b0532a3e56b046fdf82c"
{"id":1555691,"type":"sell","buyer":"enginemaker","seller":"dagger212","symbol":"LEO","quantity":"100.000","price":"0.33487146","timestamp":1632156384,"volume":"33.48714600","buyTxId":"MM-P-10609359-57593810-3-1-0","sellTxId":"103ea7f5836bf2559c4a7d4ace74f5bc961ea987"
{"id":1555707,"type":"buy","buyer":"vannour","seller":"enginemaker","symbol":"LEO","quantity":"2.000","price":"0.34499869","timestamp":1632156537,"volume":"0.68999738","buyTxId":"93fd7f39901d58025625de1f783f9de72c27e727","sellTxId":"MM-P-10607262-57591713-3-1-1"
{"id":1555712,"type":"sell","buyer":"solovey6o2","seller":"chinorf","symbol":"LEO","quantity":"0.243","price":"0.33487147","timestamp":1632156570,"volume":"0.08137377","buyTxId":"8d360e255504a0a12dda981f3222ef96e4a012fb","sellTxId":"237cdd3bdbd96308201fdbafea8e8079a98261bb"
{"id":1555713,"type":"sell","buyer":"solovey6o2","seller":"dagger212","symbol":"LEO","quantity":"200.000","price":"0.33487147","timestamp":1632156579,"volume":"66.97429400","buyTxId":"8d360e255504a0a12dda981f3222ef96e4a012fb","sellTxId":"2108c03a07b2207d28193ac9ab7c62ea9cc09b7f"
{"id":1555759,"type":"sell","buyer":"solovey6o2","seller":"alchemystones","symbol":"LEO","quantity":"0.008","price":"0.33489149","timestamp":1632157215,"volume":"0.00267913","buyTxId":"e4231c16e948885985fc654253180743365d146f","sellTxId":"cb967e7719d0f6cf26e3efe4ad1de8b6047365cf"
{"id":1555799,"type":"sell","buyer":"solovey6o2","seller":"neopch","symbol":"LEO","quantity":"168.914","price":"0.33491151","timestamp":1632157704,"volume":"56.57124280","buyTxId":"9704280fec65811f4bedc5dc1cfe31bfa18cb314","sellTxId":"ab751160ad0b2659f2fefd28fc346e1d96f41f73"
{"id":1555856,"type":"buy","buyer":"oldtimer","seller":"enginemaker","symbol":"LEO","quantity":"98.000","price":"0.34499869","timestamp":1632158196,"volume":"33.80987162","buyTxId":"d9eced3b9c09966e0b7ed016c09849cbcd079c43","sellTxId":"MM-P-10607262-57591713-3-1-1"
{"id":1555857,"type":"buy","buyer":"oldtimer","seller":"cleanplanet","symbol":"LEO","quantity":"6.654","price":"0.34510000","timestamp":1632158196,"volume":"2.29629540","buyTxId":"d9eced3b9c09966e0b7ed016c09849cbcd079c43","sellTxId":"395a5eef58175fb639b67543db42121b13e23f6c"
{"id":1555858,"type":"buy","buyer":"oldtimer","seller":"brofi-market","symbol":"LEO","quantity":"0.001","price":"0.34534903","timestamp":1632158196,"volume":"0.00034535","buyTxId":"d9eced3b9c09966e0b7ed016c09849cbcd079c43","sellTxId":"22ff4ec680c3d622bd7e1506eb24bb287a2f8426"
{"id":1555859,"type":"buy","buyer":"oldtimer","seller":"brofi-market","symbol":"LEO","quantity":"5.784","price":"0.34581951","timestamp":1632158196,"volume":"2.00022005","buyTxId":"d9eced3b9c09966e0b7ed016c09849cbcd079c43","sellTxId":"a706b4803a81952dc3a30de245bfea19353edf32"
{"id":1555860,"type":"buy","buyer":"oldtimer","seller":"schindmaehre","symbol":"LEO","quantity":"0.618","price":"0.34608942","timestamp":1632158196,"volume":"0.21388326","buyTxId":"d9eced3b9c09966e0b7ed016c09849cbcd079c43","sellTxId":"a5d93294bbd834568756522322201de28accdb13"
{"id":1555861,"type":"buy","buyer":"oldtimer","seller":"master-lamps","symbol":"LEO","quantity":"2.624","price":"0.34611900","timestamp":1632158196,"volume":"0.90821626","buyTxId":"d9eced3b9c09966e0b7ed016c09849cbcd079c43","sellTxId":"fbb8d7bf32feafad1141dc6aa8dae68d9316e273"
{"id":1555862,"type":"buy","buyer":"oldtimer","seller":"solovey6o2","symbol":"LEO","quantity":"29.319","price":"0.34630999","timestamp":1632158196,"volume":"10.15346260","buyTxId":"d9eced3b9c09966e0b7ed016c09849cbcd079c43","sellTxId":"38f30881bd4298777bfc0a4802d5c85837523477"
{"id":1555863,"type":"sell","buyer":"enginemaker","seller":"shabbirahmad","symbol":"LEO","quantity":"0.218","price":"0.33493152","timestamp":1632158220,"volume":"0.07301507","buyTxId":"MM-P-10609958-57594409-3-1-0","sellTxId":"ae5fb8f52e69f126ad6ae0e2ed803c5e2070ba5c"
{"id":1555881,"type":"sell","buyer":"solovey6o2","seller":"ykretz","symbol":"LEO","quantity":"10.000","price":"0.33493153","timestamp":1632158403,"volume":"3.34931530","buyTxId":"51465baa0ddb93ab16d40668a252c5058e43bcb5","sellTxId":"58fc7abf9a153ff5b019745634d70622acb825e5"
{"id":1555893,"type":"sell","buyer":"solovey6o2","seller":"thelogicaldude","symbol":"LEO","quantity":"3.359","price":"0.33494154","timestamp":1632158580,"volume":"1.12506863","buyTxId":"182d4d0b72082b522ef36330fd6b8d549270219c","sellTxId":"5dc11118fc17bec5775f7aa1828c1d5ac0b41f79"
{"id":1555896,"type":"sell","buyer":"solovey6o2","seller":"doitvoluntarily","symbol":"LEO","quantity":"18.287","price":"0.33494154","timestamp":1632158592,"volume":"6.12507594","buyTxId":"182d4d0b72082b522ef36330fd6b8d549270219c","sellTxId":"f604c6a4e61d7ba9964a37a85be84fc56e4b7c30"
{"id":1555915,"type":"sell","buyer":"solovey6o2","seller":"silvertop","symbol":"LEO","quantity":"10.342","price":"0.33495155","timestamp":1632158901,"volume":"3.46406893","buyTxId":"8cf1613175d1572dd8a0e9b7b729f5beaaca0ac3","sellTxId":"f6e66386d4dd235c1cdc83846633a9927e877c1f"
{"id":1555960,"type":"sell","buyer":"solovey6o2","seller":"emeka4","symbol":"LEO","quantity":"2.7","price":"0.33497157","timestamp":1632159537,"volume":"0.90442324","buyTxId":"44f35afa06e6cb89985d5fc91afb4fec5b8548f9","sellTxId":"d99a8b3c79850d22d2e16f12c1d863e5ffd09fa3"
{"id":1555963,"type":"sell","buyer":"solovey6o2","seller":"fyrasblog","symbol":"LEO","quantity":"29.621","price":"0.33497157","timestamp":1632159549,"volume":"9.92219287","buyTxId":"44f35afa06e6cb89985d5fc91afb4fec5b8548f9","sellTxId":"8c748845177efdcb49da6fc64ac52c204a553927"
{"id":1555966,"type":"sell","buyer":"solovey6o2","seller":"fw206","symbol":"LEO","quantity":"44.671","price":"0.33497157","timestamp":1632159606,"volume":"14.96351500","buyTxId":"44f35afa06e6cb89985d5fc91afb4fec5b8548f9","sellTxId":"fc9862384e0ea8def411bc49b8dd79775cc8e452"
{"id":1555983,"type":"sell","buyer":"solovey6o2","seller":"emeka4","symbol":"LEO","quantity":"0.044","price":"0.33498158","timestamp":1632159921,"volume":"0.01473919","buyTxId":"6cd3cc2b8d672aec09df24425204520faaf27812","sellTxId":"65c5c0c73fd15accfa3699b0dac9e1ae155c38dc"
{"id":1555999,"type":"sell","buyer":"enginemaker","seller":"snackaholic","symbol":"LEO","quantity":"2.956","price":"0.33500159","timestamp":1632160281,"volume":"0.99026470","buyTxId":"MM-P-10610656-57595107-3-1-0","sellTxId":"d297fa0ed1a158c907f9d18428758ca8af4d075d"
{"id":1556013,"type":"sell","buyer":"solovey6o2","seller":"jjprac","symbol":"LEO","quantity":"6.139","price":"0.33500160","timestamp":1632160497,"volume":"2.05657482","buyTxId":"8e0953e075729daea88c2c88132656560d3b9727","sellTxId":"16bf0833329861f1defa071387609cfe039a4b25"
{"id":1556019,"type":"sell","buyer":"solovey6o2","seller":"cosmictriage","symbol":"LEO","quantity":"0.007","price":"0.33501161","timestamp":1632160626,"volume":"0.00234508","buyTxId":"b82e2b925209d771ae28c0f20270321faa4d465c","sellTxId":"49242ac07d9a2f2d5f3c7c1f545fd39674431cf5"
{"id":1556049,"type":"sell","buyer":"solovey6o2","seller":"bengy","symbol":"LEO","quantity":"6.610","price":"0.33502162","timestamp":1632161067,"volume":"2.21449291","buyTxId":"414380da324711435fa931765544e7adc9d64ad7","sellTxId":"f736e80e39f2c60cb8c71e7bc17bf821f3311079"
{"id":1556061,"type":"sell","buyer":"enginemaker","seller":"rishi556","symbol":"LEO","quantity":"1.65","price":"0.33503162","timestamp":1632161157,"volume":"0.55280217","buyTxId":"MM-P-10610954-57595405-3-1-0","sellTxId":"73110ace50e49559a4647fbadbe918fe101e8359-2"
{"id":1556080,"type":"sell","buyer":"solovey6o2","seller":"bokica80","symbol":"LEO","quantity":"0.058","price":"0.33503163","timestamp":1632161277,"volume":"0.01943183","buyTxId":"abd5a68c4d5620cf1934b57c8a0ffca81f0c71d2","sellTxId":"54ac3521dfad0fd5563db7ca842d71fe55a117b4"
{"id":1556100,"type":"sell","buyer":"solovey6o2","seller":"elevator09","symbol":"LEO","quantity":"0.126","price":"0.33504164","timestamp":1632161568,"volume":"0.04221525","buyTxId":"7f74e8f2f4f2cfd82d494fff29b50342aa713ead","sellTxId":"f7c6ef20686b53803cbd734a6329f1639c9e3a15"
{"id":1556110,"type":"sell","buyer":"solovey6o2","seller":"bashadow","symbol":"LEO","quantity":"1.500","price":"0.33504164","timestamp":1632161679,"volume":"0.50256246","buyTxId":"7f74e8f2f4f2cfd82d494fff29b50342aa713ead","sellTxId":"b9c21ffe81839ff28cadb744ecafc29b9f26e912"
{"id":1556154,"type":"sell","buyer":"solovey6o2","seller":"archon-drips","symbol":"LEO","quantity":"0.001","price":"0.33506166","timestamp":1632162318,"volume":"0.00033506","buyTxId":"a6d41745caeff0ad8427769ca81f090527475953","sellTxId":"abea82ca59b6f07542cf140a13d3bd08ded0b4ae"
{"id":1556175,"type":"sell","buyer":"enginemaker","seller":"satren","symbol":"LEO","quantity":"7.212","price":"0.33508167","timestamp":1632162735,"volume":"2.41660900","buyTxId":"MM-P-10611454-57595905-3-1-0","sellTxId":"12a111aede92cdde161f77efce56a26c72964f6d"
{"id":1556195,"type":"sell","buyer":"solovey6o2","seller":"ironshield","symbol":"LEO","quantity":"3.587","price":"0.33508168","timestamp":1632162924,"volume":"1.20193799","buyTxId":"66a77a642af189f73e2cc4b60cb74495109520c0","sellTxId":"f653bea30564a8db2f7affd036d5ef7d76d0d8f2"
{"id":1556214,"type":"buy","buyer":"peerfinance","seller":"solovey6o2","symbol":"LEO","quantity":"1.460","price":"0.34614983","timestamp":1632163212,"volume":"0.50537875","buyTxId":"822b0c86c04e9c26ee5d85352785efd64c634676","sellTxId":"4379961efca4eb86741ae490ae3c63c65c4dc852"
{"id":1556248,"type":"buy","buyer":"jrcornel","seller":"enginemaker","symbol":"LEO","quantity":"100.000","price":"0.34612982","timestamp":1632163605,"volume":"34.61298200","buyTxId":"047a443e17ec74c885735bff3010bc6421125054","sellTxId":"MM-P-10611754-57596205-3-1-1"
{"id":1556250,"type":"sell","buyer":"jrcornel","seller":"konvik","symbol":"LEO","quantity":"224.404","price":"0.34612982","timestamp":1632163608,"volume":"77.67291613","buyTxId":"047a443e17ec74c885735bff3010bc6421125054","sellTxId":"45578d40e3bdde7c1e5c2e1fbf142c11f054a066-1"
{"id":1556252,"type":"sell","buyer":"jrcornel","seller":"solovey6o2","symbol":"LEO","quantity":"0.223","price":"0.34612982","timestamp":1632163614,"volume":"0.07718695","buyTxId":"047a443e17ec74c885735bff3010bc6421125054","sellTxId":"04dcda5ff9cba7c419f56e875b2aa7d1a76ba479"
{"id":1556277,"type":"sell","buyer":"coininstant","seller":"aotearoa","symbol":"LEO","quantity":"0.043","price":"0.33513000","timestamp":1632163947,"volume":"0.01441059","buyTxId":"f43ce4d2e04b18a32803ef6a804a37df99a89ff3","sellTxId":"05de9503791021a3db89fab0e3b8eed8c0caa0fb"
{"id":1556317,"type":"buy","buyer":"diverse","seller":"master-lamps","symbol":"LEO","quantity":"0.219","price":"0.34615954","timestamp":1632164571,"volume":"0.07580894","buyTxId":"df02dca3ca15dd9c2598454517248a7bcc20ac6d","sellTxId":"67658ba9078d0b343c804d3f4fac5984d38b8b2a"
{"id":1556318,"type":"buy","buyer":"diverse","seller":"archon-drips","symbol":"LEO","quantity":"0.001","price":"0.34617986","timestamp":1632164571,"volume":"0.00034618","buyTxId":"df02dca3ca15dd9c2598454517248a7bcc20ac6d","sellTxId":"f6e5d986d90db3a7f859f843a7b34b587ee43b32"
{"id":1556319,"type":"buy","buyer":"diverse","seller":"solovey6o2","symbol":"LEO","quantity":"2.180","price":"0.34627996","timestamp":1632164571,"volume":"0.75489031","buyTxId":"df02dca3ca15dd9c2598454517248a7bcc20ac6d","sellTxId":"3ee8a67df117b40b8a8a3b47758f9dec4798f483"
{"id":1556370,"type":"sell","buyer":"solovey6o2","seller":"revisesociology","symbol":"LEO","quantity":"100.000","price":"0.33517177","timestamp":1632165498,"volume":"33.51717700","buyTxId":"06b4d6eb5aa8eac599f05ea5a436682c503fbc96","sellTxId":"ebe7071a42a0073910648df420919fa11066c250"
{"id":1556373,"type":"sell","buyer":"solovey6o2","seller":"revisesociology","symbol":"LEO","quantity":"100.000","price":"0.33517177","timestamp":1632165585,"volume":"33.51717700","buyTxId":"06b4d6eb5aa8eac599f05ea5a436682c503fbc96","sellTxId":"c563d6bf9920ec29cde434405b7d17a6ff42d50f"
{"id":1556401,"type":"sell","buyer":"solovey6o2","seller":"jjb777","symbol":"LEO","quantity":"4.926","price":"0.33517177","timestamp":1632166059,"volume":"1.65105614","buyTxId":"06b4d6eb5aa8eac599f05ea5a436682c503fbc96","sellTxId":"8afcd3b18271fed77abfe852b204fa5e81e5b2cb"
{"id":1556453,"type":"sell","buyer":"solovey6o2","seller":"ackza","symbol":"LEO","quantity":"22.750","price":"0.33517177","timestamp":1632166659,"volume":"7.62515777","buyTxId":"06b4d6eb5aa8eac599f05ea5a436682c503fbc96","sellTxId":"9f72ba33a1a9e93f658f97ea79581554ba170d29"
{"id":1556466,"type":"sell","buyer":"solovey6o2","seller":"monsterjamgold","symbol":"LEO","quantity":"2.077","price":"0.33517177","timestamp":1632166854,"volume":"0.69615177","buyTxId":"06b4d6eb5aa8eac599f05ea5a436682c503fbc96","sellTxId":"e6e2a806a06d783beed3e9d0972de00b5e0f476e"
{"id":1556765,"type":"sell","buyer":"solovey6o2","seller":"droida","symbol":"LEO","quantity":"0.111","price":"0.33519179","timestamp":1632170391,"volume":"0.03720629","buyTxId":"9be15d36877c52c287df03a06fb32d6f9c89e180","sellTxId":"e63342bd15c0a16d4dbc237755b55c55083a3f8f"
{"id":1556825,"type":"sell","buyer":"solovey6o2","seller":"mykos","symbol":"LEO","quantity":"2.072","price":"0.33519179","timestamp":1632171078,"volume":"0.69451739","buyTxId":"9be15d36877c52c287df03a06fb32d6f9c89e180","sellTxId":"7a1497ab50dbaa61a19b901a3b7098c7d9ed480f"
{"id":1556851,"type":"sell","buyer":"solovey6o2","seller":"chireerocks","symbol":"LEO","quantity":"7.266","price":"0.33519179","timestamp":1632171726,"volume":"2.43550355","buyTxId":"9be15d36877c52c287df03a06fb32d6f9c89e180","sellTxId":"ee577d1dc7102443ccac41a3b62313057f6c38de"
{"id":1556907,"type":"sell","buyer":"solovey6o2","seller":"silvergoldhunter","symbol":"LEO","quantity":"1.000","price":"0.33519179","timestamp":1632172818,"volume":"0.33519179","buyTxId":"9be15d36877c52c287df03a06fb32d6f9c89e180","sellTxId":"62d3bb30c0af2433547d351d73694a82074501b5"
{"id":1557010,"type":"buy","buyer":"steemstreems","seller":"mango-juice","symbol":"LEO","quantity":"6.284","price":"0.34620000","timestamp":1632174660,"volume":"2.17552080","buyTxId":"4ba6634e9620d537f26e77cb9f013c4cc82d4a02","sellTxId":"2693c2764f82d9e9641a74908b4b2bf62fe0f1a8"
{"id":1557011,"type":"buy","buyer":"steemstreems","seller":"enginemaker","symbol":"LEO","quantity":"28.319","price":"0.34620990","timestamp":1632174660,"volume":"9.80465893","buyTxId":"4ba6634e9620d537f26e77cb9f013c4cc82d4a02","sellTxId":"MM-P-10612752-57597203-3-1-0"
{"id":1557046,"type":"sell","buyer":"solovey6o2","seller":"ericburgoyne","symbol":"LEO","quantity":"0.507","price":"0.33519179","timestamp":1632175584,"volume":"0.16994224","buyTxId":"9be15d36877c52c287df03a06fb32d6f9c89e180","sellTxId":"5bd191b39ffdefaaa0e150edcea5d683430328ac"
{"id":1557056,"type":"sell","buyer":"solovey6o2","seller":"proton80","symbol":"LEO","quantity":"0.148","price":"0.33519179","timestamp":1632175857,"volume":"0.04960838","buyTxId":"9be15d36877c52c287df03a06fb32d6f9c89e180","sellTxId":"1c0652cbfcd1cbd691f35fd4a4609e7f2b1ae9fb"
{"id":1557073,"type":"sell","buyer":"solovey6o2","seller":"curtawakening","symbol":"LEO","quantity":"16.603","price":"0.33519179","timestamp":1632175986,"volume":"5.56518929","buyTxId":"9be15d36877c52c287df03a06fb32d6f9c89e180","sellTxId":"563464bd2fb69ff2463b557da6c5aadf94aaa82f"
{"id":1557124,"type":"sell","buyer":"janasilver","seller":"bearbear613","symbol":"LEO","quantity":"11.755","price":"0.33519230","timestamp":1632177273,"volume":"3.94018549","buyTxId":"306839155f98e85e4f770da14733fe667d5c134f","sellTxId":"c0931dfad502688dbd39c7ffd0ef1d872965f7ee"
{"id":1557176,"type":"sell","buyer":"janasilver","seller":"pixelfan","symbol":"LEO","quantity":"0.500","price":"0.33519230","timestamp":1632178548,"volume":"0.16759615","buyTxId":"306839155f98e85e4f770da14733fe667d5c134f","sellTxId":"3fd1dab32a20c7e25022e73cc834f161374bda3a"
{"id":1557250,"type":"sell","buyer":"janasilver","seller":"cccf","symbol":"LEO","quantity":"0.524","price":"0.33519230","timestamp":1632179757,"volume":"0.17564077","buyTxId":"306839155f98e85e4f770da14733fe667d5c134f","sellTxId":"ac67e72e4b86aa6862b1b92ac266a8490e6a0459"
{"id":1557315,"type":"sell","buyer":"solovey6o2","seller":"nulledgh0st","symbol":"LEO","quantity":"0.537","price":"0.33520180","timestamp":1632181911,"volume":"0.18000337","buyTxId":"737090717d59bbfc9413ddda16a98aee7cf30cd9","sellTxId":"3c5ae712aefb3932a5af0e640677444defd82307"
{"id":1557342,"type":"sell","buyer":"solovey6o2","seller":"paulmoon410","symbol":"LEO","quantity":"2.902","price":"0.33520180","timestamp":1632182700,"volume":"0.97275562","buyTxId":"737090717d59bbfc9413ddda16a98aee7cf30cd9","sellTxId":"0ce09acb9d7f987d67829bace6ca71954c8a8eac"
{"id":1557347,"type":"sell","buyer":"solovey6o2","seller":"travelwritemoney","symbol":"LEO","quantity":"1.082","price":"0.33520180","timestamp":1632182802,"volume":"0.36268835","buyTxId":"737090717d59bbfc9413ddda16a98aee7cf30cd9","sellTxId":"7ffb86470e4e06a33560f65eb1e8913773a23dbd"
{"id":1557352,"type":"sell","buyer":"solovey6o2","seller":"brofi-market","symbol":"LEO","quantity":"0.322","price":"0.33520180","timestamp":1632182874,"volume":"0.10793498","buyTxId":"737090717d59bbfc9413ddda16a98aee7cf30cd9","sellTxId":"c3f9fb9bc6612f169bf4c279707f11c0bfac7bf0"
{"id":1557389,"type":"buy","buyer":"globalcurrencies","seller":"enginemaker","symbol":"LEO","quantity":"71.681","price":"0.34620990","timestamp":1632183567,"volume":"24.81667184","buyTxId":"befbcbe54ef0c8a5dd4362937ad9979c026665fe","sellTxId":"MM-P-10612752-57597203-3-1-0"
{"id":1557390,"type":"buy","buyer":"globalcurrencies","seller":"brofi-market","symbol":"LEO","quantity":"0.322","price":"0.34620990","timestamp":1632183567,"volume":"0.11147959","buyTxId":"befbcbe54ef0c8a5dd4362937ad9979c026665fe","sellTxId":"734fa2ce0e70b2849252c9d16e3b3a3a270078a5"
{"id":1557391,"type":"buy","buyer":"globalcurrencies","seller":"solovey6o2","symbol":"LEO","quantity":"2327.997","price":"0.34630999","timestamp":1632183567,"volume":"806.20861779","buyTxId":"befbcbe54ef0c8a5dd4362937ad9979c026665fe","sellTxId":"c65e7d0add76045c7a538eae16b10ef854259823"
{"id":1557408,"type":"sell","buyer":"solovey6o2","seller":"shainemata","symbol":"LEO","quantity":"0.139","price":"0.33520180","timestamp":1632183639,"volume":"0.04659305","buyTxId":"737090717d59bbfc9413ddda16a98aee7cf30cd9","sellTxId":"3ede995ccea53f4bb349415f663b1661ba8316c0"
{"id":1557445,"type":"buy","buyer":"globalcurrencies","seller":"enginemaker","symbol":"LEO","quantity":"100.000","price":"0.34629999","timestamp":1632183882,"volume":"34.62999900","buyTxId":"41d2be2e1f1ca7e92796703559b774c2fd04db09","sellTxId":"MM-P-10618428-57602892-3-1-0"
{"id":1557446,"type":"buy","buyer":"globalcurrencies","seller":"solovey6o2","symbol":"LEO","quantity":"1701.033","price":"0.34630999","timestamp":1632183882,"volume":"589.08472122","buyTxId":"41d2be2e1f1ca7e92796703559b774c2fd04db09","sellTxId":"c65e7d0add76045c7a538eae16b10ef854259823"
{"id":1557447,"type":"buy","buyer":"globalcurrencies","seller":"solovey6o2","symbol":"LEO","quantity":"29.783","price":"0.34630999","timestamp":1632183882,"volume":"10.31415043","buyTxId":"41d2be2e1f1ca7e92796703559b774c2fd04db09","sellTxId":"808ad5b8757a27ab815e47a35b6dc42ec864e4ee"
{"id":1557448,"type":"buy","buyer":"globalcurrencies","seller":"imno","symbol":"LEO","quantity":"300.000","price":"0.34631000","timestamp":1632183882,"volume":"103.89300000","buyTxId":"41d2be2e1f1ca7e92796703559b774c2fd04db09","sellTxId":"526edd9c9ede070fd5b53f14efa324ab0e06adc2"
{"id":1557449,"type":"buy","buyer":"globalcurrencies","seller":"archon-drips","symbol":"LEO","quantity":"0.001","price":"0.34638738","timestamp":1632183882,"volume":"0.00034639","buyTxId":"41d2be2e1f1ca7e92796703559b774c2fd04db09","sellTxId":"8966b4ca82bb95862fb0bbc514d6d1a2e52f74c0"
{"id":1557450,"type":"buy","buyer":"globalcurrencies","seller":"rehan12","symbol":"LEO","quantity":"4.460","price":"0.34678868","timestamp":1632183882,"volume":"1.54667751","buyTxId":"41d2be2e1f1ca7e92796703559b774c2fd04db09","sellTxId":"66b1de2d0a1c7506a8f99ab63e0ec6ea00400467"
{"id":1557451,"type":"buy","buyer":"globalcurrencies","seller":"brofi-market","symbol":"LEO","quantity":"14.307","price":"0.34706896","timestamp":1632183882,"volume":"4.96551561","buyTxId":"41d2be2e1f1ca7e92796703559b774c2fd04db09","sellTxId":"81d8e15715025462868f49050f6b5b8a665b215f"
{"id":1557452,"type":"buy","buyer":"globalcurrencies","seller":"chekohler","symbol":"LEO","quantity":"4.890","price":"0.34741931","timestamp":1632183882,"volume":"1.69888043","buyTxId":"41d2be2e1f1ca7e92796703559b774c2fd04db09","sellTxId":"3bbbb5b9507c6a1677b7a2d38c2c00f276d95dd2"
{"id":1557453,"type":"buy","buyer":"globalcurrencies","seller":"brofi-market","symbol":"LEO","quantity":"0.442","price":"0.34789979","timestamp":1632183882,"volume":"0.15377171","buyTxId":"41d2be2e1f1ca7e92796703559b774c2fd04db09","sellTxId":"2b6a9ace31d3f6806537d448b85b284e221454bb"
{"id":1557454,"type":"buy","buyer":"globalcurrencies","seller":"freebornsociety","symbol":"LEO","quantity":"245.084","price":"0.34810000","timestamp":1632183882,"volume":"85.31374040","buyTxId":"41d2be2e1f1ca7e92796703559b774c2fd04db09","sellTxId":"MM-P-10507420-57491728-3-4-0"
{"id":1557471,"type":"buy","buyer":"globalcurrencies","seller":"enginemaker","symbol":"LEO","quantity":"100.000","price":"0.34809000","timestamp":1632184212,"volume":"34.80900000","buyTxId":"e908415235ecf46e1c5c9f7a68bae4c357e7a7a3","sellTxId":"MM-P-10618528-57602992-3-1-1"
{"id":1557472,"type":"buy","buyer":"globalcurrencies","seller":"freebornsociety","symbol":"LEO","quantity":"1050.000","price":"0.34810000","timestamp":1632184212,"volume":"365.50500000","buyTxId":"e908415235ecf46e1c5c9f7a68bae4c357e7a7a3","sellTxId":"MM-P-10507420-57491728-3-4-0"
{"id":1557631,"type":"sell","buyer":"solovey6o2","seller":"jk6276","symbol":"LEO","quantity":"729.301","price":"0.33530190","timestamp":1632186948,"volume":"244.53601097","buyTxId":"d9465e860238194111211b8ae167401666b90e8b","sellTxId":"5c9e26a154ccbcc1dbc0626ac5b2b2bc27bad159"
{"id":1557684,"type":"sell","buyer":"solovey6o2","seller":"coroneum","symbol":"LEO","quantity":"1.185","price":"0.33535195","timestamp":1632188445,"volume":"0.39739206","buyTxId":"cfcfe642d7b1cfa71afe9821190815e57532da9e","sellTxId":"5ff16ad8ae960012e91fd0ec85532346d58c497f"
{"id":1557871,"type":"sell","buyer":"enginemaker","seller":"waraira777","symbol":"LEO","quantity":"46","price":"0.33547206","timestamp":1632191796,"volume":"15.43171476","buyTxId":"MM-P-10621117-57605586-3-1-0","sellTxId":"5dd28612141e018120763fa0c56530cf0fa2ac1a"
{"id":1557909,"type":"buy","buyer":"melbourneswest","seller":"enginemaker","symbol":"LEO","quantity":"38.208","price":"0.34809000","timestamp":1632192486,"volume":"13.3","buyTxId":"9479da26e152a5ad47513c16d92470efe7b18174","sellTxId":"MM-P-10618628-57603092-3-1-1"