{"index": {"_index":"leo","_id":"1458051"}}
	{"id":1458051,"type":"buy","buyer":"konvik","seller":"jongolson","symbol":"LEO","quantity":"15.283","price":"0.48924000","timestamp":1630465227,"volume":"7.47705492","buyTxId":"ac7eae10a7f667990287c037ec60346e45c6cb5e-0","sellTxId":"7351796a661ed3bfc559ef3996fbe35a0274b30e"}
{"index": {"_index":"leo","_id":"1458057"}}
	{"id":1458057,"type":"buy","buyer":"konvik","seller":"trumpman","symbol":"LEO","quantity":"22.708","price":"0.48924000","timestamp":1630465350,"volume":"11.10966192","buyTxId":"a6eb5c9b699c4b728c762d545e63b06fdffc9c66-0","sellTxId":"2ea64856cd5a197d6eb6ae852be864a0ab41ce52"}
{"index": {"_index":"leo","_id":"1458136"}}
	{"id":1458136,"type":"sell","buyer":"freebornsociety","seller":"jongolson","symbol":"LEO","quantity":"1.653","price":"0.48933900","timestamp":1630466937,"volume":"0.80887737","buyTxId":"MM-P-10048050-57031798-3-4-0","sellTxId":"5788cf093e5dde6a5de09d7f61fbc429624a5dd2"}
{"index": {"_index":"leo","_id":"1458137"}}
	{"id":1458137,"type":"sell","buyer":"freebornsociety","seller":"rishi556","symbol":"LEO","quantity":"1.769","price":"0.48933900","timestamp":1630466940,"volume":"0.86564069","buyTxId":"MM-P-10048050-57031798-3-4-0","sellTxId":"d6b40baf70e567e214b48ffd800b9cd3c19ad4d8"}
{"index": {"_index":"leo","_id":"1458255"}}
	{"id":1458255,"type":"sell","buyer":"freebornsociety","seller":"kolbjorn","symbol":"LEO","quantity":"19.816","price":"0.48933900","timestamp":1630468956,"volume":"9.69674162","buyTxId":"MM-P-10048050-57031798-3-4-0","sellTxId":"9ff3b00509b9cc4cbb34df3186a175dd6b4748d2"}
{"index": {"_index":"leo","_id":"1458291"}}
	{"id":1458291,"type":"sell","buyer":"freebornsociety","seller":"brofi-market","symbol":"LEO","quantity":"0.001","price":"0.48933900","timestamp":1630469385,"volume":"0.00048934","buyTxId":"MM-P-10048050-57031798-3-4-0","sellTxId":"acbeb3fbb42c67a40f9c5fb4dee2315afdef016b"}
{"index": {"_index":"leo","_id":"1458392"}}
	{"id":1458392,"type":"buy","buyer":"konvik","seller":"unorgmilitia","symbol":"LEO","quantity":"105.210","price":"0.49000000","timestamp":1630471191,"volume":"51.55290000","buyTxId":"e176265869f5f2273b56d24ebb6c7b8c971385ff-0","sellTxId":"d6102820d32b3a7455998a2e7bdbf81c5ab18742"}
{"index": {"_index":"leo","_id":"1458453"}}
	{"id":1458453,"type":"sell","buyer":"freebornsociety","seller":"stokjockey","symbol":"LEO","quantity":"283.297","price":"0.48933900","timestamp":1630472004,"volume":"138.62827068","buyTxId":"MM-P-10048050-57031798-3-4-0","sellTxId":"02ad89461dd60c8916512e6a9190d7e2434ab16a"}
{"index": {"_index":"leo","_id":"1458492"}}
	{"id":1458492,"type":"buy","buyer":"venan","seller":"stokjockey","symbol":"LEO","quantity":"2.000","price":"0.48933900","timestamp":1630472664,"volume":"0.97867800","buyTxId":"62762bcd25eb547590f17e912cb73b32913b70ce","sellTxId":"02ad89461dd60c8916512e6a9190d7e2434ab16a"}
{"index": {"_index":"leo","_id":"1458504"}}
	{"id":1458504,"type":"sell","buyer":"leomaker","seller":"barski","symbol":"LEO","quantity":"0.986","price":"0.48923900","timestamp":1630472817,"volume":"0.48238965","buyTxId":"31544ea99347b9da65e9e77f0c458316548d9737","sellTxId":"d2f9d7be6e16160687e2728421fdc023d9d92e26"}
{"index": {"_index":"leo","_id":"1458569"}}
	{"id":1458569,"type":"sell","buyer":"leomaker","seller":"johnwege","symbol":"LEO","quantity":"1.578","price":"0.48923900","timestamp":1630473555,"volume":"0.77201914","buyTxId":"31544ea99347b9da65e9e77f0c458316548d9737","sellTxId":"7b657a3697fa31cf276f214b820a1bb21c74e599"}
{"index": {"_index":"leo","_id":"1458717"}}
	{"id":1458717,"type":"sell","buyer":"leomaker","seller":"logicforce","symbol":"LEO","quantity":"0.742","price":"0.48923900","timestamp":1630475499,"volume":"0.36301534","buyTxId":"31544ea99347b9da65e9e77f0c458316548d9737","sellTxId":"f2da6373809d54873c6360df630ed8bde561e481"}
{"index": {"_index":"leo","_id":"1458769"}}
	{"id":1458769,"type":"sell","buyer":"leomaker","seller":"liotes.fund","symbol":"LEO","quantity":"14.235","price":"0.48923900","timestamp":1630476399,"volume":"6.96431717","buyTxId":"31544ea99347b9da65e9e77f0c458316548d9737","sellTxId":"7cea89c354cdfb08e21c4023e164cc107ca9cdd3"}
{"index": {"_index":"leo","_id":"1458937"}}
	{"id":1458937,"type":"sell","buyer":"leomaker","seller":"esmeesmith","symbol":"LEO","quantity":"10","price":"0.48923900","timestamp":1630478622,"volume":"4.89239000","buyTxId":"31544ea99347b9da65e9e77f0c458316548d9737","sellTxId":"8ef12c0e36d591b39c20d84a6a66335991f844f8"}
{"index": {"_index":"leo","_id":"1458958"}}
	{"id":1458958,"type":"sell","buyer":"leomaker","seller":"jfang003","symbol":"LEO","quantity":"50.000","price":"0.48923900","timestamp":1630478916,"volume":"24.46195000","buyTxId":"31544ea99347b9da65e9e77f0c458316548d9737","sellTxId":"aa31f98257c997f634fa2f50739970ea35b18f83"}
{"index": {"_index":"leo","_id":"1459054"}}
	{"id":1459054,"type":"sell","buyer":"leomaker","seller":"fullcoverbetting","symbol":"LEO","quantity":"0.500","price":"0.48923900","timestamp":1630480494,"volume":"0.24461950","buyTxId":"31544ea99347b9da65e9e77f0c458316548d9737","sellTxId":"c4c8741ddd4d874680677a1cb68b8606a1d39035"}
{"index": {"_index":"leo","_id":"1459260"}}
	{"id":1459260,"type":"sell","buyer":"leomaker","seller":"cooltivar","symbol":"LEO","quantity":"0.017","price":"0.48923900","timestamp":1630484211,"volume":"0.00831706","buyTxId":"31544ea99347b9da65e9e77f0c458316548d9737","sellTxId":"6fb8bc230d136166075771cfba4d0ef455f18b9d"}
{"index": {"_index":"leo","_id":"1459354"}}
	{"id":1459354,"type":"buy","buyer":"abh12345","seller":"forykw","symbol":"LEO","quantity":"1.303","price":"0.48924000","timestamp":1630486401,"volume":"0.63747972","buyTxId":"3818846338d020567da2a66aa47dab79c5a95bde","sellTxId":"6c09a917172a3b4d760f8c5c6a2cf73f7062dff3"}
{"index": {"_index":"leo","_id":"1459355"}}
	{"id":1459355,"type":"buy","buyer":"abh12345","seller":"stokjockey","symbol":"LEO","quantity":"139.703","price":"0.48933900","timestamp":1630486401,"volume":"68.36212632","buyTxId":"3818846338d020567da2a66aa47dab79c5a95bde","sellTxId":"02ad89461dd60c8916512e6a9190d7e2434ab16a"}
{"index": {"_index":"leo","_id":"1459356"}}
	{"id":1459356,"type":"buy","buyer":"abh12345","seller":"chekohler","symbol":"LEO","quantity":"4.349","price":"0.48934000","timestamp":1630486401,"volume":"2.12813966","buyTxId":"3818846338d020567da2a66aa47dab79c5a95bde","sellTxId":"15bfdaffacbd778105a04e81d0ea3f115ed3ac64"}
{"index": {"_index":"leo","_id":"1459357"}}
	{"id":1459357,"type":"buy","buyer":"abh12345","seller":"unorgmilitia","symbol":"LEO","quantity":"354.645","price":"0.49000000","timestamp":1630486401,"volume":"173.77605000","buyTxId":"3818846338d020567da2a66aa47dab79c5a95bde","sellTxId":"d6102820d32b3a7455998a2e7bdbf81c5ab18742"}
{"index": {"_index":"leo","_id":"1459363"}}
	{"id":1459363,"type":"sell","buyer":"leomaker","seller":"oliverschmid","symbol":"LEO","quantity":"0.002","price":"0.48923900","timestamp":1630486500,"volume":"0.00097848","buyTxId":"31544ea99347b9da65e9e77f0c458316548d9737","sellTxId":"a7a8cd37fc38e9f4f6b6e9120d0b7f2666b942bf"}
{"index": {"_index":"leo","_id":"1459420"}}
	{"id":1459420,"type":"buy","buyer":"shortsegments","seller":"nuthman","symbol":"LEO","quantity":"10.850","price":"0.48924000","timestamp":1630487655,"volume":"5.30825400","buyTxId":"273deba7f98eeb0931a6d7fe833747abebc76a41","sellTxId":"6913a7ad5cfb4684ce2a9c8de78cc8c2302c6a00"}
{"index": {"_index":"leo","_id":"1459421"}}
	{"id":1459421,"type":"buy","buyer":"shortsegments","seller":"unorgmilitia","symbol":"LEO","quantity":"290.168","price":"0.49000000","timestamp":1630487655,"volume":"142.18232000","buyTxId":"273deba7f98eeb0931a6d7fe833747abebc76a41","sellTxId":"d6102820d32b3a7455998a2e7bdbf81c5ab18742"}
{"index": {"_index":"leo","_id":"1459422"}}
	{"id":1459422,"type":"buy","buyer":"shortsegments","seller":"ripazha","symbol":"LEO","quantity":"710.982","price":"0.49304973","timestamp":1630487655,"volume":"350.54948313","buyTxId":"273deba7f98eeb0931a6d7fe833747abebc76a41","sellTxId":"66e031567c05c32ae25667ba9c866a69741e49eb-2"}
{"index": {"_index":"leo","_id":"1459446"}}
	{"id":1459446,"type":"buy","buyer":"shortsegments","seller":"ripazha","symbol":"LEO","quantity":"344.000","price":"0.49349999","timestamp":1630488036,"volume":"169.76399656","buyTxId":"2b6dd769e2ae979542d5153a5d49b21dc51bcd7c","sellTxId":"7f2fdbd8b24f9413b99f847891ccf1bf4bd81964-2"}
{"index": {"_index":"leo","_id":"1459463"}}
	{"id":1459463,"type":"sell","buyer":"leomaker","seller":"mykos","symbol":"LEO","quantity":"0.563","price":"0.48923900","timestamp":1630488324,"volume":"0.27544156","buyTxId":"31544ea99347b9da65e9e77f0c458316548d9737","sellTxId":"534d4fd3c16e5af4abca95ee3aff0bff46104ffe"}
{"index": {"_index":"leo","_id":"1459473"}}
	{"id":1459473,"type":"sell","buyer":"leomaker","seller":"seed-treasury","symbol":"LEO","quantity":"19.226","price":"0.48923900","timestamp":1630488567,"volume":"9.40610901","buyTxId":"31544ea99347b9da65e9e77f0c458316548d9737","sellTxId":"7a03f8d517c114c00062fa916925e6036577e479"}
{"index": {"_index":"leo","_id":"1459474"}}
	{"id":1459474,"type":"sell","buyer":"leomaker","seller":"seed-treasury","symbol":"LEO","quantity":"32.774","price":"0.48913700","timestamp":1630488567,"volume":"16.03097604","buyTxId":"2faf767beba90a99874a09f58c23c8596cdb3f68","sellTxId":"7a03f8d517c114c00062fa916925e6036577e479"}
{"index": {"_index":"leo","_id":"1459561"}}
	{"id":1459561,"type":"sell","buyer":"leomaker","seller":"elianaicgomes","symbol":"LEO","quantity":"19.001","price":"0.48913700","timestamp":1630490655,"volume":"9.29409214","buyTxId":"2faf767beba90a99874a09f58c23c8596cdb3f68","sellTxId":"7e173c86872fae046f0d29ac3aea4d6898884eb3"}
{"index": {"_index":"leo","_id":"1459609"}}
	{"id":1459609,"type":"buy","buyer":"maarnio","seller":"leomaker","symbol":"LEO","quantity":"20.643","price":"0.49349900","timestamp":1630491732,"volume":"10.18729986","buyTxId":"7c153a3566e9219f10db219c7a3a41b3ac0ecf33","sellTxId":"2ca5df19c1e60398f138ed52489be821d3680b5d"}
{"index": {"_index":"leo","_id":"1459610"}}
	{"id":1459610,"type":"buy","buyer":"maarnio","seller":"ripazha","symbol":"LEO","quantity":"378.357","price":"0.49349999","timestamp":1630491732,"volume":"186.71917572","buyTxId":"7c153a3566e9219f10db219c7a3a41b3ac0ecf33","sellTxId":"cc864ed9c4c2b79284abea305ed77bb3b02b08be-2"}
{"index": {"_index":"leo","_id":"1459675"}}
	{"id":1459675,"type":"sell","buyer":"leomaker","seller":"belemo","symbol":"LEO","quantity":"23.403","price":"0.48913700","timestamp":1630492827,"volume":"11.44727321","buyTxId":"2faf767beba90a99874a09f58c23c8596cdb3f68","sellTxId":"1d08026c05410e4e3c38295fda8cd5e02f7e0068"}
{"index": {"_index":"leo","_id":"1459679"}}
	{"id":1459679,"type":"sell","buyer":"leomaker","seller":"belemo","symbol":"LEO","quantity":"25.984","price":"0.48913700","timestamp":1630492944,"volume":"12.70973580","buyTxId":"2faf767beba90a99874a09f58c23c8596cdb3f68","sellTxId":"8ee3bf454e4cd0e526733590b4c028548a42aac0"}
{"index": {"_index":"leo","_id":"1459680"}}
	{"id":1459680,"type":"sell","buyer":"freebornsociety","seller":"belemo","symbol":"LEO","quantity":"23.016","price":"0.48900000","timestamp":1630492944,"volume":"11.25482400","buyTxId":"MM-P-10054434-57038184-3-4-0","sellTxId":"8ee3bf454e4cd0e526733590b4c028548a42aac0"}
{"index": {"_index":"leo","_id":"1459738"}}
	{"id":1459738,"type":"sell","buyer":"leomaker","seller":"ripazha","symbol":"LEO","quantity":"95.120","price":"0.48900100","timestamp":1630493181,"volume":"46.51377512","buyTxId":"754b0d55cac095dd61d43431d8eb871e72483338","sellTxId":"6cfaee4588e95b2e212779896744bbf2e1338e2f-2"}
{"index": {"_index":"leo","_id":"1459739"}}
	{"id":1459739,"type":"sell","buyer":"freebornsociety","seller":"ripazha","symbol":"LEO","quantity":"283.732","price":"0.48900000","timestamp":1630493181,"volume":"138.74494800","buyTxId":"MM-P-10054434-57038184-3-4-0","sellTxId":"6cfaee4588e95b2e212779896744bbf2e1338e2f-2"}
{"index": {"_index":"leo","_id":"1459740"}}
	{"id":1459740,"type":"sell","buyer":"leomaker","seller":"ripazha","symbol":"LEO","quantity":"105.263","price":"0.48873500","timestamp":1630493181,"volume":"51.44571231","buyTxId":"c525296c4d7de2c70e9a17c30fc5a77ae9d31a34","sellTxId":"6cfaee4588e95b2e212779896744bbf2e1338e2f-2"}
{"index": {"_index":"leo","_id":"1459741"}}
	{"id":1459741,"type":"sell","buyer":"leomaker","seller":"ripazha","symbol":"LEO","quantity":"108.862","price":"0.48863300","timestamp":1630493181,"volume":"53.19356565","buyTxId":"b9bc18633f2d95c7035c479fd49c0d2307bb728f","sellTxId":"6cfaee4588e95b2e212779896744bbf2e1338e2f-2"}
{"index": {"_index":"leo","_id":"1459742"}}
	{"id":1459742,"type":"sell","buyer":"leomaker","seller":"ripazha","symbol":"LEO","quantity":"106.425","price":"0.48853100","timestamp":1630493181,"volume":"51.99191168","buyTxId":"7367820949a2604c54c80e18e527af9dbf669104","sellTxId":"6cfaee4588e95b2e212779896744bbf2e1338e2f-2"}
{"index": {"_index":"leo","_id":"1459743"}}
	{"id":1459743,"type":"sell","buyer":"leomaker","seller":"ripazha","symbol":"LEO","quantity":"55.877","price":"0.48852900","timestamp":1630493181,"volume":"27.29753493","buyTxId":"4d78715144edd0f8bc20a15bcbdf6c1e1c33adc0","sellTxId":"6cfaee4588e95b2e212779896744bbf2e1338e2f-2"}
{"index": {"_index":"leo","_id":"1459744"}}
	{"id":1459744,"type":"sell","buyer":"enginemaker","seller":"ripazha","symbol":"LEO","quantity":"204.718","price":"0.48847700","timestamp":1630493181,"volume":"100.00003449","buyTxId":"MM-P-10048010-57031758-3-1-0","sellTxId":"6cfaee4588e95b2e212779896744bbf2e1338e2f-2"}
{"index": {"_index":"leo","_id":"1459745"}}
	{"id":1459745,"type":"sell","buyer":"leomaker","seller":"ripazha","symbol":"LEO","quantity":"124.852","price":"0.48846700","timestamp":1630493181,"volume":"60.98608188","buyTxId":"3a131b4dd85fbabd500fffa82ab8eec59c3b08be","sellTxId":"6cfaee4588e95b2e212779896744bbf2e1338e2f-2"}
{"index": {"_index":"leo","_id":"1459746"}}
	{"id":1459746,"type":"sell","buyer":"leomaker","seller":"ripazha","symbol":"LEO","quantity":"129.353","price":"0.48837400","timestamp":1630493181,"volume":"63.17264202","buyTxId":"5e0c2ec18714bf8f3edc2df16eebd356324dda9d","sellTxId":"6cfaee4588e95b2e212779896744bbf2e1338e2f-2"}
{"index": {"_index":"leo","_id":"1459747"}}
	{"id":1459747,"type":"sell","buyer":"leomaker","seller":"ripazha","symbol":"LEO","quantity":"134.098","price":"0.48825100","timestamp":1630493181,"volume":"65.47348260","buyTxId":"f072b35bdc874e552f6167b7651a9b54f0fdf0fa","sellTxId":"6cfaee4588e95b2e212779896744bbf2e1338e2f-2"}
{"index": {"_index":"leo","_id":"1459748"}}
	{"id":1459748,"type":"sell","buyer":"leomaker","seller":"ripazha","symbol":"LEO","quantity":"137.905","price":"0.48823900","timestamp":1630493181,"volume":"67.33059930","buyTxId":"02daae747cec56fa747d6ad1837c57fcf1559893","sellTxId":"6cfaee4588e95b2e212779896744bbf2e1338e2f-2"}
{"index": {"_index":"leo","_id":"1459749"}}
	{"id":1459749,"type":"sell","buyer":"leomaker","seller":"ripazha","symbol":"LEO","quantity":"142.977","price":"0.48802700","timestamp":1630493181,"volume":"69.77663638","buyTxId":"d27e94373e438a87ae1046383068c10dca2cdd80","sellTxId":"6cfaee4588e95b2e212779896744bbf2e1338e2f-2"}
{"index": {"_index":"leo","_id":"1459750"}}
	{"id":1459750,"type":"sell","buyer":"leomaker","seller":"ripazha","symbol":"LEO","quantity":"147.828","price":"0.48770500","timestamp":1630493181,"volume":"72.09645474","buyTxId":"ceb92c242106013a83c20eb53a8bd0f84fd3de8a","sellTxId":"6cfaee4588e95b2e212779896744bbf2e1338e2f-2"}
{"index": {"_index":"leo","_id":"1459751"}}
	{"id":1459751,"type":"sell","buyer":"mmmmkkkk311","seller":"ripazha","symbol":"LEO","quantity":"117.157","price":"0.48652300","timestamp":1630493181,"volume":"56.99957511","buyTxId":"MM-P-10055691-57039442-3-17-0","sellTxId":"6cfaee4588e95b2e212779896744bbf2e1338e2f-2"}
{"index": {"_index":"leo","_id":"1459752"}}
	{"id":1459752,"type":"sell","buyer":"leomaker","seller":"ripazha","symbol":"LEO","quantity":"147.596","price":"0.48651300","timestamp":1630493181,"volume":"71.80737275","buyTxId":"ff0b2242fc681d7f09ce4749b9491261ca012da0","sellTxId":"6cfaee4588e95b2e212779896744bbf2e1338e2f-2"}
{"index": {"_index":"leo","_id":"1459753"}}
	{"id":1459753,"type":"sell","buyer":"leomaker","seller":"ripazha","symbol":"LEO","quantity":"153.319","price":"0.48629100","timestamp":1630493181,"volume":"74.55764983","buyTxId":"7bd42e54212fa02cfcc7cba18d6ae676f2ff01b7","sellTxId":"6cfaee4588e95b2e212779896744bbf2e1338e2f-2"}
{"index": {"_index":"leo","_id":"1459756"}}
	{"id":1459756,"type":"buy","buyer":"konvik","seller":"ripazha","symbol":"LEO","quantity":"624.754","price":"0.48273524","timestamp":1630493184,"volume":"301.59077213","buyTxId":"b7a7b0f34ab03803b4a15dce00d4edcaf5532d5b-0","sellTxId":"6cfaee4588e95b2e212779896744bbf2e1338e2f-2"}
{"index": {"_index":"leo","_id":"1459839"}}
	{"id":1459839,"type":"buy","buyer":"scooter77","seller":"ripazha","symbol":"LEO","quantity":"30.000","price":"0.49347893","timestamp":1630493862,"volume":"14.80436790","buyTxId":"29c97368ff54763f21b6972ec2dd318026de9d7d","sellTxId":"13eb26fe1a501484ccac2bdac386f4f73e3b9725-2"}
{"index": {"_index":"leo","_id":"1459842"}}
	{"id":1459842,"type":"buy","buyer":"solovey6o2","seller":"kolbjorn","symbol":"LEO","quantity":"5.915","price":"0.47749613","timestamp":1630493934,"volume":"2.82438961","buyTxId":"63e09126dceaa28a134a14b87eb83afbef2784bf","sellTxId":"050f6c1d98d04b244d8430a30ce5fe5e60a1fbe6"}
{"index": {"_index":"leo","_id":"1459902"}}
	{"id":1459902,"type":"buy","buyer":"silvergoldhunter","seller":"solovey6o2","symbol":"LEO","quantity":"105.750","price":"0.49344885","timestamp":1630494768,"volume":"52.18221589","buyTxId":"706f9fd9ae4015e19eba82545dc74342ff836e8b","sellTxId":"da027e1fd312259e10e84b5877b7ff54d2008af5"}
{"index": {"_index":"leo","_id":"1459912"}}
	{"id":1459912,"type":"sell","buyer":"pi-trader","seller":"narumisweety","symbol":"LEO","quantity":"0.323","price":"0.47749605","timestamp":1630494933,"volume":"0.15423122","buyTxId":"4542236c1f21605606dd17afb8aa248b1ef704d1-1","sellTxId":"90c64e6aad213402b52eb8049e0f63ce65eaa414"}
{"index": {"_index":"leo","_id":"1459969"}}
	{"id":1459969,"type":"sell","buyer":"pi-trader","seller":"insight.pob","symbol":"LEO","quantity":"13.282","price":"0.47770621","timestamp":1630495620,"volume":"6.34489388","buyTxId":"7eed127c50c769974617eca8c06413d1072dbe56-1","sellTxId":"d9292d1f6e88cb30cb9175ab94a8b9e4758f8cc6"}
{"index": {"_index":"leo","_id":"1460040"}}
	{"id":1460040,"type":"sell","buyer":"solovey6o2","seller":"donthaveone","symbol":"LEO","quantity":"3.839","price":"0.47784634","timestamp":1630496781,"volume":"1.83445210","buyTxId":"65c8616e5a2696b27e712a244593e5fb3e1ce65a","sellTxId":"020f45bd57558237de733cc2cf2c73e3e1e174c2"}
{"index": {"_index":"leo","_id":"1460314"}}
	{"id":1460314,"type":"sell","buyer":"pi-trader","seller":"ash","symbol":"LEO","quantity":"4.926","price":"0.47822689","timestamp":1630501122,"volume":"2.35574566","buyTxId":"c30a9b531a738de21d7ad7c942466770da43d906-1","sellTxId":"ecc738988ae271de03fa81be8f2eb540a91ebcee"}
{"index": {"_index":"leo","_id":"1460318"}}
	{"id":1460318,"type":"buy","buyer":"steemstreems","seller":"solovey6o2","symbol":"LEO","quantity":"21.569","price":"0.49323864","timestamp":1630501134,"volume":"10.63893737","buyTxId":"2f4a7b8466775c18b2669e2d0d58b2f5c809588b","sellTxId":"718b0560087872fdb5baa0f1e0335dfb34bcf68b"}
{"index": {"_index":"leo","_id":"1460354"}}
	{"id":1460354,"type":"buy","buyer":"bigram13","seller":"solovey6o2","symbol":"LEO","quantity":"105.000","price":"0.49322863","timestamp":1630501467,"volume":"51.78900615","buyTxId":"196bfe993829a81e7fb83ce12c338b4b43be7e11","sellTxId":"2b0ce55564ee646ad5a417c292ee26b2f3a2d2df"}
{"index": {"_index":"leo","_id":"1460415"}}
	{"id":1460415,"type":"buy","buyer":"preparedwombat","seller":"enginemaker","symbol":"LEO","quantity":"5.000","price":"0.49318860","timestamp":1630502439,"volume":"2.46594300","buyTxId":"44019b2c73260ae6991004226277bce5b20a5931","sellTxId":"MM-P-10059976-57043731-3-1-1"}
{"index": {"_index":"leo","_id":"1460561"}}
	{"id":1460561,"type":"sell","buyer":"solovey6o2","seller":"javb","symbol":"LEO","quantity":"311.487","price":"0.47864237","timestamp":1630505316,"volume":"149.09087590","buyTxId":"42abf1a61dec9e55ca7b76759e06b514d3860344","sellTxId":"88dc4fe63b9b68762f5afdd550d7712e4a3c481c"}
{"index": {"_index":"leo","_id":"1460571"}}
	{"id":1460571,"type":"sell","buyer":"pi-trader","seller":"wolfninja","symbol":"LEO","quantity":"2.102","price":"0.47874243","timestamp":1630505562,"volume":"1.00631659","buyTxId":"44c0233ff95becf8da7adfa1b27c1ca2a04b3477-1","sellTxId":"b3c87cea1458aa502564c310bd8a6b9bdfc60241"}
{"index": {"_index":"leo","_id":"1460590"}}
	{"id":1460590,"type":"sell","buyer":"pi-trader","seller":"galberto","symbol":"LEO","quantity":"50.000","price":"0.47885250","timestamp":1630505970,"volume":"23.94262500","buyTxId":"accf922dc47dffcfd28649ac51aff565837d9827-1","sellTxId":"58dbfb1afd7c318d6c1317dba5896f90e8fa238f"}
{"index": {"_index":"leo","_id":"1460591"}}
	{"id":1460591,"type":"sell","buyer":"solovey6o2","seller":"galberto","symbol":"LEO","quantity":"232.466","price":"0.47885249","timestamp":1630505970,"volume":"111.31692294","buyTxId":"b010eed3172411de66fc7c61e821c1505bb632d0","sellTxId":"58dbfb1afd7c318d6c1317dba5896f90e8fa238f"}
{"index": {"_index":"leo","_id":"1460592"}}
	{"id":1460592,"type":"buy","buyer":"konvik","seller":"galberto","symbol":"LEO","quantity":"534.671","price":"0.47885248","timestamp":1630505973,"volume":"256.02853433","buyTxId":"5dc6cac2cf44bb1150f49f772afd0b0feadd4505-0","sellTxId":"58dbfb1afd7c318d6c1317dba5896f90e8fa238f"}
{"index": {"_index":"leo","_id":"1460627"}}
	{"id":1460627,"type":"sell","buyer":"enginemaker","seller":"galberto","symbol":"LEO","quantity":"208.876","price":"0.47875243","timestamp":1630506465,"volume":"99.99989257","buyTxId":"MM-P-10061072-57044828-3-1-0","sellTxId":"422221dd69ed22adc24bd5deae9a59e825e71cfa"}
{"index": {"_index":"leo","_id":"1460630"}}
	{"id":1460630,"type":"sell","buyer":"ripazha","seller":"galberto","symbol":"LEO","quantity":"100.790","price":"0.47839201","timestamp":1630506507,"volume":"48.21713069","buyTxId":"81938fd44ce62b7e0a8795f75cba873dbd0dd4bc-3","sellTxId":"c501d5c4610fd81817ceb587d9917b780694762a"}
{"index": {"_index":"leo","_id":"1460646"}}
	{"id":1460646,"type":"sell","buyer":"leomaker","seller":"galberto","symbol":"LEO","quantity":"96.903","price":"0.47839400","timestamp":1630506582,"volume":"46.35781378","buyTxId":"773895596fb9c2e05c7cff02db2eca56e126d64d","sellTxId":"dc91f1515472c4ffb056eff04ac923ac0d7a1d7c"}
{"index": {"_index":"leo","_id":"1460647"}}
	{"id":1460647,"type":"sell","buyer":"ripazha","seller":"galberto","symbol":"LEO","quantity":"2307.078","price":"0.47839201","timestamp":1630506582,"volume":"1103.68768165","buyTxId":"81938fd44ce62b7e0a8795f75cba873dbd0dd4bc-3","sellTxId":"dc91f1515472c4ffb056eff04ac923ac0d7a1d7c"}
{"index": {"_index":"leo","_id":"1460757"}}
	{"id":1460757,"type":"sell","buyer":"solovey6o2","seller":"chireerocks","symbol":"LEO","quantity":"4.318","price":"0.47900001","timestamp":1630508457,"volume":"2.06832204","buyTxId":"45e11336645b832c5bcd06b0d04cdf1f996bbdaf","sellTxId":"4261055574bd72dc48c9327a46185536cbc85f3a"}
{"index": {"_index":"leo","_id":"1460776"}}
	{"id":1460776,"type":"sell","buyer":"enginemaker","seller":"jeniffer23","symbol":"LEO","quantity":"2.793","price":"0.47901001","timestamp":1630509033,"volume":"1.33787496","buyTxId":"MM-P-10062168-57045924-3-1-0","sellTxId":"6c6548808fb450f873369e371c360b9dfe6ee472"}
{"index": {"_index":"leo","_id":"1460793"}}
	{"id":1460793,"type":"sell","buyer":"solovey6o2","seller":"citimillz","symbol":"LEO","quantity":"0.516","price":"0.47901002","timestamp":1630509345,"volume":"0.24716917","buyTxId":"88f5a5169c5b61ff606c17124d4b623d420c304e","sellTxId":"82d3727bd341b52e4de4d579b3f31fd741d08c13"}
{"index": {"_index":"leo","_id":"1460810"}}
	{"id":1460810,"type":"sell","buyer":"solovey6o2","seller":"aotearoa","symbol":"LEO","quantity":"0.083","price":"0.47901002","timestamp":1630509756,"volume":"0.03975783","buyTxId":"88f5a5169c5b61ff606c17124d4b623d420c304e","sellTxId":"80ccda157ce2d07d61eca07de537f055f4c0e626"}
{"index": {"_index":"leo","_id":"1460840"}}
	{"id":1460840,"type":"sell","buyer":"leomaker","seller":"thebeardflex","symbol":"LEO","quantity":"1.448","price":"0.47901200","timestamp":1630510431,"volume":"0.69360938","buyTxId":"29fece4b6423db38ac633f0942da94fd69e466ea","sellTxId":"ca53ea5f0b11102721bf3a7f30e8b2a328b5fc66"}
{"index": {"_index":"leo","_id":"1460851"}}
	{"id":1460851,"type":"sell","buyer":"solovey6o2","seller":"interpretation","symbol":"LEO","quantity":"0.692","price":"0.47901201","timestamp":1630510806,"volume":"0.33147631","buyTxId":"e22aa495a26e279657097151945ea13357f1d186","sellTxId":"6dd0c994b7026cfe4c961f176bb224c7917d209b"}
{"index": {"_index":"leo","_id":"1460858"}}
	{"id":1460858,"type":"sell","buyer":"solovey6o2","seller":"vanillavow","symbol":"LEO","quantity":"0.260","price":"0.47901201","timestamp":1630510962,"volume":"0.12454312","buyTxId":"e22aa495a26e279657097151945ea13357f1d186","sellTxId":"8e2a654340def683c0dc0e949f6fb877c3474acf"}
{"index": {"_index":"leo","_id":"1461013"}}
	{"id":1461013,"type":"sell","buyer":"solovey6o2","seller":"workilumo","symbol":"LEO","quantity":"1.380","price":"0.47902003","timestamp":1630513101,"volume":"0.66104764","buyTxId":"cec98fcdabb6b68e9c5ddca2b366aaf7c3faa207","sellTxId":"41603b561bf5e8a51883b6f54cd8a069ceb7232f"}
{"index": {"_index":"leo","_id":"1461075"}}
	{"id":1461075,"type":"buy","buyer":"globalcurrencies","seller":"enginemaker","symbol":"LEO","quantity":"100.000","price":"0.48980694","timestamp":1630513854,"volume":"48.98069400","buyTxId":"442c53c5feb787ef022bb848dd5fadbba7128958","sellTxId":"MM-P-10063765-57047523-3-1-1"}
{"index": {"_index":"leo","_id":"1461077"}}
	{"id":1461077,"type":"sell","buyer":"globalcurrencies","seller":"konvik","symbol":"LEO","quantity":"1062.663","price":"0.48981694","timestamp":1630513857,"volume":"520.51033891","buyTxId":"442c53c5feb787ef022bb848dd5fadbba7128958","sellTxId":"f591dd4febccad4ed8a8e968f3033bad2bc9a62f-1"}
{"index": {"_index":"leo","_id":"1461079"}}
	{"id":1461079,"type":"sell","buyer":"globalcurrencies","seller":"solovey6o2","symbol":"LEO","quantity":"837.337","price":"0.48981694","timestamp":1630513872,"volume":"410.14184709","buyTxId":"442c53c5feb787ef022bb848dd5fadbba7128958","sellTxId":"aed0dc50d4d072e87e6ad980c3c35b5a78a5b530"}
{"index": {"_index":"leo","_id":"1461181"}}
	{"id":1461181,"type":"sell","buyer":"pi-trader","seller":"captainquack22","symbol":"LEO","quantity":"1.188","price":"0.47905017","timestamp":1630514796,"volume":"0.56911160","buyTxId":"bd863120a3ae8d45c5b4cc5cf1dce2f1796bc3eb-1","sellTxId":"fa1a0e53989231cd0746294c1a87c9d2b3c96314"}
{"index": {"_index":"leo","_id":"1461199"}}
	{"id":1461199,"type":"sell","buyer":"solovey6o2","seller":"worktight","symbol":"LEO","quantity":"0.651","price":"0.47905018","timestamp":1630514859,"volume":"0.31186167","buyTxId":"f9f3c2b5f92b1075c73d94ab668944856013b1f1","sellTxId":"18da7e0f52b761b9c313d2f86e5549faff12a381"}
{"index": {"_index":"leo","_id":"1461204"}}
	{"id":1461204,"type":"sell","buyer":"ripazha","seller":"votebetting","symbol":"LEO","quantity":"0.198","price":"0.47905021","timestamp":1630514928,"volume":"0.09485194","buyTxId":"2122abb9e78949fa1e2bda55b7bc7a31a0a40bd8-3","sellTxId":"34c670e7864a407e29cd84a457c16532b45f5beb"}
{"index": {"_index":"leo","_id":"1461277"}}
	{"id":1461277,"type":"sell","buyer":"solovey6o2","seller":"mawit07","symbol":"LEO","quantity":"3.501","price":"0.47907032","timestamp":1630515558,"volume":"1.67722519","buyTxId":"ef1201e9aa19566dd9cf70635062f822b1a9f6ea","sellTxId":"119b36a7b439c828e561774a9320364088806f27"}
{"index": {"_index":"leo","_id":"1461488"}}
	{"id":1461488,"type":"sell","buyer":"pi-trader","seller":"silvertop","symbol":"LEO","quantity":"7.011","price":"0.47910046","timestamp":1630516632,"volume":"3.35897333","buyTxId":"3a6e5c6364d792605ccacdd034880e551edea485-1","sellTxId":"94ccf4d8557fe3b0a9de77ee42f76fdb9dbb3382"}
{"index": {"_index":"leo","_id":"1461561"}}
	{"id":1461561,"type":"buy","buyer":"ripazha","seller":"enginemaker","symbol":"LEO","quantity":"100.000","price":"0.48971396","timestamp":1630517457,"volume":"48.97139600","buyTxId":"c87ed7479db04f6be39f528c14baf9e0ae5f9577-0","sellTxId":"MM-P-10064963-57048721-3-1-1"}
{"index": {"_index":"leo","_id":"1461562"}}
	{"id":1461562,"type":"buy","buyer":"ripazha","seller":"leomaker","symbol":"LEO","quantity":"20.751","price":"0.48975400","timestamp":1630517457,"volume":"10.16288525","buyTxId":"c87ed7479db04f6be39f528c14baf9e0ae5f9577-4","sellTxId":"3d197d48ced26ec2ce4e9ef502abe8be6ef094c1"}
{"index": {"_index":"leo","_id":"1461563"}}
	{"id":1461563,"type":"buy","buyer":"ripazha","seller":"leomaker","symbol":"LEO","quantity":"20.713","price":"0.48979500","timestamp":1630517457,"volume":"10.14512384","buyTxId":"c87ed7479db04f6be39f528c14baf9e0ae5f9577-4","sellTxId":"462f4053047c8727d875823d6a833a3a1f7f6b9b"}
{"index": {"_index":"leo","_id":"1461564"}}
	{"id":1461564,"type":"buy","buyer":"ripazha","seller":"leomaker","symbol":"LEO","quantity":"20.690","price":"0.48982600","timestamp":1630517457,"volume":"10.13449994","buyTxId":"c87ed7479db04f6be39f528c14baf9e0ae5f9577-4","sellTxId":"5ebff55929a486626aaa5c52e8fde4004d64fdbd"}
{"index": {"_index":"leo","_id":"1461565"}}
	{"id":1461565,"type":"buy","buyer":"ripazha","seller":"leomaker","symbol":"LEO","quantity":"20.702","price":"0.48986700","timestamp":1630517457,"volume":"10.14122663","buyTxId":"c87ed7479db04f6be39f528c14baf9e0ae5f9577-4","sellTxId":"772a896d3ebeb9efe92999792737f501cf7556d1"}
{"index": {"_index":"leo","_id":"1461566"}}
	{"id":1461566,"type":"buy","buyer":"ripazha","seller":"leomaker","symbol":"LEO","quantity":"20.711","price":"0.48991800","timestamp":1630517457,"volume":"10.14669170","buyTxId":"c87ed7479db04f6be39f528c14baf9e0ae5f9577-4","sellTxId":"300d302796911753a3ce4c3cacd4f2bcddf9445f"}
{"index": {"_index":"leo","_id":"1461567"}}
	{"id":1461567,"type":"buy","buyer":"ripazha","seller":"leomaker","symbol":"LEO","quantity":"20.716","price":"0.48996900","timestamp":1630517457,"volume":"10.15019780","buyTxId":"c87ed7479db04f6be39f528c14baf9e0ae5f9577-4","sellTxId":"a63f37d6d5ca8a275be6c88fcafca8402331f7d3"}
{"index": {"_index":"leo","_id":"1461568"}}
	{"id":1461568,"type":"buy","buyer":"ripazha","seller":"mcoinz79","symbol":"LEO","quantity":"91.000","price":"0.49000000","timestamp":1630517457,"volume":"44.59000000","buyTxId":"c87ed7479db04f6be39f528c14baf9e0ae5f9577-4","sellTxId":"3dc15792fc0eaf121bd2992564620c35f4bf86a1"}
{"index": {"_index":"leo","_id":"1461569"}}
	{"id":1461569,"type":"buy","buyer":"ripazha","seller":"leomaker","symbol":"LEO","quantity":"20.410","price":"0.49290900","timestamp":1630517457,"volume":"10.06027269","buyTxId":"c87ed7479db04f6be39f528c14baf9e0ae5f9577-4","sellTxId":"73b0531d22401897ade84c4ad287dbda174dcea3"}
{"index": {"_index":"leo","_id":"1461570"}}
	{"id":1461570,"type":"buy","buyer":"ripazha","seller":"leomaker","symbol":"LEO","quantity":"19.219","price":"0.49294900","timestamp":1630517457,"volume":"9.47398683","buyTxId":"c87ed7479db04f6be39f528c14baf9e0ae5f9577-4","sellTxId":"d15b8c33cd902eb1a746944e2c97dc8b27c88ee4"}
{"index": {"_index":"leo","_id":"1461571"}}
	{"id":1461571,"type":"buy","buyer":"ripazha","seller":"freebornsociety","symbol":"LEO","quantity":"613.284","price":"0.49295000","timestamp":1630517457,"volume":"302.31834780","buyTxId":"c87ed7479db04f6be39f528c14baf9e0ae5f9577-4","sellTxId":"MM-P-10061313-57045069-3-4-1"}
{"index": {"_index":"leo","_id":"1461572"}}
	{"id":1461572,"type":"buy","buyer":"ripazha","seller":"leomaker","symbol":"LEO","quantity":"19.629","price":"0.49295900","timestamp":1630517457,"volume":"9.67629221","buyTxId":"c87ed7479db04f6be39f528c14baf9e0ae5f9577-4","sellTxId":"09662d887fe94a1ece25f1155cfcedd538ca7d0c"}
{"index": {"_index":"leo","_id":"1461573"}}
	{"id":1461573,"type":"buy","buyer":"ripazha","seller":"leomaker","symbol":"LEO","quantity":"19.275","price":"0.49312800","timestamp":1630517457,"volume":"9.50504220","buyTxId":"c87ed7479db04f6be39f528c14baf9e0ae5f9577-4","sellTxId":"6b14789211f037fbc4631c4dc6b2a5036c43935a"}
{"index": {"_index":"leo","_id":"1461574"}}
	{"id":1461574,"type":"buy","buyer":"ripazha","seller":"leomaker","symbol":"LEO","quantity":"19.059","price":"0.49316800","timestamp":1630517457,"volume":"9.39928891","buyTxId":"c87ed7479db04f6be39f528c14baf9e0ae5f9577-4","sellTxId":"7159b1ef25307a636a8bde4a8ece7d41e999b8d7"}
{"index": {"_index":"leo","_id":"1461575"}}
	{"id":1461575,"type":"buy","buyer":"ripazha","seller":"leomaker","symbol":"LEO","quantity":"19.007","price":"0.49320800","timestamp":1630517457,"volume":"9.37440446","buyTxId":"c87ed7479db04f6be39f528c14baf9e0ae5f9577-4","sellTxId":"2ba16a44db7568629ef284edb40fb864a26265c7"}
{"index": {"_index":"leo","_id":"1461576"}}
	{"id":1461576,"type":"buy","buyer":"ripazha","seller":"leomaker","symbol":"LEO","quantity":"18.946","price":"0.49324800","timestamp":1630517457,"volume":"9.34507661","buyTxId":"c87ed7479db04f6be39f528c14baf9e0ae5f9577-4","sellTxId":"3e850f61934695c557bd0e1592aef2ecb7596d46"}
{"index": {"_index":"leo","_id":"1461577"}}
	{"id":1461577,"type":"buy","buyer":"ripazha","seller":"leomaker","symbol":"LEO","quantity":"18.754","price":"0.49327800","timestamp":1630517457,"volume":"9.25093561","buyTxId":"c87ed7479db04f6be39f528c14baf9e0ae5f9577-4","sellTxId":"5102b4007dca2c6b1ff3dabd5bfbcf28b0d76717"}
{"index": {"_index":"leo","_id":"1461578"}}
	{"id":1461578,"type":"buy","buyer":"ripazha","seller":"leomaker","symbol":"LEO","quantity":"18.693","price":"0.49331800","timestamp":1630517457,"volume":"9.22159337","buyTxId":"c87ed7479db04f6be39f528c14baf9e0ae5f9577-4","sellTxId":"70482831085a2544ededc0fbabc7e95484bebc98"}
{"index": {"_index":"leo","_id":"1461579"}}
	{"id":1461579,"type":"buy","buyer":"ripazha","seller":"leomaker","symbol":"LEO","quantity":"18.306","price":"0.49334800","timestamp":1630517457,"volume":"9.03122849","buyTxId":"c87ed7479db04f6be39f528c14baf9e0ae5f9577-4","sellTxId":"a7c9fcc0a8c72147061e4c0c2411fb1c5cc5211d"}
{"index": {"_index":"leo","_id":"1461580"}}
	{"id":1461580,"type":"buy","buyer":"ripazha","seller":"leomaker","symbol":"LEO","quantity":"18.236","price":"0.49338800","timestamp":1630517457,"volume":"8.99742357","buyTxId":"c87ed7479db04f6be39f528c14baf9e0ae5f9577-4","sellTxId":"bca14fb4aa5c39af723f10e925587f9748f17486"}
{"index": {"_index":"leo","_id":"1461581"}}
	{"id":1461581,"type":"buy","buyer":"ripazha","seller":"leomaker","symbol":"LEO","quantity":"17.992","price":"0.49341800","timestamp":1630517457,"volume":"8.87757666","buyTxId":"c87ed7479db04f6be39f528c14baf9e0ae5f9577-4","sellTxId":"4b1f37736d518683d094f2dfabbdd3d1d923c2e5"}
{"index": {"_index":"leo","_id":"1461582"}}
	{"id":1461582,"type":"buy","buyer":"ripazha","seller":"leomaker","symbol":"LEO","quantity":"21.483","price":"0.49349900","timestamp":1630517457,"volume":"10.60183902","buyTxId":"c87ed7479db04f6be39f528c14baf9e0ae5f9577-4","sellTxId":"43a8fce9a746b56a6f1dab1f44d15b9fd43bf5ac"}
{"index": {"_index":"leo","_id":"1461583"}}
	{"id":1461583,"type":"buy","buyer":"ripazha","seller":"leomaker","symbol":"LEO","quantity":"19.835","price":"0.49880200","timestamp":1630517457,"volume":"9.89373767","buyTxId":"c87ed7479db04f6be39f528c14baf9e0ae5f9577-4","sellTxId":"72bf77d7312b3a473ef04439b5766530643b5feb"}
{"index": {"_index":"leo","_id":"1461584"}}
	{"id":1461584,"type":"buy","buyer":"ripazha","seller":"brofi-market","symbol":"LEO","quantity":"0.001","price":"0.49890267","timestamp":1630517457,"volume":"0.00049890","buyTxId":"c87ed7479db04f6be39f528c14baf9e0ae5f9577-4","sellTxId":"7010c6fb21943b8f4a6f40d18926c2a8ab984087"}
{"index": {"_index":"leo","_id":"1461585"}}
	{"id":1461585,"type":"buy","buyer":"ripazha","seller":"leomaker","symbol":"LEO","quantity":"19.986","price":"0.49897200","timestamp":1630517457,"volume":"9.97245439","buyTxId":"c87ed7479db04f6be39f528c14baf9e0ae5f9577-4","sellTxId":"bab4e9adc17f7d3b60a563bf9074c8fda2e5d44a"}
{"index": {"_index":"leo","_id":"1461586"}}
	{"id":1461586,"type":"buy","buyer":"ripazha","seller":"leomaker","symbol":"LEO","quantity":"20.045","price":"0.49901200","timestamp":1630517457,"volume":"10.00269554","buyTxId":"c87ed7479db04f6be39f528c14baf9e0ae5f9577-4","sellTxId":"efe7bf520c4d704f403cb40b3ceb76eb290c0055"}
{"index": {"_index":"leo","_id":"1461587"}}
	{"id":1461587,"type":"buy","buyer":"ripazha","seller":"leomaker","symbol":"LEO","quantity":"20.100","price":"0.49902200","timestamp":1630517457,"volume":"10.03034220","buyTxId":"c87ed7479db04f6be39f528c14baf9e0ae5f9577-4","sellTxId":"905d93261a1b4d83c3a15abb2f1a9d31574bb171"}
{"index": {"_index":"leo","_id":"1461588"}}
	{"id":1461588,"type":"buy","buyer":"ripazha","seller":"leomaker","symbol":"LEO","quantity":"19.971","price":"0.49907200","timestamp":1630517457,"volume":"9.96696691","buyTxId":"c87ed7479db04f6be39f528c14baf9e0ae5f9577-4","sellTxId":"7fc01f9d87227ef971fd2c9ff6a5815682bb013a"}
{"index": {"_index":"leo","_id":"1461589"}}
	{"id":1461589,"type":"buy","buyer":"ripazha","seller":"leomaker","symbol":"LEO","quantity":"20.112","price":"0.49912300","timestamp":1630517457,"volume":"10.03836178","buyTxId":"c87ed7479db04f6be39f528c14baf9e0ae5f9577-4","sellTxId":"df14cbbeed15cfbbb7e75471b02788c36a3d22a0"}
{"index": {"_index":"leo","_id":"1461590"}}
	{"id":1461590,"type":"buy","buyer":"ripazha","seller":"leomaker","symbol":"LEO","quantity":"20.160","price":"0.49917400","timestamp":1630517457,"volume":"10.06334784","buyTxId":"c87ed7479db04f6be39f528c14baf9e0ae5f9577-4","sellTxId":"1e25aa9bbffbf41d39e25e8f35cfaa1c25c9ad0a"}
{"index": {"_index":"leo","_id":"1461591"}}
	{"id":1461591,"type":"buy","buyer":"ripazha","seller":"leomaker","symbol":"LEO","quantity":"20.204","price":"0.49922500","timestamp":1630517457,"volume":"10.08634190","buyTxId":"c87ed7479db04f6be39f528c14baf9e0ae5f9577-4","sellTxId":"3f159b5a445b24aac0225368975125c2c00df465"}
{"index": {"_index":"leo","_id":"1461592"}}
	{"id":1461592,"type":"buy","buyer":"ripazha","seller":"accelerator","symbol":"LEO","quantity":"2.000","price":"0.49925400","timestamp":1630517457,"volume":"0.99850800","buyTxId":"c87ed7479db04f6be39f528c14baf9e0ae5f9577-4","sellTxId":"f5cda0613006476497626c2cfdc881d715db5166"}
{"index": {"_index":"leo","_id":"1461593"}}
	{"id":1461593,"type":"buy","buyer":"ripazha","seller":"leomaker","symbol":"LEO","quantity":"20.245","price":"0.49927500","timestamp":1630517457,"volume":"10.10782238","buyTxId":"c87ed7479db04f6be39f528c14baf9e0ae5f9577-4","sellTxId":"d0af46bc8219b5951f6fda592b1707a68d83dc8f"}
{"index": {"_index":"leo","_id":"1461594"}}
	{"id":1461594,"type":"buy","buyer":"ripazha","seller":"leomaker","symbol":"LEO","quantity":"20.324","price":"0.49932600","timestamp":1630517457,"volume":"10.14830162","buyTxId":"c87ed7479db04f6be39f528c14baf9e0ae5f9577-4","sellTxId":"58d805eb5353eafe01c84e4a2352efa26d848e7d"}
{"index": {"_index":"leo","_id":"1461595"}}
	{"id":1461595,"type":"buy","buyer":"ripazha","seller":"leomaker","symbol":"LEO","quantity":"20.461","price":"0.49937600","timestamp":1630517457,"volume":"10.21773234","buyTxId":"c87ed7479db04f6be39f528c14baf9e0ae5f9577-4","sellTxId":"45c60b9829af29226923f67f1df1bdfbf17ce026"}
{"index": {"_index":"leo","_id":"1461596"}}
	{"id":1461596,"type":"buy","buyer":"ripazha","seller":"leomaker","symbol":"LEO","quantity":"20.007","price":"0.49941600","timestamp":1630517457,"volume":"9.99181591","buyTxId":"c87ed7479db04f6be39f528c14baf9e0ae5f9577-4","sellTxId":"682f66717158a66cf48691193376988c04ebb9a7"}
{"index": {"_index":"leo","_id":"1461597"}}
	{"id":1461597,"type":"buy","buyer":"ripazha","seller":"leomaker","symbol":"LEO","quantity":"20.140","price":"0.49947600","timestamp":1630517457,"volume":"10.05944664","buyTxId":"c87ed7479db04f6be39f528c14baf9e0ae5f9577-4","sellTxId":"58ca127165cfa4be0f197ab12d78d3f8d87264c8"}
{"index": {"_index":"leo","_id":"1461598"}}
	{"id":1461598,"type":"buy","buyer":"ripazha","seller":"leomaker","symbol":"LEO","quantity":"19.498","price":"0.49951600","timestamp":1630517457,"volume":"9.73956297","buyTxId":"c87ed7479db04f6be39f528c14baf9e0ae5f9577-4","sellTxId":"488fd21b4e157717123cf42209d26108a2b5f5cb"}
{"index": {"_index":"leo","_id":"1461599"}}
	{"id":1461599,"type":"buy","buyer":"ripazha","seller":"leomaker","symbol":"LEO","quantity":"19.603","price":"0.49955600","timestamp":1630517457,"volume":"9.79279627","buyTxId":"c87ed7479db04f6be39f528c14baf9e0ae5f9577-4","sellTxId":"b9c5ac6158b71534eedba8566b4d20c94e8ab7f8"}
{"index": {"_index":"leo","_id":"1461600"}}
	{"id":1461600,"type":"buy","buyer":"ripazha","seller":"leomaker","symbol":"LEO","quantity":"19.707","price":"0.49958600","timestamp":1630517457,"volume":"9.84534130","buyTxId":"c87ed7479db04f6be39f528c14baf9e0ae5f9577-4","sellTxId":"aae920bcd3d319fd85d4ae5e51d1010c39faa265"}
{"index": {"_index":"leo","_id":"1461601"}}
	{"id":1461601,"type":"buy","buyer":"ripazha","seller":"leomaker","symbol":"LEO","quantity":"19.725","price":"0.49963700","timestamp":1630517457,"volume":"9.85533983","buyTxId":"c87ed7479db04f6be39f528c14baf9e0ae5f9577-4","sellTxId":"c2005f073527a7c994cca40b638916dd8893987a"}
{"index": {"_index":"leo","_id":"1461602"}}
	{"id":1461602,"type":"buy","buyer":"ripazha","seller":"leomaker","symbol":"LEO","quantity":"19.736","price":"0.49968700","timestamp":1630517457,"volume":"9.86182263","buyTxId":"c87ed7479db04f6be39f528c14baf9e0ae5f9577-4","sellTxId":"7c2f5ff1b82b837a840d0aa726537ab5ad37372f"}
{"index": {"_index":"leo","_id":"1461603"}}
	{"id":1461603,"type":"buy","buyer":"ripazha","seller":"leomaker","symbol":"LEO","quantity":"19.844","price":"0.49973700","timestamp":1630517457,"volume":"9.91678103","buyTxId":"c87ed7479db04f6be39f528c14baf9e0ae5f9577-4","sellTxId":"15b47139b3fe63bc316aa1dec2572ff34ad9fb97"}
{"index": {"_index":"leo","_id":"1461604"}}
	{"id":1461604,"type":"buy","buyer":"ripazha","seller":"chekohler","symbol":"LEO","quantity":"0.821","price":"0.49977000","timestamp":1630517457,"volume":"0.41031117","buyTxId":"c87ed7479db04f6be39f528c14baf9e0ae5f9577-4","sellTxId":"85cb57ac109d261459e457dc5257e24191b8d010"}
{"index": {"_index":"leo","_id":"1461605"}}
	{"id":1461605,"type":"buy","buyer":"ripazha","seller":"leomaker","symbol":"LEO","quantity":"19.931","price":"0.49977700","timestamp":1630517457,"volume":"9.96105539","buyTxId":"c87ed7479db04f6be39f528c14baf9e0ae5f9577-4","sellTxId":"15f218b4fbe7cabefcf19d0bf696a55fbb478cd0"}
{"index": {"_index":"leo","_id":"1461606"}}
	{"id":1461606,"type":"buy","buyer":"ripazha","seller":"leomaker","symbol":"LEO","quantity":"20.016","price":"0.49982800","timestamp":1630517457,"volume":"10.00455725","buyTxId":"c87ed7479db04f6be39f528c14baf9e0ae5f9577-4","sellTxId":"6b08c76685e20fe89912c18c7e82ae9226d65586"}
{"index": {"_index":"leo","_id":"1461607"}}
	{"id":1461607,"type":"buy","buyer":"ripazha","seller":"leomaker","symbol":"LEO","quantity":"20.132","price":"0.49987800","timestamp":1630517457,"volume":"10.06354390","buyTxId":"c87ed7479db04f6be39f528c14baf9e0ae5f9577-4","sellTxId":"8f0dc122263393a3e2d2f87c471b1aec7d7f205d"}
{"index": {"_index":"leo","_id":"1461608"}}
	{"id":1461608,"type":"buy","buyer":"ripazha","seller":"leomaker","symbol":"LEO","quantity":"20.216","price":"0.49991900","timestamp":1630517457,"volume":"10.10636250","buyTxId":"c87ed7479db04f6be39f528c14baf9e0ae5f9577-4","sellTxId":"89d3e077478edad3121dc33d009ce34676468d02"}
{"index": {"_index":"leo","_id":"1461609"}}
	{"id":1461609,"type":"buy","buyer":"ripazha","seller":"leomaker","symbol":"LEO","quantity":"20.288","price":"0.49997000","timestamp":1630517457,"volume":"10.14339136","buyTxId":"c87ed7479db04f6be39f528c14baf9e0ae5f9577-4","sellTxId":"c824a1e998f1bc32c7f66212f802fe508625ad6a"}
{"index": {"_index":"leo","_id":"1461610"}}
	{"id":1461610,"type":"buy","buyer":"ripazha","seller":"accelerator","symbol":"LEO","quantity":"1.000","price":"0.49998000","timestamp":1630517457,"volume":"0.49998000","buyTxId":"c87ed7479db04f6be39f528c14baf9e0ae5f9577-4","sellTxId":"2177ee2f8f25c7e274aab9ff76edb07037c9cb3e"}
{"index": {"_index":"leo","_id":"1461611"}}
	{"id":1461611,"type":"buy","buyer":"ripazha","seller":"archon-drips","symbol":"LEO","quantity":"0.002","price":"0.49998054","timestamp":1630517457,"volume":"0.00099996","buyTxId":"c87ed7479db04f6be39f528c14baf9e0ae5f9577-4","sellTxId":"50e3efc6f869bd20982a26d0e1567ff7c3665dc7"}
{"index": {"_index":"leo","_id":"1461612"}}
	{"id":1461612,"type":"buy","buyer":"ripazha","seller":"leomaker","symbol":"LEO","quantity":"20.370","price":"0.49999000","timestamp":1630517457,"volume":"10.18479630","buyTxId":"c87ed7479db04f6be39f528c14baf9e0ae5f9577-4","sellTxId":"e98df8d0330744a85fa2cf9c9f74be0432ba4edf"}
{"index": {"_index":"leo","_id":"1461613"}}
	{"id":1461613,"type":"buy","buyer":"ripazha","seller":"jelly13","symbol":"LEO","quantity":"20.144","price":"0.49999949","timestamp":1630517457,"volume":"10.07198973","buyTxId":"c87ed7479db04f6be39f528c14baf9e0ae5f9577-4","sellTxId":"1a2e4f45a17859e3953c894d79b4b78a4d41b010"}
{"index": {"_index":"leo","_id":"1461614"}}
	{"id":1461614,"type":"buy","buyer":"ripazha","seller":"leomaker","symbol":"LEO","quantity":"20.460","price":"0.50000000","timestamp":1630517457,"volume":"10.23000000","buyTxId":"c87ed7479db04f6be39f528c14baf9e0ae5f9577-4","sellTxId":"517a635f78ee6412b535a99005e06cc5b1fee7b5"}
{"index": {"_index":"leo","_id":"1461615"}}
	{"id":1461615,"type":"buy","buyer":"ripazha","seller":"leomaker","symbol":"LEO","quantity":"19.810","price":"0.51214100","timestamp":1630517457,"volume":"10.14551321","buyTxId":"c87ed7479db04f6be39f528c14baf9e0ae5f9577-4","sellTxId":"f489fb06f490a6077619ce170de02149b14c3644"}
{"index": {"_index":"leo","_id":"1461616"}}
	{"id":1461616,"type":"buy","buyer":"ripazha","seller":"leomaker","symbol":"LEO","quantity":"19.672","price":"0.51216200","timestamp":1630517457,"volume":"10.07525086","buyTxId":"c87ed7479db04f6be39f528c14baf9e0ae5f9577-4","sellTxId":"bd3bd5c0114339f2dfda3b5e7662accaae36b2d4"}
{"index": {"_index":"leo","_id":"1461617"}}
	{"id":1461617,"type":"buy","buyer":"ripazha","seller":"leomaker","symbol":"LEO","quantity":"19.527","price":"0.51218300","timestamp":1630517457,"volume":"10.00139744","buyTxId":"c87ed7479db04f6be39f528c14baf9e0ae5f9577-4","sellTxId":"f17fd3be8207c17c5a2a64bc3d406efc0a5817b6"}
{"index": {"_index":"leo","_id":"1461618"}}
	{"id":1461618,"type":"sell","buyer":"ripazha","seller":"konvik","symbol":"LEO","quantity":"1978.082","price":"0.52040635","timestamp":1630517460,"volume":"1029.40643362","buyTxId":"c87ed7479db04f6be39f528c14baf9e0ae5f9577-4","sellTxId":"ca18ca0d6fb5dafff5f305ba747eb55bd76e23bb-1"}
{"index": {"_index":"leo","_id":"1461619"}}
	{"id":1461619,"type":"sell","buyer":"ripazha","seller":"solovey6o2","symbol":"LEO","quantity":"1.961","price":"0.52040635","timestamp":1630517466,"volume":"1.02051685","buyTxId":"c87ed7479db04f6be39f528c14baf9e0ae5f9577-4","sellTxId":"8de78d4837f19b53c2fd4ad847bcfe1caa96b635"}
{"index": {"_index":"leo","_id":"1461620"}}
	{"id":1461620,"type":"sell","buyer":"ripazha","seller":"solovey6o2","symbol":"LEO","quantity":"7.751","price":"0.48971396","timestamp":1630517466,"volume":"3.79577290","buyTxId":"c87ed7479db04f6be39f528c14baf9e0ae5f9577-0","sellTxId":"8de78d4837f19b53c2fd4ad847bcfe1caa96b635"}
{"index": {"_index":"leo","_id":"1461621"}}
	{"id":1461621,"type":"buy","buyer":"konvik","seller":"solovey6o2","symbol":"LEO","quantity":"1721.957","price":"0.48971395","timestamp":1630517469,"volume":"843.26636420","buyTxId":"8bc64b9b42396af7c767b6f34e707e70b28f4414-0","sellTxId":"8de78d4837f19b53c2fd4ad847bcfe1caa96b635"}
{"index": {"_index":"leo","_id":"1461622"}}
	{"id":1461622,"type":"buy","buyer":"konvik","seller":"solovey6o2","symbol":"LEO","quantity":"137.651","price":"0.48971395","timestamp":1630517472,"volume":"67.40961493","buyTxId":"a68b299c7df6ade08697f2d5103f18caa19e1bb4-0","sellTxId":"8de78d4837f19b53c2fd4ad847bcfe1caa96b635"}
{"index": {"_index":"leo","_id":"1461639"}}
	{"id":1461639,"type":"buy","buyer":"ripazha","seller":"solovey6o2","symbol":"LEO","quantity":"92.739","price":"0.55228899","timestamp":1630517673,"volume":"51.21872864","buyTxId":"f9ef1824a706e031dcfa383152b44547c3f0369f-0","sellTxId":"39f9ec460be01f2e45f6e10248c6be65cf954d2a"}
{"index": {"_index":"leo","_id":"1461640"}}
	{"id":1461640,"type":"buy","buyer":"ripazha","seller":"solovey6o2","symbol":"LEO","quantity":"927.336","price":"0.55228899","timestamp":1630517673,"volume":"512.15746283","buyTxId":"f9ef1824a706e031dcfa383152b44547c3f0369f-3","sellTxId":"39f9ec460be01f2e45f6e10248c6be65cf954d2a"}
{"index": {"_index":"leo","_id":"1461641"}}
	{"id":1461641,"type":"buy","buyer":"ripazha","seller":"leomaker","symbol":"LEO","quantity":"54.451","price":"0.55228900","timestamp":1630517673,"volume":"30.07268834","buyTxId":"f9ef1824a706e031dcfa383152b44547c3f0369f-3","sellTxId":"6b51c1626919ee77e4e325dd00b9e2009684a09f"}
{"index": {"_index":"leo","_id":"1461642"}}
	{"id":1461642,"type":"buy","buyer":"ripazha","seller":"madstacks","symbol":"LEO","quantity":"20.525","price":"0.55229000","timestamp":1630517673,"volume":"11.33575225","buyTxId":"f9ef1824a706e031dcfa383152b44547c3f0369f-3","sellTxId":"feccb5dcf86a9171d479320e2218e112abd9c57e"}
{"index": {"_index":"leo","_id":"1461643"}}
	{"id":1461643,"type":"buy","buyer":"ripazha","seller":"archon-drips","symbol":"LEO","quantity":"0.001","price":"0.55229000","timestamp":1630517673,"volume":"0.00055229","buyTxId":"f9ef1824a706e031dcfa383152b44547c3f0369f-3","sellTxId":"e832a5e873e3fe2e117a7216d842d4fa8f8faff1"}
{"index": {"_index":"leo","_id":"1461644"}}
	{"id":1461644,"type":"buy","buyer":"ripazha","seller":"rawutah","symbol":"LEO","quantity":"141.399","price":"0.55245600","timestamp":1630517673,"volume":"78.11672594","buyTxId":"f9ef1824a706e031dcfa383152b44547c3f0369f-3","sellTxId":"83ad266c87d9935b674534fe41727fe044621d24"}
{"index": {"_index":"leo","_id":"1461645"}}
	{"id":1461645,"type":"buy","buyer":"ripazha","seller":"leomaker","symbol":"LEO","quantity":"21.222","price":"0.55590200","timestamp":1630517673,"volume":"11.79735224","buyTxId":"f9ef1824a706e031dcfa383152b44547c3f0369f-3","sellTxId":"890f7221e1559a01a3f00c848a524076b5177076"}
{"index": {"_index":"leo","_id":"1461646"}}
	{"id":1461646,"type":"buy","buyer":"ripazha","seller":"leomaker","symbol":"LEO","quantity":"20.803","price":"0.55678200","timestamp":1630517673,"volume":"11.58273595","buyTxId":"f9ef1824a706e031dcfa383152b44547c3f0369f-3","sellTxId":"276a886d43e3012ffd2b301e49dd8e9eb5187f86"}
{"index": {"_index":"leo","_id":"1461647"}}
	{"id":1461647,"type":"buy","buyer":"ripazha","seller":"leomaker","symbol":"LEO","quantity":"21.257","price":"0.55765300","timestamp":1630517673,"volume":"11.85402982","buyTxId":"f9ef1824a706e031dcfa383152b44547c3f0369f-3","sellTxId":"d26abfe81ac0b7e1a76735103d1c5c975b8b7e12"}
{"index": {"_index":"leo","_id":"1461648"}}
	{"id":1461648,"type":"buy","buyer":"ripazha","seller":"leomaker","symbol":"LEO","quantity":"21.757","price":"0.55798300","timestamp":1630517673,"volume":"12.14003613","buyTxId":"f9ef1824a706e031dcfa383152b44547c3f0369f-3","sellTxId":"768b5cdad9b416ffbdea7b955f1631340a94c3ba"}
{"index": {"_index":"leo","_id":"1461649"}}
	{"id":1461649,"type":"buy","buyer":"ripazha","seller":"brofi-market","symbol":"LEO","quantity":"13.587","price":"0.55799394","timestamp":1630517673,"volume":"7.58146366","buyTxId":"f9ef1824a706e031dcfa383152b44547c3f0369f-3","sellTxId":"0c3797dfd0ae9002f698536719c7892a19de1229"}
{"index": {"_index":"leo","_id":"1461650"}}
	{"id":1461650,"type":"buy","buyer":"ripazha","seller":"leomaker","symbol":"LEO","quantity":"22.231","price":"0.55874400","timestamp":1630517673,"volume":"12.42143786","buyTxId":"f9ef1824a706e031dcfa383152b44547c3f0369f-3","sellTxId":"9442f3e9c04b572b215ee7d0116d3079a74d7790"}
{"index": {"_index":"leo","_id":"1461651"}}
	{"id":1461651,"type":"buy","buyer":"ripazha","seller":"leomaker","symbol":"LEO","quantity":"22.708","price":"0.55905500","timestamp":1630517673,"volume":"12.69502094","buyTxId":"f9ef1824a706e031dcfa383152b44547c3f0369f-3","sellTxId":"ecfd40c3258a353ada5ac454359dceca0558f87b"}
{"index": {"_index":"leo","_id":"1461652"}}
	{"id":1461652,"type":"buy","buyer":"ripazha","seller":"leomaker","symbol":"LEO","quantity":"22.387","price":"0.55948600","timestamp":1630517673,"volume":"12.52521308","buyTxId":"f9ef1824a706e031dcfa383152b44547c3f0369f-3","sellTxId":"da9a6b20e2e83f6859ce7dd89fc0210246a14000"}
{"index": {"_index":"leo","_id":"1461653"}}
	{"id":1461653,"type":"buy","buyer":"ripazha","seller":"leomaker","symbol":"LEO","quantity":"22.913","price":"0.55978700","timestamp":1630517673,"volume":"12.82639953","buyTxId":"f9ef1824a706e031dcfa383152b44547c3f0369f-3","sellTxId":"fe3b0c0228dbc18e35d394875b9a6ca535caa0de"}
{"index": {"_index":"leo","_id":"1461654"}}
	{"id":1461654,"type":"buy","buyer":"ripazha","seller":"leomaker","symbol":"LEO","quantity":"23.452","price":"0.56041800","timestamp":1630517673,"volume":"13.14292294","buyTxId":"f9ef1824a706e031dcfa383152b44547c3f0369f-3","sellTxId":"0a75fafb0455e866e4d3347b2409ca9c24ea9da4"}
{"index": {"_index":"leo","_id":"1461655"}}
	{"id":1461655,"type":"buy","buyer":"ripazha","seller":"leomaker","symbol":"LEO","quantity":"22.978","price":"0.56085900","timestamp":1630517673,"volume":"12.88741810","buyTxId":"f9ef1824a706e031dcfa383152b44547c3f0369f-3","sellTxId":"14718a52e3babf273a321d5fcd4cd45dab13d7ea"}
{"index": {"_index":"leo","_id":"1461656"}}
	{"id":1461656,"type":"buy","buyer":"ripazha","seller":"chekohler","symbol":"LEO","quantity":"6.937","price":"0.56105997","timestamp":1630517673,"volume":"3.89207301","buyTxId":"f9ef1824a706e031dcfa383152b44547c3f0369f-3","sellTxId":"aa81203d75136f402a92718f60d9eacd089d11f1"}
{"index": {"_index":"leo","_id":"1461657"}}
	{"id":1461657,"type":"buy","buyer":"ripazha","seller":"leomaker","symbol":"LEO","quantity":"4.905","price":"0.56115900","timestamp":1630517673,"volume":"2.75248490","buyTxId":"f9ef1824a706e031dcfa383152b44547c3f0369f-3","sellTxId":"b7cd702c4d6a2569e289e8704a957b3e6f560978"}
{"index": {"_index":"leo","_id":"1461668"}}
	{"id":1461668,"type":"buy","buyer":"ripazha","seller":"leomaker","symbol":"LEO","quantity":"18.654","price":"0.56115900","timestamp":1630517883,"volume":"10.46785999","buyTxId":"7f6637726cfbd76709b610edd4636e166be678b9-0","sellTxId":"b7cd702c4d6a2569e289e8704a957b3e6f560978"}
{"index": {"_index":"leo","_id":"1461669"}}
	{"id":1461669,"type":"buy","buyer":"ripazha","seller":"leomaker","symbol":"LEO","quantity":"24.117","price":"0.56148000","timestamp":1630517883,"volume":"13.54121316","buyTxId":"7f6637726cfbd76709b610edd4636e166be678b9-3","sellTxId":"1c30006d4c5041be7e06d87a225d0ed0273041ba"}
{"index": {"_index":"leo","_id":"1461670"}}
	{"id":1461670,"type":"buy","buyer":"ripazha","seller":"leomaker","symbol":"LEO","quantity":"24.600","price":"0.56212000","timestamp":1630517883,"volume":"13.82815200","buyTxId":"7f6637726cfbd76709b610edd4636e166be678b9-3","sellTxId":"2563abb22a891af04534076c16f9a0db136736c2"}
{"index": {"_index":"leo","_id":"1461671"}}
	{"id":1461671,"type":"buy","buyer":"ripazha","seller":"leomaker","symbol":"LEO","quantity":"24.710","price":"0.56278000","timestamp":1630517883,"volume":"13.90629380","buyTxId":"7f6637726cfbd76709b610edd4636e166be678b9-3","sellTxId":"3f902bdc14a8ea62bc270db9770bb04a3fa36fae"}
{"index": {"_index":"leo","_id":"1461672"}}
	{"id":1461672,"type":"buy","buyer":"ripazha","seller":"leomaker","symbol":"LEO","quantity":"19.624","price":"0.56343100","timestamp":1630517883,"volume":"11.05676994","buyTxId":"7f6637726cfbd76709b610edd4636e166be678b9-3","sellTxId":"c5fd81c12db0815e57df3e86a7e74b707b948c8e"}
{"index": {"_index":"leo","_id":"1461673"}}
	{"id":1461673,"type":"buy","buyer":"ripazha","seller":"leomaker","symbol":"LEO","quantity":"16.324","price":"0.56409100","timestamp":1630517883,"volume":"9.20822148","buyTxId":"7f6637726cfbd76709b610edd4636e166be678b9-3","sellTxId":"6173a3d7a7daa7cea88bdc686413d969498aa956"}
{"index": {"_index":"leo","_id":"1461674"}}
	{"id":1461674,"type":"buy","buyer":"ripazha","seller":"brofi-market","symbol":"LEO","quantity":"0.001","price":"0.56410100","timestamp":1630517883,"volume":"0.00056410","buyTxId":"7f6637726cfbd76709b610edd4636e166be678b9-3","sellTxId":"842f5ebceac9d8f7ac884bc734b8e86ad1f35fcb"}
{"index": {"_index":"leo","_id":"1461675"}}
	{"id":1461675,"type":"buy","buyer":"ripazha","seller":"leomaker","symbol":"LEO","quantity":"16.710","price":"0.56420100","timestamp":1630517883,"volume":"9.42779871","buyTxId":"7f6637726cfbd76709b610edd4636e166be678b9-3","sellTxId":"35561f9f8835f0d0d8cb8bf74934bfe668ab1b14"}
{"index": {"_index":"leo","_id":"1461676"}}
	{"id":1461676,"type":"buy","buyer":"ripazha","seller":"leomaker","symbol":"LEO","quantity":"17.120","price":"0.56430200","timestamp":1630517883,"volume":"9.66085024","buyTxId":"7f6637726cfbd76709b610edd4636e166be678b9-3","sellTxId":"a086a82847ba889d611bfe7c04e942d68d1eddfb"}
{"index": {"_index":"leo","_id":"1461677"}}
	{"id":1461677,"type":"buy","buyer":"ripazha","seller":"leomaker","symbol":"LEO","quantity":"17.542","price":"0.56440300","timestamp":1630517883,"volume":"9.90075743","buyTxId":"7f6637726cfbd76709b610edd4636e166be678b9-3","sellTxId":"06155a13e2c1d6ff30064627f6e43acde73abd9b"}
{"index": {"_index":"leo","_id":"1461678"}}
	{"id":1461678,"type":"buy","buyer":"ripazha","seller":"leomaker","symbol":"LEO","quantity":"17.946","price":"0.56450400","timestamp":1630517883,"volume":"10.13058878","buyTxId":"7f6637726cfbd76709b610edd4636e166be678b9-3","sellTxId":"0f155b8c19a4e8ace0a53fabd6c2b3387abb9e2e"}
{"index": {"_index":"leo","_id":"1461679"}}
	{"id":1461679,"type":"buy","buyer":"ripazha","seller":"enginemaker","symbol":"LEO","quantity":"100.000","price":"0.56459500","timestamp":1630517883,"volume":"56.45950000","buyTxId":"7f6637726cfbd76709b610edd4636e166be678b9-3","sellTxId":"MM-P-10065063-57048821-3-1-1"}
{"index": {"_index":"leo","_id":"1461680"}}
	{"id":1461680,"type":"buy","buyer":"ripazha","seller":"leomaker","symbol":"LEO","quantity":"18.358","price":"0.56460500","timestamp":1630517883,"volume":"10.36501859","buyTxId":"7f6637726cfbd76709b610edd4636e166be678b9-3","sellTxId":"7a50c6759f22f1600fbe5a4187bee7aaebfdf5bb"}
{"index": {"_index":"leo","_id":"1461681"}}
	{"id":1461681,"type":"buy","buyer":"ripazha","seller":"leomaker","symbol":"LEO","quantity":"18.777","price":"0.56470600","timestamp":1630517883,"volume":"10.60348456","buyTxId":"7f6637726cfbd76709b610edd4636e166be678b9-3","sellTxId":"a4350c4dcecdd79a85e3842169f35f51978c9057"}
{"index": {"_index":"leo","_id":"1461682"}}
	{"id":1461682,"type":"buy","buyer":"ripazha","seller":"leomaker","symbol":"LEO","quantity":"19.268","price":"0.56480700","timestamp":1630517883,"volume":"10.88270128","buyTxId":"7f6637726cfbd76709b610edd4636e166be678b9-3","sellTxId":"760c5ded698664057ab15d298f236d40ae58431d"}
{"index": {"_index":"leo","_id":"1461683"}}
	{"id":1461683,"type":"buy","buyer":"ripazha","seller":"brofi-market","symbol":"LEO","quantity":"0.784","price":"0.56480800","timestamp":1630517883,"volume":"0.44280947","buyTxId":"7f6637726cfbd76709b610edd4636e166be678b9-3","sellTxId":"f82345d55a8e5f04d8c82e2f7e404a299b21b6ed"}
{"index": {"_index":"leo","_id":"1461684"}}
	{"id":1461684,"type":"buy","buyer":"ripazha","seller":"leomaker","symbol":"LEO","quantity":"19.724","price":"0.56490800","timestamp":1630517883,"volume":"11.14224539","buyTxId":"7f6637726cfbd76709b610edd4636e166be678b9-3","sellTxId":"5ba1f567db07963715c5a25dd8e32cdebef63986"}
{"index": {"_index":"leo","_id":"1461685"}}
	{"id":1461685,"type":"buy","buyer":"ripazha","seller":"leomaker","symbol":"LEO","quantity":"20.210","price":"0.56501800","timestamp":1630517883,"volume":"11.41901378","buyTxId":"7f6637726cfbd76709b610edd4636e166be678b9-3","sellTxId":"2fed2e2f8ffb20a9f12b233b6da0b59d454adc11"}
{"index": {"_index":"leo","_id":"1461686"}}
	{"id":1461686,"type":"buy","buyer":"ripazha","seller":"leomaker","symbol":"LEO","quantity":"20.554","price":"0.56504800","timestamp":1630517883,"volume":"11.61399659","buyTxId":"7f6637726cfbd76709b610edd4636e166be678b9-3","sellTxId":"4bd21c52ab6cd5a6c3e23660c406a06d7a622a02"}
{"index": {"_index":"leo","_id":"1461687"}}
	{"id":1461687,"type":"buy","buyer":"ripazha","seller":"leomaker","symbol":"LEO","quantity":"21.187","price":"0.56510800","timestamp":1630517883,"volume":"11.97294320","buyTxId":"7f6637726cfbd76709b610edd4636e166be678b9-3","sellTxId":"fb54a61cd0fb5a41883a0ddbe08eb09f9d6ab302"}
{"index": {"_index":"leo","_id":"1461688"}}
	{"id":1461688,"type":"buy","buyer":"ripazha","seller":"leomaker","symbol":"LEO","quantity":"20.713","price":"0.56515800","timestamp":1630517883,"volume":"11.70611765","buyTxId":"7f6637726cfbd76709b610edd4636e166be678b9-3","sellTxId":"ad0dd7ce716e39f65afc5a616681b4e6bf599ae9"}
{"index": {"_index":"leo","_id":"1461689"}}
	{"id":1461689,"type":"buy","buyer":"ripazha","seller":"leomaker","symbol":"LEO","quantity":"21.227","price":"0.56520800","timestamp":1630517883,"volume":"11.99767022","buyTxId":"7f6637726cfbd76709b610edd4636e166be678b9-3","sellTxId":"b343fee2ed1c9228eb09c58b2cf2ecbfe05bac24"}
{"index": {"_index":"leo","_id":"1461690"}}
	{"id":1461690,"type":"buy","buyer":"ripazha","seller":"leomaker","symbol":"LEO","quantity":"21.684","price":"0.56525800","timestamp":1630517883,"volume":"12.25705447","buyTxId":"7f6637726cfbd76709b610edd4636e166be678b9-3","sellTxId":"f1ffde662e0ea6022041c19fc75833f815bc8182"}
{"index": {"_index":"leo","_id":"1461691"}}
	{"id":1461691,"type":"buy","buyer":"ripazha","seller":"leomaker","symbol":"LEO","quantity":"22.184","price":"0.56531800","timestamp":1630517883,"volume":"12.54101451","buyTxId":"7f6637726cfbd76709b610edd4636e166be678b9-3","sellTxId":"69956912efcdc030531bfebd0249dfbbad8f416f"}
{"index": {"_index":"leo","_id":"1461692"}}
	{"id":1461692,"type":"buy","buyer":"ripazha","seller":"leomaker","symbol":"LEO","quantity":"20.745","price":"0.56536900","timestamp":1630517883,"volume":"11.72857991","buyTxId":"7f6637726cfbd76709b610edd4636e166be678b9-3","sellTxId":"34693eae82c2c1158ddd0799b7c20db1b73ce29c"}
{"index": {"_index":"leo","_id":"1461693"}}
	{"id":1461693,"type":"buy","buyer":"ripazha","seller":"leomaker","symbol":"LEO","quantity":"23.211","price":"0.56541900","timestamp":1630517883,"volume":"13.12394041","buyTxId":"7f6637726cfbd76709b610edd4636e166be678b9-3","sellTxId":"69f53ef2107c26392e190520eed95c6cb2ca41cd"}
{"index": {"_index":"leo","_id":"1461694"}}
	{"id":1461694,"type":"buy","buyer":"ripazha","seller":"leomaker","symbol":"LEO","quantity":"23.596","price":"0.56546900","timestamp":1630517883,"volume":"13.34280652","buyTxId":"7f6637726cfbd76709b610edd4636e166be678b9-3","sellTxId":"56c9a9f34bee69057465487fee745922bb3c9c19"}
{"index": {"_index":"leo","_id":"1461695"}}
	{"id":1461695,"type":"buy","buyer":"ripazha","seller":"leomaker","symbol":"LEO","quantity":"24.094","price":"0.56547800","timestamp":1630517883,"volume":"13.62462693","buyTxId":"7f6637726cfbd76709b610edd4636e166be678b9-3","sellTxId":"c31ada45a1491805cbe14fe06f5d01b50c8a8634"}
{"index": {"_index":"leo","_id":"1461696"}}
	{"id":1461696,"type":"buy","buyer":"ripazha","seller":"amigareaction","symbol":"LEO","quantity":"0.528","price":"0.56550000","timestamp":1630517883,"volume":"0.29858400","buyTxId":"7f6637726cfbd76709b610edd4636e166be678b9-3","sellTxId":"d50ef32ba22f17dd05908f203f1e8ebee6809362"}
{"index": {"_index":"leo","_id":"1461697"}}
	{"id":1461697,"type":"buy","buyer":"ripazha","seller":"archon-drips","symbol":"LEO","quantity":"0.002","price":"0.56550000","timestamp":1630517883,"volume":"0.00113100","buyTxId":"7f6637726cfbd76709b610edd4636e166be678b9-3","sellTxId":"c974a1fe44ede07aa1f3bdeaf6214a4ab1814e49"}
{"index": {"_index":"leo","_id":"1461698"}}
	{"id":1461698,"type":"buy","buyer":"ripazha","seller":"leomaker","symbol":"LEO","quantity":"24.681","price":"0.56557900","timestamp":1630517883,"volume":"13.95905530","buyTxId":"7f6637726cfbd76709b610edd4636e166be678b9-3","sellTxId":"e79b6f63e002b10e77efed00efab933c6a154938"}
{"index": {"_index":"leo","_id":"1461699"}}
	{"id":1461699,"type":"buy","buyer":"ripazha","seller":"leomaker","symbol":"LEO","quantity":"6.825","price":"0.56568000","timestamp":1630517883,"volume":"3.86076600","buyTxId":"7f6637726cfbd76709b610edd4636e166be678b9-3","sellTxId":"5e705c2114ef4b905911193e92e62a01ff843df7"}
{"index": {"_index":"leo","_id":"1461700"}}
	{"id":1461700,"type":"sell","buyer":"ripazha","seller":"konvik","symbol":"LEO","quantity":"72.635","price":"0.56115900","timestamp":1630517886,"volume":"40.75978397","buyTxId":"7f6637726cfbd76709b610edd4636e166be678b9-0","sellTxId":"3f41a6452884c57ede18028b1871ccd2f16a0daf-1"}
{"index": {"_index":"leo","_id":"1461730"}}
	{"id":1461730,"type":"buy","buyer":"ripazha","seller":"leomaker","symbol":"LEO","quantity":"18.415","price":"0.56568000","timestamp":1630518096,"volume":"10.41699720","buyTxId":"35797e528d24301bae05551b060dd0a0aeab322c-0","sellTxId":"5e705c2114ef4b905911193e92e62a01ff843df7"}
{"index": {"_index":"leo","_id":"1461731"}}
	{"id":1461731,"type":"buy","buyer":"ripazha","seller":"leomaker","symbol":"LEO","quantity":"28.246","price":"0.56570100","timestamp":1630518096,"volume":"15.97879045","buyTxId":"35797e528d24301bae05551b060dd0a0aeab322c-4","sellTxId":"0c8190b8233f51a606a6eeadd9af24e14137e681"}
{"index": {"_index":"leo","_id":"1461732"}}
	{"id":1461732,"type":"buy","buyer":"ripazha","seller":"leomaker","symbol":"LEO","quantity":"28.582","price":"0.56613100","timestamp":1630518096,"volume":"16.18115624","buyTxId":"35797e528d24301bae05551b060dd0a0aeab322c-4","sellTxId":"aecdf7db9e56baf7260649272aca4b3cb045a992"}
{"index": {"_index":"leo","_id":"1461733"}}
	{"id":1461733,"type":"buy","buyer":"ripazha","seller":"brofi-market","symbol":"LEO","quantity":"0.001","price":"0.56624188","timestamp":1630518096,"volume":"0.00056624","buyTxId":"35797e528d24301bae05551b060dd0a0aeab322c-4","sellTxId":"214522fe219cf8d6c1d302cf7445a12759b92a2d"}
{"index": {"_index":"leo","_id":"1461734"}}
	{"id":1461734,"type":"buy","buyer":"ripazha","seller":"leomaker","symbol":"LEO","quantity":"29.236","price":"0.56666200","timestamp":1630518096,"volume":"16.56693023","buyTxId":"35797e528d24301bae05551b060dd0a0aeab322c-4","sellTxId":"65e0c441d563685c79dbb0cb3202894adc534033"}
{"index": {"_index":"leo","_id":"1461735"}}
	{"id":1461735,"type":"buy","buyer":"ripazha","seller":"leomaker","symbol":"LEO","quantity":"29.905","price":"0.56699200","timestamp":1630518096,"volume":"16.95589576","buyTxId":"35797e528d24301bae05551b060dd0a0aeab322c-4","sellTxId":"551c3a643fb1ed5d25e624ebd92273bec320dd11"}
{"index": {"_index":"leo","_id":"1461736"}}
	{"id":1461736,"type":"buy","buyer":"ripazha","seller":"rapha-el7","symbol":"LEO","quantity":"10.000","price":"0.56699200","timestamp":1630518096,"volume":"5.66992000","buyTxId":"35797e528d24301bae05551b060dd0a0aeab322c-4","sellTxId":"1185a5ab22db739dc512708c85b0436b1bcdca96"}
{"index": {"_index":"leo","_id":"1461737"}}
	{"id":1461737,"type":"buy","buyer":"ripazha","seller":"leomaker","symbol":"LEO","quantity":"30.638","price":"0.56709300","timestamp":1630518096,"volume":"17.37459533","buyTxId":"35797e528d24301bae05551b060dd0a0aeab322c-4","sellTxId":"5369c4cc3bd259fc616b7f1341de04002d82f6bc"}
{"index": {"_index":"leo","_id":"1461738"}}
	{"id":1461738,"type":"buy","buyer":"ripazha","seller":"leomaker","symbol":"LEO","quantity":"31.384","price":"0.56720300","timestamp":1630518096,"volume":"17.80109895","buyTxId":"35797e528d24301bae05551b060dd0a0aeab322c-4","sellTxId":"a888c75a5f685be6db7b308fffd15b1ce9999da4"}
{"index": {"_index":"leo","_id":"1461739"}}
	{"id":1461739,"type":"buy","buyer":"ripazha","seller":"enginemaker","symbol":"LEO","quantity":"72.447","price":"0.56729400","timestamp":1630518096,"volume":"41.09874842","buyTxId":"35797e528d24301bae05551b060dd0a0aeab322c-4","sellTxId":"MM-P-10065163-57048921-3-1-1"}
{"index": {"_index":"leo","_id":"1461741"}}
	{"id":1461741,"type":"sell","buyer":"ripazha","seller":"konvik","symbol":"LEO","quantity":"72.939","price":"0.56568000","timestamp":1630518099,"volume":"41.26013352","buyTxId":"35797e528d24301bae05551b060dd0a0aeab322c-0","sellTxId":"c54423db04ea5f0b99770688168af118be2ac4d5-1"}
{"index": {"_index":"leo","_id":"1461754"}}
	{"id":1461754,"type":"buy","buyer":"stockage","seller":"leomaker","symbol":"LEO","quantity":"0.967","price":"0.56729300","timestamp":1630518216,"volume":"0.54857233","buyTxId":"3a3f48b3b1a7fdd75d36f59589e868d4f98fbbe7","sellTxId":"8a095b42dd36a3c7bb451ac7d6eba08532b46d62"}
{"index": {"_index":"leo","_id":"1461765"}}
	{"id":1461765,"type":"buy","buyer":"ripazha","seller":"leomaker","symbol":"LEO","quantity":"20.039","price":"0.56729300","timestamp":1630518306,"volume":"11.36798443","buyTxId":"ab735c409d3c2a40fb0e04bb9a6c8c98d2f8fc06-0","sellTxId":"8a095b42dd36a3c7bb451ac7d6eba08532b46d62"}
{"index": {"_index":"leo","_id":"1461766"}}
	{"id":1461766,"type":"sell","buyer":"ripazha","seller":"konvik","symbol":"LEO","quantity":"71.445","price":"0.56729300","timestamp":1630518309,"volume":"40.53024839","buyTxId":"ab735c409d3c2a40fb0e04bb9a6c8c98d2f8fc06-0","sellTxId":"59abfb53910ff520f1afe175bfce2eba9cc77a99-1"}
{"index": {"_index":"leo","_id":"1461770"}}
	{"id":1461770,"type":"sell","buyer":"ripazha","seller":"stayoutoftherz","symbol":"LEO","quantity":"0.071","price":"0.56729300","timestamp":1630518348,"volume":"0.04027780","buyTxId":"ab735c409d3c2a40fb0e04bb9a6c8c98d2f8fc06-0","sellTxId":"95e4c8fb6781fb2414a07f607227dfaae0da7de4"}
{"index": {"_index":"leo","_id":"1461789"}}
	{"id":1461789,"type":"buy","buyer":"ripazha","seller":"stayoutoftherz","symbol":"LEO","quantity":"2.063","price":"0.56568000","timestamp":1630518519,"volume":"1.16699784","buyTxId":"78ac8fec9dab8798e1dc106d694c6b8def644371-0","sellTxId":"95e4c8fb6781fb2414a07f607227dfaae0da7de4"}
{"index": {"_index":"leo","_id":"1461790"}}
	{"id":1461790,"type":"sell","buyer":"ripazha","seller":"konvik","symbol":"LEO","quantity":"53.313","price":"0.56568000","timestamp":1630518522,"volume":"30.15809784","buyTxId":"78ac8fec9dab8798e1dc106d694c6b8def644371-0","sellTxId":"89cbffaae50d3e609a70086cbdddd84aa4737b3f-1"}
{"index": {"_index":"leo","_id":"1461797"}}
	{"id":1461797,"type":"sell","buyer":"ripazha","seller":"solaiman","symbol":"LEO","quantity":"0.053","price":"0.56568000","timestamp":1630518618,"volume":"0.02998104","buyTxId":"78ac8fec9dab8798e1dc106d694c6b8def644371-0","sellTxId":"5887a86678b1e8661c9b1c891212230255f6589e"}
{"index": {"_index":"leo","_id":"1461810"}}
	{"id":1461810,"type":"buy","buyer":"ripazha","seller":"solaiman","symbol":"LEO","quantity":"1.140","price":"0.56568000","timestamp":1630518732,"volume":"0.64487520","buyTxId":"fde6ec4641b96d81f0a3d70879210c3d62fa9b40-0","sellTxId":"5887a86678b1e8661c9b1c891212230255f6589e"}
{"index": {"_index":"leo","_id":"1461811"}}
	{"id":1461811,"type":"sell","buyer":"ripazha","seller":"konvik","symbol":"LEO","quantity":"6.643","price":"0.56568000","timestamp":1630518735,"volume":"3.75781224","buyTxId":"fde6ec4641b96d81f0a3d70879210c3d62fa9b40-0","sellTxId":"e0ac250e01d974a560346e4b793ae097b9a49d16-1"}
{"index": {"_index":"leo","_id":"1461891"}}
	{"id":1461891,"type":"sell","buyer":"pi-trader","seller":"josediccus","symbol":"LEO","quantity":"16.841","price":"0.47917723","timestamp":1630519224,"volume":"8.06982373","buyTxId":"607eaa5ac09124a2a8b2252ccbcb6c114df46cad-1","sellTxId":"5053f115fb6c29080f5457a55204405f9d74bcaf"}
{"index": {"_index":"leo","_id":"1461962"}}
	{"id":1461962,"type":"buy","buyer":"oldtimer","seller":"leomaker","symbol":"LEO","quantity":"21.515","price":"0.56727900","timestamp":1630519824,"volume":"12.20500769","buyTxId":"cc88d5930b2ff2f8acfd769bdb3d3ea1e3ef7378","sellTxId":"f7d3b6445d6128dae4236b60c739cab5dd7342c3"}
{"index": {"_index":"leo","_id":"1461963"}}
	{"id":1461963,"type":"buy","buyer":"oldtimer","seller":"tomhall","symbol":"LEO","quantity":"75.026","price":"0.56728000","timestamp":1630519824,"volume":"42.56074928","buyTxId":"cc88d5930b2ff2f8acfd769bdb3d3ea1e3ef7378","sellTxId":"9ad70bc1156fd734998a707c6c46d9be8214b6fe"}
{"index": {"_index":"leo","_id":"1461964"}}
	{"id":1461964,"type":"buy","buyer":"oldtimer","seller":"leomaker","symbol":"LEO","quantity":"14.459","price":"0.56729300","timestamp":1630519824,"volume":"8.20248949","buyTxId":"cc88d5930b2ff2f8acfd769bdb3d3ea1e3ef7378","sellTxId":"60989eca63efd029f8bb07bfe7cc035cbd6a8619"}
{"index": {"_index":"leo","_id":"1461982"}}
	{"id":1461982,"type":"sell","buyer":"solovey6o2","seller":"matheusggr","symbol":"LEO","quantity":"7.503","price":"0.47920302","timestamp":1630519974,"volume":"3.59546026","buyTxId":"a54e2c62212139e224fb8b5540d552c2f3779e4a","sellTxId":"ed0474ce49dddea0c7014d7cdd86860d397108d6"}
{"index": {"_index":"leo","_id":"1462052"}}
	{"id":1462052,"type":"sell","buyer":"enginemaker","seller":"archon-drips","symbol":"LEO","quantity":"0.001","price":"0.47922101","timestamp":1630520721,"volume":"0.00047922","buyTxId":"MM-P-10066063-57049821-3-1-0","sellTxId":"fad00ef23de119d59483bd22d863ba1061ab11c7"}
{"index": {"_index":"leo","_id":"1462163"}}
	{"id":1462163,"type":"sell","buyer":"enginemaker","seller":"sgt-dan","symbol":"LEO","quantity":"11.145","price":"0.47924119","timestamp":1630521609,"volume":"5.34114306","buyTxId":"MM-P-10066361-57050119-3-1-0","sellTxId":"8608a20ecf814f4c93dee54b679116db198dd7bc"}
{"index": {"_index":"leo","_id":"1462278"}}
	{"id":1462278,"type":"sell","buyer":"solovey6o2","seller":"penderis","symbol":"LEO","quantity":"42.000","price":"0.47926706","timestamp":1630522797,"volume":"20.12921652","buyTxId":"8a7db7b3c708638d0dcf84c9e8a949e1aa6bc293","sellTxId":"79c2a7f08b19f6c7f989f148b429f5efa8defedc"}
{"index": {"_index":"leo","_id":"1462280"}}
	{"id":1462280,"type":"sell","buyer":"pi-trader","seller":"trippymane","symbol":"LEO","quantity":"10.503","price":"0.47927707","timestamp":1630522830,"volume":"5.03384707","buyTxId":"5f3100789f32c9edf86c4df21275639e5cd15e14-1","sellTxId":"ad7882a93d1efbc8dc5c3a83bf0aae45f64aa5b5"}
{"index": {"_index":"leo","_id":"1462374"}}
	{"id":1462374,"type":"buy","buyer":"jrcornel","seller":"leomaker","symbol":"LEO","quantity":"21.792","price":"0.50198900","timestamp":1630524063,"volume":"10.93934429","buyTxId":"7607d8fa1736673686ccbc29eedee9ba92a49662","sellTxId":"1deb7dcdb209d15f7703307ab2bf95559a7f55d5"}
{"index": {"_index":"leo","_id":"1462375"}}
	{"id":1462375,"type":"buy","buyer":"jrcornel","seller":"enginemaker","symbol":"LEO","quantity":"100.000","price":"0.50199000","timestamp":1630524063,"volume":"50.19900000","buyTxId":"7607d8fa1736673686ccbc29eedee9ba92a49662","sellTxId":"MM-P-10067160-57050918-3-1-0"}
{"index": {"_index":"leo","_id":"1462376"}}
	{"id":1462376,"type":"sell","buyer":"jrcornel","seller":"konvik","symbol":"LEO","quantity":"324.839","price":"0.50199000","timestamp":1630524066,"volume":"163.06592961","buyTxId":"7607d8fa1736673686ccbc29eedee9ba92a49662","sellTxId":"065818bb78cac339ff109a0e8a5b75700f0f896a-1"}
{"index": {"_index":"leo","_id":"1462377"}}
	{"id":1462377,"type":"sell","buyer":"jrcornel","seller":"globalcurrencies","symbol":"LEO","quantity":"0.322","price":"0.50199000","timestamp":1630524075,"volume":"0.16164078","buyTxId":"7607d8fa1736673686ccbc29eedee9ba92a49662","sellTxId":"50a549080028d6574b9a089452cd028b37e12195"}
{"index": {"_index":"leo","_id":"1462378"}}
	{"id":1462378,"type":"buy","buyer":"konvik","seller":"globalcurrencies","symbol":"LEO","quantity":"282.678","price":"0.49529729","timestamp":1630524078,"volume":"140.00964734","buyTxId":"84b575103df2f41a20424098d249f17a5036b259-0","sellTxId":"50a549080028d6574b9a089452cd028b37e12195"}
{"index": {"_index":"leo","_id":"1462386"}}
	{"id":1462386,"type":"buy","buyer":"konvik","seller":"globalcurrencies","symbol":"LEO","quantity":"183.431","price":"0.49329728","timestamp":1630524138,"volume":"90.48601337","buyTxId":"49b51ea8f4bb6af71f4454286c469b7f12d6e45a-0","sellTxId":"c0aa743f86c0762ce37c938a9697808ba35cefca"}
{"index": {"_index":"leo","_id":"1462390"}}
	{"id":1462390,"type":"buy","buyer":"globalcurrencies","seller":"solovey6o2","symbol":"LEO","quantity":"49.000","price":"0.49329727","timestamp":1630524237,"volume":"24.17156623","buyTxId":"dc3acbae20a6807abc84a2166706be5fab25c624","sellTxId":"af5b3304637c389a9f8d12e1989a9282d25a68d0"}
{"index": {"_index":"leo","_id":"1462404"}}
	{"id":1462404,"type":"buy","buyer":"globalcurrencies","seller":"enginemaker","symbol":"LEO","quantity":"100.000","price":"0.49328728","timestamp":1630524345,"volume":"49.32872800","buyTxId":"06dd571d165f84179f542d130b8d20095451b541","sellTxId":"MM-P-10067260-57051018-3-1-1"}
{"index": {"_index":"leo","_id":"1462420"}}
	{"id":1462420,"type":"buy","buyer":"enginemaker","seller":"einfachnathi","symbol":"LEO","quantity":"3.531","price":"0.48831000","timestamp":1630524600,"volume":"1.72422261","buyTxId":"MM-P-10067360-57051118-3-1-0","sellTxId":"5cbac3cad007fd4e53b307c4a0196994b42a4742"}
{"index": {"_index":"leo","_id":"1462447"}}
	{"id":1462447,"type":"sell","buyer":"globalcurrencies","seller":"konvik","symbol":"LEO","quantity":"317.685","price":"0.50100000","timestamp":1630524954,"volume":"159.16018500","buyTxId":"52d2ba063f0e7816d9caef24d61fe877d79f1971","sellTxId":"62d02dae65df2caad32ce7df1f79a4fce64788a9-1"}
{"index": {"_index":"leo","_id":"1462460"}}
	{"id":1462460,"type":"sell","buyer":"solovey6o2","seller":"jjprac","symbol":"LEO","quantity":"4.232","price":"0.49432914","timestamp":1630525176,"volume":"2.09200092","buyTxId":"0c506a13825ef2e294958ad05efc42c3845de9e0","sellTxId":"898a78abf438f6a22c242d5cc98c44fc0318847c"}
{"index": {"_index":"leo","_id":"1462476"}}
	{"id":1462476,"type":"buy","buyer":"konvik","seller":"jphamer1","symbol":"LEO","quantity":"80.013","price":"0.49434000","timestamp":1630525464,"volume":"39.55362642","buyTxId":"254e53226e91f2fa71bfe42cf1eb7137c1d9c993-0","sellTxId":"da234af73a2365fb9626845cfcee1ded23ebf907"}
{"index": {"_index":"leo","_id":"1462483"}}
	{"id":1462483,"type":"buy","buyer":"konvik","seller":"madstacks","symbol":"LEO","quantity":"181.998","price":"0.49434000","timestamp":1630525569,"volume":"89.96889132","buyTxId":"85d210c4244b64aaa9fb55b93a8c90db3e2df523-0","sellTxId":"c951ac77a133081f9f52fa12721ddbdb70ef159a"}
{"index": {"_index":"leo","_id":"1462486"}}
	{"id":1462486,"type":"sell","buyer":"enginemaker","seller":"ausbitbank","symbol":"LEO","quantity":"17.031","price":"0.49433914","timestamp":1630525599,"volume":"8.41908989","buyTxId":"MM-P-10067560-57051318-3-1-0","sellTxId":"4fc6078004e386ec76128fcab00e5ccd23c91b79"}
{"index": {"_index":"leo","_id":"1462495"}}
	{"id":1462495,"type":"sell","buyer":"enginemaker","seller":"enginemaker","symbol":"LEO","quantity":"100.000","price":"0.49433914","timestamp":1630525800,"volume":"49.43391400","buyTxId":"MM-P-10067560-57051318-3-1-0","sellTxId":"MM-P-10067760-57051518-3-1-0"}
{"index": {"_index":"leo","_id":"1462499"}}
	{"id":1462499,"type":"sell","buyer":"enginemaker","seller":"eddiespino","symbol":"LEO","quantity":"3.527","price":"0.49433914","timestamp":1630525893,"volume":"1.74353415","buyTxId":"MM-P-10067560-57051318-3-1-0","sellTxId":"93e04d061a715d7a045cec353772e0166462c709"}
{"index": {"_index":"leo","_id":"1462516"}}
	{"id":1462516,"type":"sell","buyer":"enginemaker","seller":"enginemaker","symbol":"LEO","quantity":"81.732","price":"0.49433914","timestamp":1630526100,"volume":"40.40332659","buyTxId":"MM-P-10067560-57051318-3-1-0","sellTxId":"MM-P-10067860-57051618-3-1-0"}
{"index": {"_index":"leo","_id":"1462641"}}
	{"id":1462641,"type":"sell","buyer":"pi-trader","seller":"onealfa.leo","symbol":"LEO","quantity":"50.000","price":"0.47932913","timestamp":1630527207,"volume":"23.96645650","buyTxId":"ed2b4e61d4c54f79f90967cbeb26437939087c4f-1","sellTxId":"3d3f66854b090341f981cb6003077a21c2e0f57c"}
{"index": {"_index":"leo","_id":"1462642"}}
	{"id":1462642,"type":"sell","buyer":"enginemaker","seller":"onealfa.leo","symbol":"LEO","quantity":"208.625","price":"0.47932908","timestamp":1630527207,"volume":"100.00002932","buyTxId":"MM-P-10068160-57051918-3-1-0","sellTxId":"3d3f66854b090341f981cb6003077a21c2e0f57c"}
{"index": {"_index":"leo","_id":"1462643"}}
	{"id":1462643,"type":"sell","buyer":"leomaker","seller":"onealfa.leo","symbol":"LEO","quantity":"63.375","price":"0.47929900","timestamp":1630527207,"volume":"30.37557413","buyTxId":"c0f49ee6af8441bdcf0bb70d25f13cf63bd86529","sellTxId":"3d3f66854b090341f981cb6003077a21c2e0f57c"}
{"index": {"_index":"leo","_id":"1462656"}}
	{"id":1462656,"type":"sell","buyer":"pi-trader","seller":"nuthman","symbol":"LEO","quantity":"2.958","price":"0.47930905","timestamp":1630527393,"volume":"1.41779617","buyTxId":"94a20a63564a01ac5bcd5c5deb40694134f3bbc4-1","sellTxId":"7603801786d4e3ea6d5ad9da48c284f322114d5c"}
{"index": {"_index":"leo","_id":"1462671"}}
	{"id":1462671,"type":"buy","buyer":"limka","seller":"enginemaker","symbol":"LEO","quantity":"18.268","price":"0.49433000","timestamp":1630527699,"volume":"9.03042044","buyTxId":"fd18c9f838143904ea8e3b8b0835b4fdda3a650e","sellTxId":"MM-P-10067860-57051618-3-1-0"}
{"index": {"_index":"leo","_id":"1462672"}}
	{"id":1462672,"type":"buy","buyer":"limka","seller":"madstacks","symbol":"LEO","quantity":"81.732","price":"0.49434000","timestamp":1630527699,"volume":"40.40339688","buyTxId":"fd18c9f838143904ea8e3b8b0835b4fdda3a650e","sellTxId":"c951ac77a133081f9f52fa12721ddbdb70ef159a"}
{"index": {"_index":"leo","_id":"1462752"}}
	{"id":1462752,"type":"sell","buyer":"leomaker","seller":"automaton","symbol":"LEO","quantity":"3.298","price":"0.47936100","timestamp":1630529256,"volume":"1.58093258","buyTxId":"1da1dfdaf2804e0bf9635b17e1ec1ff8a09f5be3","sellTxId":"94fb47a7e142df2910ff35e13465f1de3d228a97"}
{"index": {"_index":"leo","_id":"1462767"}}
	{"id":1462767,"type":"sell","buyer":"pi-trader","seller":"automaton","symbol":"LEO","quantity":"3.000","price":"0.47937107","timestamp":1630529508,"volume":"1.43811321","buyTxId":"7c6ecf8c4314b53e5096c6875492538d209d7eae-1","sellTxId":"8d2afba4348012c58a2e5a22ffdb08cc0b9f6738"}
{"index": {"_index":"leo","_id":"1462812"}}
	{"id":1462812,"type":"sell","buyer":"pi-trader","seller":"dennys0antunez","symbol":"LEO","quantity":"2.427","price":"0.47939113","timestamp":1630530066,"volume":"1.16348227","buyTxId":"f786f55a00fa03fb062e60342fbe1922ba8af068-1","sellTxId":"a0d43c6ed27dbed67eb9b21a80b6bb5f6b39eea7"}
{"index": {"_index":"leo","_id":"1462818"}}
	{"id":1462818,"type":"sell","buyer":"solovey6o2","seller":"prince-anyaobi","symbol":"LEO","quantity":"18.531","price":"0.47939116","timestamp":1630530183,"volume":"8.88359759","buyTxId":"a4905378a9fc05090765af0d3b1ab2bd1bbc1b72","sellTxId":"45afe9550b8fd11c329c86b6f61b2934b2e3cf92"}
{"index": {"_index":"leo","_id":"1462870"}}
	{"id":1462870,"type":"sell","buyer":"pi-trader","seller":"droida","symbol":"LEO","quantity":"4.807","price":"0.47940127","timestamp":1630530846,"volume":"2.30448190","buyTxId":"47fc5347bbc7c599920a9994eb49fe0c91483040-1","sellTxId":"ae7f33e90ad95ef1a7ad1921ada1d743eb93a854"}
{"index": {"_index":"leo","_id":"1462891"}}
	{"id":1462891,"type":"sell","buyer":"leomaker","seller":"barski","symbol":"LEO","quantity":"2.746","price":"0.47942300","timestamp":1630531398,"volume":"1.31649556","buyTxId":"156ddc97bf034ddbb87303137746135671f1732f","sellTxId":"6a37174f051efa2cb1ea82fbed28671207d8afa8"}
{"index": {"_index":"leo","_id":"1462896"}}
	{"id":1462896,"type":"sell","buyer":"solovey6o2","seller":"barski","symbol":"LEO","quantity":"0.986","price":"0.47942304","timestamp":1630531521,"volume":"0.47271112","buyTxId":"eb7c8fe8b84a86b8fa8a65b564abde219a42ea3d","sellTxId":"b2d44829a2dee020d6b1063e8dcad7c31a1e4728"}
{"index": {"_index":"leo","_id":"1462966"}}
	{"id":1462966,"type":"sell","buyer":"solovey6o2","seller":"jk6276","symbol":"LEO","quantity":"17.466","price":"0.47945332","timestamp":1630533159,"volume":"8.37413169","buyTxId":"cf6e892121db01ed47a19ae85944746f594e8684","sellTxId":"3d4865f2d5992d35abf2e095db59425b92fa30de"}
{"index": {"_index":"leo","_id":"1463023"}}
	{"id":1463023,"type":"sell","buyer":"pi-trader","seller":"cccf","symbol":"LEO","quantity":"0.350","price":"0.47947507","timestamp":1630533975,"volume":"0.16781627","buyTxId":"3ae2437981902b56d3102ec061a69114d36633cb-1","sellTxId":"bf8a7b3ec8b9279e12924ab16b2f71cb63b8b97c"}
{"index": {"_index":"leo","_id":"1463113"}}
	{"id":1463113,"type":"sell","buyer":"pi-trader","seller":"cliffagreen","symbol":"LEO","quantity":"0.341","price":"0.47951709","timestamp":1630535781,"volume":"0.16351533","buyTxId":"5f8561ea8a1285621eeedd3e1b8784c4559e8adb-1","sellTxId":"585df8e9ef4ba3fe82e3e4b0cfd1c79722043b0f"}
{"index": {"_index":"leo","_id":"1463126"}}
	{"id":1463126,"type":"sell","buyer":"pi-trader","seller":"pixelfan","symbol":"LEO","quantity":"0.462","price":"0.47951713","timestamp":1630535916,"volume":"0.22153691","buyTxId":"af26253302c2912a7425ff901e46dda1eb0a71f2-1","sellTxId":"b8337c710d65968289883911228ec741d8970aaf"}
{"index": {"_index":"leo","_id":"1463161"}}
	{"id":1463161,"type":"buy","buyer":"konvik","seller":"forexbrokr","symbol":"LEO","quantity":"41.693","price":"0.49000000","timestamp":1630536378,"volume":"20.42957000","buyTxId":"d0e018aa9e9a650bbd578d7f23a86c4c13825d04-0","sellTxId":"d6aee78d90449edddd885d6508d8ae5e58921c87"}
{"index": {"_index":"leo","_id":"1463178"}}
	{"id":1463178,"type":"sell","buyer":"pi-trader","seller":"nrg","symbol":"LEO","quantity":"17.977","price":"0.47953721","timestamp":1630536660,"volume":"8.62064042","buyTxId":"9fbc8914731fce5a40ef760763bf753c1827c952-1","sellTxId":"5ca93efd6602bdfd6bc257008d35806ca64d2e07"}
{"index": {"_index":"leo","_id":"1463473"}}
	{"id":1463473,"type":"sell","buyer":"pi-trader","seller":"brofi-market","symbol":"LEO","quantity":"17.515","price":"0.47969415","timestamp":1630541688,"volume":"8.40184304","buyTxId":"a5b167d1353865eb7ab8a84971cb8573cb8be866-1","sellTxId":"704e9d6c9e1ca12a2c1bf83ae745cc17ededd99a"}
{"index": {"_index":"leo","_id":"1463492"}}
	{"id":1463492,"type":"buy","buyer":"konvik","seller":"forexbrokr","symbol":"LEO","quantity":"42.699","price":"0.48000000","timestamp":1630541796,"volume":"20.49552000","buyTxId":"c850cdd6b61355e493ed8d4496418f7be64f01fe-0","sellTxId":"f2779fec25645faebfd25da6945e6be647faab4d"}
{"index": {"_index":"leo","_id":"1463708"}}
	{"id":1463708,"type":"sell","buyer":"enginemaker","seller":"rishi556","symbol":"LEO","quantity":"1.934","price":"0.47974801","timestamp":1630543215,"volume":"0.92783265","buyTxId":"MM-P-10073524-57057289-3-1-0","sellTxId":"88e06228459aec82b16e96745cffd71214c5658c"}
{"index": {"_index":"leo","_id":"1463774"}}
	{"id":1463774,"type":"buy","buyer":"melbourneswest","seller":"solovey6o2","symbol":"LEO","quantity":"15.783","price":"0.49419799","timestamp":1630543767,"volume":"7.8","buyTxId":"50da6a8fb7f18f4ea08cd7d8470955aebac10139","sellTxId":"d5f26e1b18d9f49f093c954b344e11a08a00cd51"}
{"index": {"_index":"leo","_id":"1463807"}}
	{"id":1463807,"type":"buy","buyer":"globalcurrencies","seller":"solovey6o2","symbol":"LEO","quantity":"25.934","price":"0.49419699","timestamp":1630544355,"volume":"12.81650474","buyTxId":"768aa406ef49fcc926bbff774fd454a7c0566117","sellTxId":"cbcad2fe1ee48cd9091e35ee2cd53000fb342948"}
{"index": {"_index":"leo","_id":"1463808"}}
	{"id":1463808,"type":"buy","buyer":"globalcurrencies","seller":"leomaker","symbol":"LEO","quantity":"21.931","price":"0.49419700","timestamp":1630544355,"volume":"10.83823441","buyTxId":"768aa406ef49fcc926bbff774fd454a7c0566117","sellTxId":"d844f7af569b249c07451955988cb341cf89790a"}
{"index": {"_index":"leo","_id":"1463809"}}
	{"id":1463809,"type":"buy","buyer":"globalcurrencies","seller":"leomaker","symbol":"LEO","quantity":"21.963","price":"0.49419800","timestamp":1630544355,"volume":"10.85407067","buyTxId":"768aa406ef49fcc926bbff774fd454a7c0566117","sellTxId":"551b6571d839180b1f4f97832dfcc48e76dc9f48"}
{"index": {"_index":"leo","_id":"1463810"}}
	{"id":1463810,"type":"buy","buyer":"globalcurrencies","seller":"leomaker","symbol":"LEO","quantity":"22.018","price":"0.49419900","timestamp":1630544355,"volume":"10.88127358","buyTxId":"768aa406ef49fcc926bbff774fd454a7c0566117","sellTxId":"e061f1c0e1795fde87a9ac2535d3a1df2de8b5dd"}
{"index": {"_index":"leo","_id":"1463811"}}
	{"id":1463811,"type":"buy","buyer":"globalcurrencies","seller":"nervi","symbol":"LEO","quantity":"5.200","price":"0.49420000","timestamp":1630544355,"volume":"2.56984000","buyTxId":"768aa406ef49fcc926bbff774fd454a7c0566117","sellTxId":"841d4b5a5f24ac6f300223039d23221aa0d86a9e"}
{"index": {"_index":"leo","_id":"1463812"}}
	{"id":1463812,"type":"buy","buyer":"globalcurrencies","seller":"brofi-market","symbol":"LEO","quantity":"17.515","price":"0.49420000","timestamp":1630544355,"volume":"8.65591300","buyTxId":"768aa406ef49fcc926bbff774fd454a7c0566117","sellTxId":"61f5e16c74ef470c88483cba602353d6726917d0"}
{"index": {"_index":"leo","_id":"1463813"}}
	{"id":1463813,"type":"buy","buyer":"globalcurrencies","seller":"diverse","symbol":"LEO","quantity":"2.956","price":"0.49422000","timestamp":1630544355,"volume":"1.46091432","buyTxId":"768aa406ef49fcc926bbff774fd454a7c0566117","sellTxId":"41401ab5d2991808bdebd3fa51e88fb360f8bb21"}
{"index": {"_index":"leo","_id":"1463814"}}
	{"id":1463814,"type":"buy","buyer":"globalcurrencies","seller":"mpath","symbol":"LEO","quantity":"0.174","price":"0.49422000","timestamp":1630544355,"volume":"0.08599428","buyTxId":"768aa406ef49fcc926bbff774fd454a7c0566117","sellTxId":"6eabcae0a688052b1f6a30310fc39102023d6d44"}
{"index": {"_index":"leo","_id":"1463815"}}
	{"id":1463815,"type":"buy","buyer":"globalcurrencies","seller":"accelerator","symbol":"LEO","quantity":"1.000","price":"0.49423300","timestamp":1630544355,"volume":"0.49423300","buyTxId":"768aa406ef49fcc926bbff774fd454a7c0566117","sellTxId":"107af126687416a745c3f1f3df461aa5e28c0ca0"}
{"index": {"_index":"leo","_id":"1463816"}}
	{"id":1463816,"type":"buy","buyer":"globalcurrencies","seller":"leomaker","symbol":"LEO","quantity":"22.047","price":"0.49431500","timestamp":1630544355,"volume":"10.89816281","buyTxId":"768aa406ef49fcc926bbff774fd454a7c0566117","sellTxId":"682a9a0286dc39d9695695290c36b084c24d0e30"}
{"index": {"_index":"leo","_id":"1463817"}}
	{"id":1463817,"type":"buy","buyer":"globalcurrencies","seller":"leomaker","symbol":"LEO","quantity":"22.073","price":"0.49431600","timestamp":1630544355,"volume":"10.91103707","buyTxId":"768aa406ef49fcc926bbff774fd454a7c0566117","sellTxId":"f97ebef41bc0b5dca752a72cc00f3d5912e5883d"}
{"index": {"_index":"leo","_id":"1463818"}}
	{"id":1463818,"type":"buy","buyer":"globalcurrencies","seller":"leomaker","symbol":"LEO","quantity":"22.114","price":"0.49431700","timestamp":1630544355,"volume":"10.93132614","buyTxId":"768aa406ef49fcc926bbff774fd454a7c0566117","sellTxId":"0cc7c18f0e871538a61ecbf1c16f2dafe0956bd0"}
{"index": {"_index":"leo","_id":"1463819"}}
	{"id":1463819,"type":"buy","buyer":"globalcurrencies","seller":"leomaker","symbol":"LEO","quantity":"22.164","price":"0.49431800","timestamp":1630544355,"volume":"10.95606415","buyTxId":"768aa406ef49fcc926bbff774fd454a7c0566117","sellTxId":"2aca87303b4549c8e8303ef382bf82dc963cdfba"}
{"index": {"_index":"leo","_id":"1463820"}}
	{"id":1463820,"type":"buy","buyer":"globalcurrencies","seller":"enginemaker","symbol":"LEO","quantity":"92.911","price":"0.49431900","timestamp":1630544355,"volume":"45.92767261","buyTxId":"768aa406ef49fcc926bbff774fd454a7c0566117","sellTxId":"MM-P-10071432-57055194-3-1-1"}
{"index": {"_index":"leo","_id":"1463824"}}
	{"id":1463824,"type":"buy","buyer":"globalcurrencies","seller":"enginemaker","symbol":"LEO","quantity":"7.089","price":"0.49431900","timestamp":1630544391,"volume":"3.50422739","buyTxId":"eff5651f87e6d5ea6a79c7bf07a3bec6d46b8ab2","sellTxId":"MM-P-10071432-57055194-3-1-1"}
{"index": {"_index":"leo","_id":"1463825"}}
	{"id":1463825,"type":"buy","buyer":"globalcurrencies","seller":"leomaker","symbol":"LEO","quantity":"22.184","price":"0.49432200","timestamp":1630544391,"volume":"10.96603925","buyTxId":"eff5651f87e6d5ea6a79c7bf07a3bec6d46b8ab2","sellTxId":"03bfd41f16341262ea75ebb36d62753e3492fe0e"}
{"index": {"_index":"leo","_id":"1463826"}}
	{"id":1463826,"type":"buy","buyer":"globalcurrencies","seller":"leomaker","symbol":"LEO","quantity":"22.219","price":"0.49432300","timestamp":1630544391,"volume":"10.98336274","buyTxId":"eff5651f87e6d5ea6a79c7bf07a3bec6d46b8ab2","sellTxId":"8635ec9379a961c282080c42d6ec9c1a30fb008e"}
{"index": {"_index":"leo","_id":"1463827"}}
	{"id":1463827,"type":"buy","buyer":"globalcurrencies","seller":"leomaker","symbol":"LEO","quantity":"22.265","price":"0.49432400","timestamp":1630544391,"volume":"11.00612386","buyTxId":"eff5651f87e6d5ea6a79c7bf07a3bec6d46b8ab2","sellTxId":"c6bc18d4c2b75f35345b6463196b1cbcac4f339d"}
{"index": {"_index":"leo","_id":"1463828"}}
	{"id":1463828,"type":"buy","buyer":"globalcurrencies","seller":"leomaker","symbol":"LEO","quantity":"22.309","price":"0.49432500","timestamp":1630544391,"volume":"11.02789643","buyTxId":"eff5651f87e6d5ea6a79c7bf07a3bec6d46b8ab2","sellTxId":"42f8831791a8b6ea0ad23f9d050980b2c8a575fb"}
{"index": {"_index":"leo","_id":"1463829"}}
	{"id":1463829,"type":"buy","buyer":"globalcurrencies","seller":"leomaker","symbol":"LEO","quantity":"22.353","price":"0.49432600","timestamp":1630544391,"volume":"11.04966908","buyTxId":"eff5651f87e6d5ea6a79c7bf07a3bec6d46b8ab2","sellTxId":"36ff5da78bcc2c1f8c18d7e5ac524e838aa84e22"}
{"index": {"_index":"leo","_id":"1463830"}}
	{"id":1463830,"type":"buy","buyer":"globalcurrencies","seller":"leomaker","symbol":"LEO","quantity":"22.376","price":"0.49432700","timestamp":1630544391,"volume":"11.06106095","buyTxId":"eff5651f87e6d5ea6a79c7bf07a3bec6d46b8ab2","sellTxId":"effe66bffb193aa73d2415a1b7d0059aa1799b04"}
{"index": {"_index":"leo","_id":"1463831"}}
	{"id":1463831,"type":"buy","buyer":"globalcurrencies","seller":"leomaker","symbol":"LEO","quantity":"22.403","price":"0.49432800","timestamp":1630544391,"volume":"11.07443018","buyTxId":"eff5651f87e6d5ea6a79c7bf07a3bec6d46b8ab2","sellTxId":"84172e848f383a4316063996f87808ccf3f07115"}
{"index": {"_index":"leo","_id":"1463832"}}
	{"id":1463832,"type":"buy","buyer":"globalcurrencies","seller":"leomaker","symbol":"LEO","quantity":"22.295","price":"0.49432900","timestamp":1630544391,"volume":"11.02106506","buyTxId":"eff5651f87e6d5ea6a79c7bf07a3bec6d46b8ab2","sellTxId":"f14dd021cca061804fc168b5cfbd8c0ffe61d1c4"}
{"index": {"_index":"leo","_id":"1463833"}}
	{"id":1463833,"type":"buy","buyer":"globalcurrencies","seller":"madstacks","symbol":"LEO","quantity":"14.507","price":"0.49434000","timestamp":1630544391,"volume":"7.17139038","buyTxId":"eff5651f87e6d5ea6a79c7bf07a3bec6d46b8ab2","sellTxId":"c951ac77a133081f9f52fa12721ddbdb70ef159a"}
{"index": {"_index":"leo","_id":"1463854"}}
	{"id":1463854,"type":"buy","buyer":"burnbot9000","seller":"madstacks","symbol":"LEO","quantity":"7.626","price":"0.49434000","timestamp":1630544724,"volume":"3.76999999","buyTxId":"3498a46b7711e08169dcb30c59955c71280ecf22","sellTxId":"c951ac77a133081f9f52fa12721ddbdb70ef159a"}
{"index": {"_index":"leo","_id":"1463922"}}
	{"id":1463922,"type":"buy","buyer":"globalcurrencies","seller":"enginemaker","symbol":"LEO","quantity":"100.000","price":"0.49433000","timestamp":1630545960,"volume":"49.43300000","buyTxId":"65af8b4c9a614184480f7ee0ab7a06eafc88b492","sellTxId":"MM-P-10074321-57058086-3-1-1"}
{"index": {"_index":"leo","_id":"1463923"}}
	{"id":1463923,"type":"buy","buyer":"globalcurrencies","seller":"leomaker","symbol":"LEO","quantity":"21.885","price":"0.49433900","timestamp":1630545960,"volume":"10.81860902","buyTxId":"65af8b4c9a614184480f7ee0ab7a06eafc88b492","sellTxId":"62bff9ee7a8c4cc179d16344c7e0a25f8ffdce5a"}
{"index": {"_index":"leo","_id":"1463924"}}
	{"id":1463924,"type":"buy","buyer":"globalcurrencies","seller":"madstacks","symbol":"LEO","quantity":"178.115","price":"0.49434000","timestamp":1630545960,"volume":"88.04936910","buyTxId":"65af8b4c9a614184480f7ee0ab7a06eafc88b492","sellTxId":"c951ac77a133081f9f52fa12721ddbdb70ef159a"}
{"index": {"_index":"leo","_id":"1464017"}}
	{"id":1464017,"type":"sell","buyer":"pi-trader","seller":"rob23","symbol":"LEO","quantity":"1.228","price":"0.48001203","timestamp":1630547970,"volume":"0.58945477","buyTxId":"50ff9d0b25b7bfe9697c443e324b78980a6bbef9-1","sellTxId":"937ee6b6e5343f3d1dfbf3d2e9202055118d2145"}
{"index": {"_index":"leo","_id":"1464038"}}
	{"id":1464038,"type":"sell","buyer":"pi-trader","seller":"sugandhaseth","symbol":"LEO","quantity":"0.585","price":"0.48001205","timestamp":1630548240,"volume":"0.28080705","buyTxId":"fb89b880474ab316f677780470b2654a1dcb548f-1","sellTxId":"b31bfe35a0928589a41535b2c548cefd1c14d843"}
{"index": {"_index":"leo","_id":"1464179"}}
	{"id":1464179,"type":"sell","buyer":"solovey6o2","seller":"eythorphoto","symbol":"LEO","quantity":"1.000","price":"0.48403218","timestamp":1630550913,"volume":"0.48403218","buyTxId":"1f383990e5b39f8d20510c88b1e3c0b82057ea09","sellTxId":"0b53f5234784bfe585d4b2a8a98c34886ab8d563"}
{"index": {"_index":"leo","_id":"1464195"}}
	{"id":1464195,"type":"buy","buyer":"bitcoinflood","seller":"madstacks","symbol":"LEO","quantity":"2.764","price":"0.49434000","timestamp":1630551081,"volume":"1.36635576","buyTxId":"32d1eded22eb4b29b381d825dd3318ae3e33e375","sellTxId":"c951ac77a133081f9f52fa12721ddbdb70ef159a"}
{"index": {"_index":"leo","_id":"1464196"}}
	{"id":1464196,"type":"buy","buyer":"bitcoinflood","seller":"peerfinance","symbol":"LEO","quantity":"0.290","price":"0.49434000","timestamp":1630551081,"volume":"0.14335860","buyTxId":"32d1eded22eb4b29b381d825dd3318ae3e33e375","sellTxId":"e8cf211ca659c5a12532de82d8adaa2683fc69f1"}
{"index": {"_index":"leo","_id":"1464204"}}
	{"id":1464204,"type":"sell","buyer":"bitcoinflood","seller":"roleerob","symbol":"LEO","quantity":"6.586","price":"0.49434000","timestamp":1630551165,"volume":"3.25572324","buyTxId":"32d1eded22eb4b29b381d825dd3318ae3e33e375","sellTxId":"d6374dadf31cd1769d104219806ef9eb03390add"}
{"index": {"_index":"leo","_id":"1464205"}}
	{"id":1464205,"type":"buy","buyer":"konvik","seller":"roleerob","symbol":"LEO","quantity":"143.414","price":"0.48404222","timestamp":1630551168,"volume":"69.41843094","buyTxId":"7f74af4098f89ed97bb2434ae38e3ec5065faf90-0","sellTxId":"d6374dadf31cd1769d104219806ef9eb03390add"}
