{"index": {"_index":"leo","_id":"4049565"}}
	{"id":4049565,"type":"buy","buyer":"globalcurrencies","seller":"leomaker","symbol":"LEO","quantity":"19.765","price":"0.11698900","timestamp":1659408051,"volume":"2.31228759","buyTxId":"69892428f853337bf8e0765f36fd6042e91b0ad9","sellTxId":"e7c217714bd98e71936e94522f9f55bf113ec4bc"}
{"index": {"_index":"leo","_id":"4049566"}}
	{"id":4049566,"type":"buy","buyer":"globalcurrencies","seller":"enginemaker","symbol":"LEO","quantity":"500.000","price":"0.11699000","timestamp":1659408051,"volume":"58.49500000","buyTxId":"69892428f853337bf8e0765f36fd6042e91b0ad9","sellTxId":"MM-P-19659166-66653412-3-1-0"}
{"index": {"_index":"leo","_id":"4049567"}}
	{"id":4049567,"type":"buy","buyer":"globalcurrencies","seller":"leomaker","symbol":"LEO","quantity":"20.006","price":"0.11699900","timestamp":1659408051,"volume":"2.34068199","buyTxId":"69892428f853337bf8e0765f36fd6042e91b0ad9","sellTxId":"880b3fb1066cc604e9b1333e3c5ab172b38da820"}
{"index": {"_index":"leo","_id":"4049568"}}
	{"id":4049568,"type":"buy","buyer":"globalcurrencies","seller":"sbi-tokens","symbol":"LEO","quantity":"1460.229","price":"0.11700000","timestamp":1659408051,"volume":"170.84679300","buyTxId":"69892428f853337bf8e0765f36fd6042e91b0ad9","sellTxId":"b5d4c7398a315d0c79c812467241598cc161defe"}
{"index": {"_index":"leo","_id":"4049572"}}
	{"id":4049572,"type":"buy","buyer":"god0","seller":"sbi-tokens","symbol":"LEO","quantity":"43.751","price":"0.11700000","timestamp":1659408099,"volume":"5.11886700","buyTxId":"b59d9341a73dd50f912a4581689cd946568625f4-0","sellTxId":"b5d4c7398a315d0c79c812467241598cc161defe"}
{"index": {"_index":"leo","_id":"4049573"}}
	{"id":4049573,"type":"buy","buyer":"konvik","seller":"leomaker","symbol":"LEO","quantity":"22.964","price":"0.11799900","timestamp":1659408102,"volume":"2.70972904","buyTxId":"5c03d3accf919c21f8efc0e67ace05c1e6eee332-0","sellTxId":"97fe9820c8f1f8986494307f2baa3c64c5cda7cd"}
{"index": {"_index":"leo","_id":"4049574"}}
	{"id":4049574,"type":"buy","buyer":"konvik","seller":"leomaker","symbol":"LEO","quantity":"23.242","price":"0.11896000","timestamp":1659408102,"volume":"2.76486832","buyTxId":"5c03d3accf919c21f8efc0e67ace05c1e6eee332-0","sellTxId":"166f14ce15c6aa347680546994b4e02ed4ef333f"}
{"index": {"_index":"leo","_id":"4049575"}}
	{"id":4049575,"type":"buy","buyer":"konvik","seller":"leomaker","symbol":"LEO","quantity":"23.525","price":"0.11896100","timestamp":1659408102,"volume":"2.79855753","buyTxId":"5c03d3accf919c21f8efc0e67ace05c1e6eee332-0","sellTxId":"48dade4130fe6298c57bf239c0d88e8be11e982b"}
{"index": {"_index":"leo","_id":"4049576"}}
	{"id":4049576,"type":"buy","buyer":"konvik","seller":"leomaker","symbol":"LEO","quantity":"23.810","price":"0.11896800","timestamp":1659408102,"volume":"2.83262808","buyTxId":"5c03d3accf919c21f8efc0e67ace05c1e6eee332-0","sellTxId":"4a6edf75d1406067a59941784f6b2d158f6f0f88"}
{"index": {"_index":"leo","_id":"4049577"}}
	{"id":4049577,"type":"buy","buyer":"konvik","seller":"leomaker","symbol":"LEO","quantity":"24.100","price":"0.11896900","timestamp":1659408102,"volume":"2.86715290","buyTxId":"5c03d3accf919c21f8efc0e67ace05c1e6eee332-0","sellTxId":"54f1e28445cc4fae4afa227f8eae85176f5a11df"}
{"index": {"_index":"leo","_id":"4049578"}}
	{"id":4049578,"type":"buy","buyer":"konvik","seller":"leomaker","symbol":"LEO","quantity":"24.393","price":"0.11897000","timestamp":1659408102,"volume":"2.90203521","buyTxId":"5c03d3accf919c21f8efc0e67ace05c1e6eee332-0","sellTxId":"3b784820629b06b2069fd32fb1b1fb5f03e93a07"}
{"index": {"_index":"leo","_id":"4049579"}}
	{"id":4049579,"type":"buy","buyer":"konvik","seller":"leomaker","symbol":"LEO","quantity":"24.690","price":"0.11897100","timestamp":1659408102,"volume":"2.93739399","buyTxId":"5c03d3accf919c21f8efc0e67ace05c1e6eee332-0","sellTxId":"48ad1e46d95bb0c25d9ded2281f6c9d24221e0ca"}
{"index": {"_index":"leo","_id":"4049580"}}
	{"id":4049580,"type":"buy","buyer":"konvik","seller":"leomaker","symbol":"LEO","quantity":"24.989","price":"0.11897200","timestamp":1659408102,"volume":"2.97299131","buyTxId":"5c03d3accf919c21f8efc0e67ace05c1e6eee332-0","sellTxId":"0527aef4f54686d96292107f25b9872c0a0a2e79"}
{"index": {"_index":"leo","_id":"4049581"}}
	{"id":4049581,"type":"buy","buyer":"konvik","seller":"leomaker","symbol":"LEO","quantity":"25.292","price":"0.11898000","timestamp":1659408102,"volume":"3.00924216","buyTxId":"5c03d3accf919c21f8efc0e67ace05c1e6eee332-0","sellTxId":"e8be3ed5d5b91ec0f730c1a81633b218ebf32ee9"}
{"index": {"_index":"leo","_id":"4049582"}}
	{"id":4049582,"type":"buy","buyer":"konvik","seller":"leomaker","symbol":"LEO","quantity":"25.600","price":"0.11898100","timestamp":1659408102,"volume":"3.04591360","buyTxId":"5c03d3accf919c21f8efc0e67ace05c1e6eee332-0","sellTxId":"ccfd4ba918cc27c543e7519a226b29e6edc227bd"}
{"index": {"_index":"leo","_id":"4049583"}}
	{"id":4049583,"type":"buy","buyer":"konvik","seller":"leomaker","symbol":"LEO","quantity":"25.911","price":"0.11898200","timestamp":1659408102,"volume":"3.08294260","buyTxId":"5c03d3accf919c21f8efc0e67ace05c1e6eee332-0","sellTxId":"b7b1e961d9d516b14281387cb46b2ed26dbedb90"}
{"index": {"_index":"leo","_id":"4049584"}}
	{"id":4049584,"type":"buy","buyer":"konvik","seller":"leomaker","symbol":"LEO","quantity":"26.225","price":"0.11898300","timestamp":1659408102,"volume":"3.12032918","buyTxId":"5c03d3accf919c21f8efc0e67ace05c1e6eee332-0","sellTxId":"4eaa28a5c6347f4ee937c0eb01ecde0a3e60eadd"}
{"index": {"_index":"leo","_id":"4049585"}}
	{"id":4049585,"type":"buy","buyer":"konvik","seller":"leomaker","symbol":"LEO","quantity":"26.544","price":"0.11898400","timestamp":1659408102,"volume":"3.15831130","buyTxId":"5c03d3accf919c21f8efc0e67ace05c1e6eee332-0","sellTxId":"0c62b56604bcc92cb4f0d25bc33142af4ba822f8"}
{"index": {"_index":"leo","_id":"4049586"}}
	{"id":4049586,"type":"buy","buyer":"konvik","seller":"leomaker","symbol":"LEO","quantity":"26.259","price":"0.11914000","timestamp":1659408102,"volume":"3.12849726","buyTxId":"5c03d3accf919c21f8efc0e67ace05c1e6eee332-0","sellTxId":"c289d3c397557f0b4e612fa30d903d3675338bf7"}
{"index": {"_index":"leo","_id":"4049587"}}
	{"id":4049587,"type":"buy","buyer":"konvik","seller":"leomaker","symbol":"LEO","quantity":"26.577","price":"0.11914800","timestamp":1659408102,"volume":"3.16659640","buyTxId":"5c03d3accf919c21f8efc0e67ace05c1e6eee332-0","sellTxId":"df52460d762189040532ab3fb8466d342298fe03"}
{"index": {"_index":"leo","_id":"4049588"}}
	{"id":4049588,"type":"buy","buyer":"konvik","seller":"leomaker","symbol":"LEO","quantity":"26.900","price":"0.11914900","timestamp":1659408102,"volume":"3.20510810","buyTxId":"5c03d3accf919c21f8efc0e67ace05c1e6eee332-0","sellTxId":"a81a4e9a85176269d4929e423818602e1aa8f490"}
{"index": {"_index":"leo","_id":"4049589"}}
	{"id":4049589,"type":"buy","buyer":"konvik","seller":"leomaker","symbol":"LEO","quantity":"27.228","price":"0.11915000","timestamp":1659408102,"volume":"3.24421620","buyTxId":"5c03d3accf919c21f8efc0e67ace05c1e6eee332-0","sellTxId":"b4ef4b7e7564d2bbc1e08e970d6c8cd03ed9f81d"}
{"index": {"_index":"leo","_id":"4049590"}}
	{"id":4049590,"type":"buy","buyer":"konvik","seller":"leomaker","symbol":"LEO","quantity":"27.559","price":"0.11915100","timestamp":1659408102,"volume":"3.28368241","buyTxId":"5c03d3accf919c21f8efc0e67ace05c1e6eee332-0","sellTxId":"1a58003228119ceb4275580d04ae86d2f9fd3b91"}
{"index": {"_index":"leo","_id":"4049591"}}
	{"id":4049591,"type":"buy","buyer":"konvik","seller":"leomaker","symbol":"LEO","quantity":"27.893","price":"0.11915200","timestamp":1659408102,"volume":"3.32350674","buyTxId":"5c03d3accf919c21f8efc0e67ace05c1e6eee332-0","sellTxId":"9080c4d9d86f79b804eabfc5a4a20c7496221a2c"}
{"index": {"_index":"leo","_id":"4049592"}}
	{"id":4049592,"type":"buy","buyer":"konvik","seller":"leomaker","symbol":"LEO","quantity":"28.231","price":"0.11916000","timestamp":1659408102,"volume":"3.36400596","buyTxId":"5c03d3accf919c21f8efc0e67ace05c1e6eee332-0","sellTxId":"c8f8c5893e43df9270f662324a2f3b5c5042317a"}
{"index": {"_index":"leo","_id":"4049593"}}
	{"id":4049593,"type":"buy","buyer":"konvik","seller":"leomaker","symbol":"LEO","quantity":"28.574","price":"0.11916100","timestamp":1659408102,"volume":"3.40490641","buyTxId":"5c03d3accf919c21f8efc0e67ace05c1e6eee332-0","sellTxId":"ad22752e569daf5a41fe35a06bf5286de17c9122"}
{"index": {"_index":"leo","_id":"4049594"}}
	{"id":4049594,"type":"buy","buyer":"konvik","seller":"leomaker","symbol":"LEO","quantity":"28.922","price":"0.11916200","timestamp":1659408102,"volume":"3.44640336","buyTxId":"5c03d3accf919c21f8efc0e67ace05c1e6eee332-0","sellTxId":"1207f02b02a1d3c1bf280c3fa8f64e5eee1665be"}
{"index": {"_index":"leo","_id":"4049595"}}
	{"id":4049595,"type":"buy","buyer":"konvik","seller":"leomaker","symbol":"LEO","quantity":"29.272","price":"0.11916300","timestamp":1659408102,"volume":"3.48813934","buyTxId":"5c03d3accf919c21f8efc0e67ace05c1e6eee332-0","sellTxId":"d37582996ee9b6c0235460f2c283552e89b8261d"}
{"index": {"_index":"leo","_id":"4049596"}}
	{"id":4049596,"type":"buy","buyer":"konvik","seller":"leomaker","symbol":"LEO","quantity":"29.629","price":"0.11916400","timestamp":1659408102,"volume":"3.53071016","buyTxId":"5c03d3accf919c21f8efc0e67ace05c1e6eee332-0","sellTxId":"c068081e513c7a52ad51d75729a5f04101208224"}
{"index": {"_index":"leo","_id":"4049597"}}
	{"id":4049597,"type":"buy","buyer":"konvik","seller":"leomaker","symbol":"LEO","quantity":"29.989","price":"0.11917200","timestamp":1659408102,"volume":"3.57384911","buyTxId":"5c03d3accf919c21f8efc0e67ace05c1e6eee332-0","sellTxId":"27363670faba31c65a591c4233ecaf84dc303db9"}
{"index": {"_index":"leo","_id":"4049598"}}
	{"id":4049598,"type":"buy","buyer":"konvik","seller":"leomaker","symbol":"LEO","quantity":"30.353","price":"0.11917300","timestamp":1659408102,"volume":"3.61725807","buyTxId":"5c03d3accf919c21f8efc0e67ace05c1e6eee332-0","sellTxId":"01704b0dd40c097eacabef91af2a6e338555a03a"}
{"index": {"_index":"leo","_id":"4049599"}}
	{"id":4049599,"type":"buy","buyer":"konvik","seller":"leomaker","symbol":"LEO","quantity":"30.722","price":"0.11917400","timestamp":1659408102,"volume":"3.66126363","buyTxId":"5c03d3accf919c21f8efc0e67ace05c1e6eee332-0","sellTxId":"171dca231d35dde6c2fc4970435f095c037e8711"}
{"index": {"_index":"leo","_id":"4049600"}}
	{"id":4049600,"type":"buy","buyer":"konvik","seller":"leomaker","symbol":"LEO","quantity":"31.094","price":"0.11917500","timestamp":1659408102,"volume":"3.70562745","buyTxId":"5c03d3accf919c21f8efc0e67ace05c1e6eee332-0","sellTxId":"b4db61347ba04ff1bf7b0ecb25479f6b7352db35"}
{"index": {"_index":"leo","_id":"4049601"}}
	{"id":4049601,"type":"buy","buyer":"konvik","seller":"leomaker","symbol":"LEO","quantity":"31.472","price":"0.11918300","timestamp":1659408102,"volume":"3.75092738","buyTxId":"5c03d3accf919c21f8efc0e67ace05c1e6eee332-0","sellTxId":"4c739c495425ddfa688d013b76b0777a310f3171"}
{"index": {"_index":"leo","_id":"4049602"}}
	{"id":4049602,"type":"buy","buyer":"konvik","seller":"leomaker","symbol":"LEO","quantity":"31.855","price":"0.11918400","timestamp":1659408102,"volume":"3.79660632","buyTxId":"5c03d3accf919c21f8efc0e67ace05c1e6eee332-0","sellTxId":"cc465d5ba6b738a2edeed6cd5f370bfad5991a06"}
{"index": {"_index":"leo","_id":"4049603"}}
	{"id":4049603,"type":"buy","buyer":"konvik","seller":"leomaker","symbol":"LEO","quantity":"32.241","price":"0.11918500","timestamp":1659408102,"volume":"3.84264359","buyTxId":"5c03d3accf919c21f8efc0e67ace05c1e6eee332-0","sellTxId":"3f414485f67efe5e596b791587d224b23946e2e7"}
{"index": {"_index":"leo","_id":"4049604"}}
	{"id":4049604,"type":"buy","buyer":"konvik","seller":"leomaker","symbol":"LEO","quantity":"32.633","price":"0.11918600","timestamp":1659408102,"volume":"3.88939674","buyTxId":"5c03d3accf919c21f8efc0e67ace05c1e6eee332-0","sellTxId":"f9b41b8e47f14d61f83aef65874c31cd263482e0"}
{"index": {"_index":"leo","_id":"4049605"}}
	{"id":4049605,"type":"buy","buyer":"konvik","seller":"leomaker","symbol":"LEO","quantity":"33.029","price":"0.11918700","timestamp":1659408102,"volume":"3.93662742","buyTxId":"5c03d3accf919c21f8efc0e67ace05c1e6eee332-0","sellTxId":"3a76e5ab38e2995ae86d78bf57370d953e440543"}
{"index": {"_index":"leo","_id":"4049606"}}
	{"id":4049606,"type":"buy","buyer":"konvik","seller":"leomaker","symbol":"LEO","quantity":"33.430","price":"0.11919600","timestamp":1659408102,"volume":"3.98472228","buyTxId":"5c03d3accf919c21f8efc0e67ace05c1e6eee332-0","sellTxId":"89298b5ca24f5596115681d7fc7804a7d408647c"}
{"index": {"_index":"leo","_id":"4049607"}}
	{"id":4049607,"type":"buy","buyer":"konvik","seller":"leomaker","symbol":"LEO","quantity":"33.837","price":"0.11919700","timestamp":1659408102,"volume":"4.03326889","buyTxId":"5c03d3accf919c21f8efc0e67ace05c1e6eee332-0","sellTxId":"c8e1befcec516f059974f2a82a54595b8d50a6a4"}
{"index": {"_index":"leo","_id":"4049608"}}
	{"id":4049608,"type":"buy","buyer":"konvik","seller":"leomaker","symbol":"LEO","quantity":"34.247","price":"0.11919800","timestamp":1659408102,"volume":"4.08217391","buyTxId":"5c03d3accf919c21f8efc0e67ace05c1e6eee332-0","sellTxId":"63000559d21a8a689ac33455aad3e334a2961e8f"}
{"index": {"_index":"leo","_id":"4049609"}}
	{"id":4049609,"type":"buy","buyer":"konvik","seller":"leomaker","symbol":"LEO","quantity":"34.664","price":"0.11920700","timestamp":1659408102,"volume":"4.13219145","buyTxId":"5c03d3accf919c21f8efc0e67ace05c1e6eee332-0","sellTxId":"78bfec0ae175ac3abbbf35ce1ab6deecde3121b1"}
{"index": {"_index":"leo","_id":"4049610"}}
	{"id":4049610,"type":"buy","buyer":"konvik","seller":"leomaker","symbol":"LEO","quantity":"35.085","price":"0.11920800","timestamp":1659408102,"volume":"4.18241268","buyTxId":"5c03d3accf919c21f8efc0e67ace05c1e6eee332-0","sellTxId":"4788a36b4786657736f54b11a44d91b0b551e0ba"}
{"index": {"_index":"leo","_id":"4049611"}}
	{"id":4049611,"type":"buy","buyer":"konvik","seller":"leomaker","symbol":"LEO","quantity":"35.511","price":"0.11920900","timestamp":1659408102,"volume":"4.23323080","buyTxId":"5c03d3accf919c21f8efc0e67ace05c1e6eee332-0","sellTxId":"6506b74746d2f92b6c4b1bc3b3ec4fceb507ddce"}
{"index": {"_index":"leo","_id":"4049612"}}
	{"id":4049612,"type":"buy","buyer":"konvik","seller":"leomaker","symbol":"LEO","quantity":"35.942","price":"0.11921000","timestamp":1659408102,"volume":"4.28464582","buyTxId":"5c03d3accf919c21f8efc0e67ace05c1e6eee332-0","sellTxId":"26b7780d4ec3cba3fb45f2c42e29becac75c39e2"}
{"index": {"_index":"leo","_id":"4049613"}}
	{"id":4049613,"type":"buy","buyer":"konvik","seller":"leomaker","symbol":"LEO","quantity":"36.378","price":"0.11921900","timestamp":1659408102,"volume":"4.33694878","buyTxId":"5c03d3accf919c21f8efc0e67ace05c1e6eee332-0","sellTxId":"ea63015841f64790ea2d29ba09a4a1325e54acb4"}
{"index": {"_index":"leo","_id":"4049614"}}
	{"id":4049614,"type":"buy","buyer":"konvik","seller":"leomaker","symbol":"LEO","quantity":"36.820","price":"0.11922000","timestamp":1659408102,"volume":"4.38968040","buyTxId":"5c03d3accf919c21f8efc0e67ace05c1e6eee332-0","sellTxId":"b88c7c60bd400a5913f20ab22e7ea9c71386e9d7"}
{"index": {"_index":"leo","_id":"4049615"}}
	{"id":4049615,"type":"buy","buyer":"konvik","seller":"leomaker","symbol":"LEO","quantity":"37.268","price":"0.11922100","timestamp":1659408102,"volume":"4.44312823","buyTxId":"5c03d3accf919c21f8efc0e67ace05c1e6eee332-0","sellTxId":"0e28a063e8a2f53e189ae2009c22519abc65273e"}
{"index": {"_index":"leo","_id":"4049616"}}
	{"id":4049616,"type":"buy","buyer":"konvik","seller":"leomaker","symbol":"LEO","quantity":"37.719","price":"0.11923000","timestamp":1659408102,"volume":"4.49723637","buyTxId":"5c03d3accf919c21f8efc0e67ace05c1e6eee332-0","sellTxId":"12c89ebbb4b6dbb3fb897b3c7917a3facc51b158"}
{"index": {"_index":"leo","_id":"4049617"}}
	{"id":4049617,"type":"buy","buyer":"konvik","seller":"leomaker","symbol":"LEO","quantity":"38.177","price":"0.11923100","timestamp":1659408102,"volume":"4.55188189","buyTxId":"5c03d3accf919c21f8efc0e67ace05c1e6eee332-0","sellTxId":"c28bd4db775fa5ef4f1ada2671906bd1abe4d549"}
{"index": {"_index":"leo","_id":"4049618"}}
	{"id":4049618,"type":"buy","buyer":"konvik","seller":"leomaker","symbol":"LEO","quantity":"38.642","price":"0.11923200","timestamp":1659408102,"volume":"4.60736294","buyTxId":"5c03d3accf919c21f8efc0e67ace05c1e6eee332-0","sellTxId":"0ca454979f258e9bbf7ff12a15ebd5273974863b"}
{"index": {"_index":"leo","_id":"4049619"}}
	{"id":4049619,"type":"buy","buyer":"konvik","seller":"leomaker","symbol":"LEO","quantity":"39.110","price":"0.11923300","timestamp":1659408102,"volume":"4.66320263","buyTxId":"5c03d3accf919c21f8efc0e67ace05c1e6eee332-0","sellTxId":"31c7f0b3afb0f761efe8f346bb43b98ae7187671"}
{"index": {"_index":"leo","_id":"4049620"}}
	{"id":4049620,"type":"buy","buyer":"konvik","seller":"leomaker","symbol":"LEO","quantity":"39.585","price":"0.11924200","timestamp":1659408102,"volume":"4.72019457","buyTxId":"5c03d3accf919c21f8efc0e67ace05c1e6eee332-0","sellTxId":"88df4ec0c2b403f24cb0ea3c8bbb71978c1bc2c9"}
{"index": {"_index":"leo","_id":"4049621"}}
	{"id":4049621,"type":"buy","buyer":"konvik","seller":"leomaker","symbol":"LEO","quantity":"40.067","price":"0.11924300","timestamp":1659408102,"volume":"4.77770928","buyTxId":"5c03d3accf919c21f8efc0e67ace05c1e6eee332-0","sellTxId":"d16e28b9b101dad8ae2d8b144f7675c6c93b9892"}
{"index": {"_index":"leo","_id":"4049622"}}
	{"id":4049622,"type":"buy","buyer":"konvik","seller":"leomaker","symbol":"LEO","quantity":"40.554","price":"0.11924400","timestamp":1659408102,"volume":"4.83582118","buyTxId":"5c03d3accf919c21f8efc0e67ace05c1e6eee332-0","sellTxId":"77086a500a9e954e4848a7c403b31040d160e3d6"}
{"index": {"_index":"leo","_id":"4049623"}}
	{"id":4049623,"type":"buy","buyer":"konvik","seller":"leomaker","symbol":"LEO","quantity":"41.045","price":"0.11925300","timestamp":1659408102,"volume":"4.89473939","buyTxId":"5c03d3accf919c21f8efc0e67ace05c1e6eee332-0","sellTxId":"684450924e112273c471a4895b6919c386412493"}
{"index": {"_index":"leo","_id":"4049624"}}
	{"id":4049624,"type":"buy","buyer":"konvik","seller":"leomaker","symbol":"LEO","quantity":"41.545","price":"0.11925400","timestamp":1659408102,"volume":"4.95440743","buyTxId":"5c03d3accf919c21f8efc0e67ace05c1e6eee332-0","sellTxId":"3f8e0f1dab55e4eb8c5cd42a4f4a5b33ba5e2700"}
{"index": {"_index":"leo","_id":"4049625"}}
	{"id":4049625,"type":"buy","buyer":"konvik","seller":"leomaker","symbol":"LEO","quantity":"42.049","price":"0.11925500","timestamp":1659408102,"volume":"5.01455350","buyTxId":"5c03d3accf919c21f8efc0e67ace05c1e6eee332-0","sellTxId":"b34e946b750e5f736ecddeea7a410b99e69739b1"}
{"index": {"_index":"leo","_id":"4049626"}}
	{"id":4049626,"type":"buy","buyer":"konvik","seller":"leomaker","symbol":"LEO","quantity":"42.560","price":"0.11926400","timestamp":1659408102,"volume":"5.07587584","buyTxId":"5c03d3accf919c21f8efc0e67ace05c1e6eee332-0","sellTxId":"08f59dd82c673fc3889e8bc553db9b22db5efb73"}
{"index": {"_index":"leo","_id":"4049627"}}
	{"id":4049627,"type":"buy","buyer":"konvik","seller":"leomaker","symbol":"LEO","quantity":"43.076","price":"0.11926500","timestamp":1659408102,"volume":"5.13745914","buyTxId":"5c03d3accf919c21f8efc0e67ace05c1e6eee332-0","sellTxId":"c884d427665bacfc7ece18906f788bd4bc9696cb"}
{"index": {"_index":"leo","_id":"4049628"}}
	{"id":4049628,"type":"buy","buyer":"konvik","seller":"leomaker","symbol":"LEO","quantity":"43.600","price":"0.11926600","timestamp":1659408102,"volume":"5.19999760","buyTxId":"5c03d3accf919c21f8efc0e67ace05c1e6eee332-0","sellTxId":"9c582b32f5b242ad9d316cf231ada0290109b369"}
{"index": {"_index":"leo","_id":"4049629"}}
	{"id":4049629,"type":"buy","buyer":"konvik","seller":"leomaker","symbol":"LEO","quantity":"44.130","price":"0.11926700","timestamp":1659408102,"volume":"5.26325271","buyTxId":"5c03d3accf919c21f8efc0e67ace05c1e6eee332-0","sellTxId":"9b560462a90ec9143954c94cfef0d0a564375c52"}
{"index": {"_index":"leo","_id":"4049630"}}
	{"id":4049630,"type":"buy","buyer":"konvik","seller":"leomaker","symbol":"LEO","quantity":"44.665","price":"0.11927600","timestamp":1659408102,"volume":"5.32746254","buyTxId":"5c03d3accf919c21f8efc0e67ace05c1e6eee332-0","sellTxId":"2fc53e2d97915bdf7399529e154073a041d224c1"}
{"index": {"_index":"leo","_id":"4049631"}}
	{"id":4049631,"type":"buy","buyer":"konvik","seller":"leomaker","symbol":"LEO","quantity":"45.207","price":"0.11927700","timestamp":1659408102,"volume":"5.39215534","buyTxId":"5c03d3accf919c21f8efc0e67ace05c1e6eee332-0","sellTxId":"c0566d9dc120e78f3b5ac49926421816d506be8a"}
{"index": {"_index":"leo","_id":"4049632"}}
	{"id":4049632,"type":"buy","buyer":"konvik","seller":"leomaker","symbol":"LEO","quantity":"45.758","price":"0.11927800","timestamp":1659408102,"volume":"5.45792272","buyTxId":"5c03d3accf919c21f8efc0e67ace05c1e6eee332-0","sellTxId":"7916d433e41c21ee78a8dd4fb29df89966d3fc82"}
{"index": {"_index":"leo","_id":"4049633"}}
	{"id":4049633,"type":"buy","buyer":"konvik","seller":"leomaker","symbol":"LEO","quantity":"46.313","price":"0.11928700","timestamp":1659408102,"volume":"5.52453883","buyTxId":"5c03d3accf919c21f8efc0e67ace05c1e6eee332-0","sellTxId":"d608f8ceb5dd50b18e9b95a6141b3caedaadd1f3"}
{"index": {"_index":"leo","_id":"4049634"}}
	{"id":4049634,"type":"buy","buyer":"konvik","seller":"leomaker","symbol":"LEO","quantity":"46.875","price":"0.11928800","timestamp":1659408102,"volume":"5.59162500","buyTxId":"5c03d3accf919c21f8efc0e67ace05c1e6eee332-0","sellTxId":"85bcb1901f93c14bab7a7621297f0e58d9ffbb86"}
{"index": {"_index":"leo","_id":"4049635"}}
	{"id":4049635,"type":"buy","buyer":"konvik","seller":"leomaker","symbol":"LEO","quantity":"47.445","price":"0.11928900","timestamp":1659408102,"volume":"5.65966661","buyTxId":"5c03d3accf919c21f8efc0e67ace05c1e6eee332-0","sellTxId":"baaa1a8a87488417a72532990119376c664da8f6"}
{"index": {"_index":"leo","_id":"4049636"}}
	{"id":4049636,"type":"buy","buyer":"konvik","seller":"leomaker","symbol":"LEO","quantity":"48.021","price":"0.11929800","timestamp":1659408102,"volume":"5.72880926","buyTxId":"5c03d3accf919c21f8efc0e67ace05c1e6eee332-0","sellTxId":"2b22a103ceb8ba12d13fc0cfacf76dfec7722f68"}
{"index": {"_index":"leo","_id":"4049642"}}
	{"id":4049642,"type":"buy","buyer":"globalcurrencies","seller":"leomaker","symbol":"LEO","quantity":"48.604","price":"0.11929900","timestamp":1659408192,"volume":"5.79840860","buyTxId":"9c4b619a31d00037c84915c4cef6520d477d172e","sellTxId":"6164eedd5b6014374b09f48ef3d91a46d0185e49"}
{"index": {"_index":"leo","_id":"4049643"}}
	{"id":4049643,"type":"buy","buyer":"globalcurrencies","seller":"leomaker","symbol":"LEO","quantity":"49.195","price":"0.11930000","timestamp":1659408192,"volume":"5.86896350","buyTxId":"9c4b619a31d00037c84915c4cef6520d477d172e","sellTxId":"0cd410b52e490fe9ac465e654ca9b73115593144"}
{"index": {"_index":"leo","_id":"4049644"}}
	{"id":4049644,"type":"buy","buyer":"globalcurrencies","seller":"leomaker","symbol":"LEO","quantity":"49.792","price":"0.11930100","timestamp":1659408192,"volume":"5.94023539","buyTxId":"9c4b619a31d00037c84915c4cef6520d477d172e","sellTxId":"29e1025a3a9bbbf9b9216e971a345e190c9f1acc"}
{"index": {"_index":"leo","_id":"4049645"}}
	{"id":4049645,"type":"buy","buyer":"globalcurrencies","seller":"leomaker","symbol":"LEO","quantity":"50.396","price":"0.11931100","timestamp":1659408192,"volume":"6.01279716","buyTxId":"9c4b619a31d00037c84915c4cef6520d477d172e","sellTxId":"9de40f0360a8b43e8920e1e1adec1b8e02563b45"}
{"index": {"_index":"leo","_id":"4049646"}}
	{"id":4049646,"type":"buy","buyer":"globalcurrencies","seller":"leomaker","symbol":"LEO","quantity":"51.009","price":"0.11931200","timestamp":1659408192,"volume":"6.08598581","buyTxId":"9c4b619a31d00037c84915c4cef6520d477d172e","sellTxId":"c6bf36bf829487cb43925019271eb14cbd583111"}
{"index": {"_index":"leo","_id":"4049647"}}
	{"id":4049647,"type":"buy","buyer":"globalcurrencies","seller":"leomaker","symbol":"LEO","quantity":"51.628","price":"0.11931300","timestamp":1659408192,"volume":"6.15989156","buyTxId":"9c4b619a31d00037c84915c4cef6520d477d172e","sellTxId":"66e706fb05b46dd6d5ec02074921d32b44df384b"}
{"index": {"_index":"leo","_id":"4049648"}}
	{"id":4049648,"type":"buy","buyer":"globalcurrencies","seller":"leomaker","symbol":"LEO","quantity":"52.256","price":"0.11932300","timestamp":1659408192,"volume":"6.23534269","buyTxId":"9c4b619a31d00037c84915c4cef6520d477d172e","sellTxId":"121bcae2eac31632f0839bad3aea9df57619a591"}
{"index": {"_index":"leo","_id":"4049649"}}
	{"id":4049649,"type":"buy","buyer":"globalcurrencies","seller":"leomaker","symbol":"LEO","quantity":"52.890","price":"0.11932400","timestamp":1659408192,"volume":"6.31104636","buyTxId":"9c4b619a31d00037c84915c4cef6520d477d172e","sellTxId":"46da010a7dcfa4fd9f2e379a5d536e1f2b0be8c0"}
{"index": {"_index":"leo","_id":"4049650"}}
	{"id":4049650,"type":"buy","buyer":"globalcurrencies","seller":"leomaker","symbol":"LEO","quantity":"53.533","price":"0.11933400","timestamp":1659408192,"volume":"6.38830702","buyTxId":"9c4b619a31d00037c84915c4cef6520d477d172e","sellTxId":"e05c03370b6afacbf232c6bf7453006ea1111b3e"}
{"index": {"_index":"leo","_id":"4049651"}}
	{"id":4049651,"type":"buy","buyer":"globalcurrencies","seller":"leomaker","symbol":"LEO","quantity":"54.182","price":"0.11933500","timestamp":1659408192,"volume":"6.46580897","buyTxId":"9c4b619a31d00037c84915c4cef6520d477d172e","sellTxId":"133207478ad847f99c426ebc638eb919acacd87f"}
{"index": {"_index":"leo","_id":"4049652"}}
	{"id":4049652,"type":"buy","buyer":"globalcurrencies","seller":"leomaker","symbol":"LEO","quantity":"54.841","price":"0.11934500","timestamp":1659408192,"volume":"6.54499915","buyTxId":"9c4b619a31d00037c84915c4cef6520d477d172e","sellTxId":"15f11019cacde2c5913ff2389062e33cea3829c5"}
{"index": {"_index":"leo","_id":"4049653"}}
	{"id":4049653,"type":"buy","buyer":"globalcurrencies","seller":"leomaker","symbol":"LEO","quantity":"55.506","price":"0.11934600","timestamp":1659408192,"volume":"6.62441908","buyTxId":"9c4b619a31d00037c84915c4cef6520d477d172e","sellTxId":"390035683da300774f5f0e0c0b6fbf7089887c24"}
{"index": {"_index":"leo","_id":"4049654"}}
	{"id":4049654,"type":"buy","buyer":"globalcurrencies","seller":"leomaker","symbol":"LEO","quantity":"56.182","price":"0.11934700","timestamp":1659408192,"volume":"6.70515315","buyTxId":"9c4b619a31d00037c84915c4cef6520d477d172e","sellTxId":"68a5ead28a8f7135546c9ab1b0633e1920b4e3ad"}
{"index": {"_index":"leo","_id":"4049655"}}
	{"id":4049655,"type":"buy","buyer":"globalcurrencies","seller":"leomaker","symbol":"LEO","quantity":"56.863","price":"0.11935700","timestamp":1659408192,"volume":"6.78699709","buyTxId":"9c4b619a31d00037c84915c4cef6520d477d172e","sellTxId":"a8ee35b5d63c292e9bdf8c51ccb4fd25de32e5fa"}
{"index": {"_index":"leo","_id":"4049656"}}
	{"id":4049656,"type":"buy","buyer":"globalcurrencies","seller":"leomaker","symbol":"LEO","quantity":"57.554","price":"0.11935800","timestamp":1659408192,"volume":"6.86953033","buyTxId":"9c4b619a31d00037c84915c4cef6520d477d172e","sellTxId":"d6e3e4ef1510929255c919b052ee27a055401f1e"}
{"index": {"_index":"leo","_id":"4049657"}}
	{"id":4049657,"type":"buy","buyer":"globalcurrencies","seller":"leomaker","symbol":"LEO","quantity":"58.253","price":"0.11936800","timestamp":1659408192,"volume":"6.95354410","buyTxId":"9c4b619a31d00037c84915c4cef6520d477d172e","sellTxId":"f22d8c27808872cf6e6035383b5e2a568976101a"}
{"index": {"_index":"leo","_id":"4049658"}}
	{"id":4049658,"type":"buy","buyer":"globalcurrencies","seller":"leomaker","symbol":"LEO","quantity":"58.960","price":"0.11936900","timestamp":1659408192,"volume":"7.03799624","buyTxId":"9c4b619a31d00037c84915c4cef6520d477d172e","sellTxId":"cdd68e825f6a6f0770e582fafda1f92fb470a349"}
{"index": {"_index":"leo","_id":"4049659"}}
	{"id":4049659,"type":"buy","buyer":"globalcurrencies","seller":"leomaker","symbol":"LEO","quantity":"59.676","price":"0.11937000","timestamp":1659408192,"volume":"7.12352412","buyTxId":"9c4b619a31d00037c84915c4cef6520d477d172e","sellTxId":"7340189a4b77c8f65cd5097bc871a69d92472d35"}
{"index": {"_index":"leo","_id":"4049660"}}
	{"id":4049660,"type":"buy","buyer":"globalcurrencies","seller":"leomaker","symbol":"LEO","quantity":"60.402","price":"0.11938000","timestamp":1659408192,"volume":"7.21079076","buyTxId":"9c4b619a31d00037c84915c4cef6520d477d172e","sellTxId":"e9bbc23bad0f5644dcc3609dbf9bdfecb9a86be6"}
{"index": {"_index":"leo","_id":"4049661"}}
	{"id":4049661,"type":"buy","buyer":"globalcurrencies","seller":"leomaker","symbol":"LEO","quantity":"61.136","price":"0.11938100","timestamp":1659408192,"volume":"7.29847682","buyTxId":"9c4b619a31d00037c84915c4cef6520d477d172e","sellTxId":"79cefc94f1718f228315d875c49e7db9301a56f0"}
{"index": {"_index":"leo","_id":"4049662"}}
	{"id":4049662,"type":"buy","buyer":"globalcurrencies","seller":"leomaker","symbol":"LEO","quantity":"61.878","price":"0.11939100","timestamp":1659408192,"volume":"7.38767630","buyTxId":"9c4b619a31d00037c84915c4cef6520d477d172e","sellTxId":"fbd7b5f6bbbc4e6b10c5de1310d1a904478ad287"}
{"index": {"_index":"leo","_id":"4049663"}}
	{"id":4049663,"type":"buy","buyer":"globalcurrencies","seller":"leomaker","symbol":"LEO","quantity":"62.630","price":"0.11939200","timestamp":1659408192,"volume":"7.47752096","buyTxId":"9c4b619a31d00037c84915c4cef6520d477d172e","sellTxId":"9c5c8b2f93a3da05e84c703f2789697b097f4f40"}
{"index": {"_index":"leo","_id":"4049664"}}
	{"id":4049664,"type":"buy","buyer":"globalcurrencies","seller":"leomaker","symbol":"LEO","quantity":"63.390","price":"0.11940200","timestamp":1659408192,"volume":"7.56889278","buyTxId":"9c4b619a31d00037c84915c4cef6520d477d172e","sellTxId":"8da4837f585e87e20a30d66601a164d7248a5404"}
{"index": {"_index":"leo","_id":"4049665"}}
	{"id":4049665,"type":"buy","buyer":"globalcurrencies","seller":"leomaker","symbol":"LEO","quantity":"64.159","price":"0.11940300","timestamp":1659408192,"volume":"7.66077708","buyTxId":"9c4b619a31d00037c84915c4cef6520d477d172e","sellTxId":"899183ae654ed67fc28128f9f436c81649d23fc7"}
{"index": {"_index":"leo","_id":"4049666"}}
	{"id":4049666,"type":"buy","buyer":"globalcurrencies","seller":"leomaker","symbol":"LEO","quantity":"64.939","price":"0.11940400","timestamp":1659408192,"volume":"7.75397636","buyTxId":"9c4b619a31d00037c84915c4cef6520d477d172e","sellTxId":"914c9e1be55d7f34946a13e942db58789d9374e2"}
{"index": {"_index":"leo","_id":"4049667"}}
	{"id":4049667,"type":"buy","buyer":"globalcurrencies","seller":"leomaker","symbol":"LEO","quantity":"65.727","price":"0.11941400","timestamp":1659408192,"volume":"7.84872398","buyTxId":"9c4b619a31d00037c84915c4cef6520d477d172e","sellTxId":"9bde74affdcfd46e647f8bce3e8a38527757a92c"}
{"index": {"_index":"leo","_id":"4049668"}}
	{"id":4049668,"type":"buy","buyer":"globalcurrencies","seller":"leomaker","symbol":"LEO","quantity":"66.527","price":"0.11941500","timestamp":1659408192,"volume":"7.94432171","buyTxId":"9c4b619a31d00037c84915c4cef6520d477d172e","sellTxId":"ace47e19997b3ba53dba2928e50f995784c4cc64"}
{"index": {"_index":"leo","_id":"4049669"}}
	{"id":4049669,"type":"buy","buyer":"globalcurrencies","seller":"leomaker","symbol":"LEO","quantity":"67.334","price":"0.11942500","timestamp":1659408192,"volume":"8.04136295","buyTxId":"9c4b619a31d00037c84915c4cef6520d477d172e","sellTxId":"096f6a998691fbf9a3bde2488de35ce6f030d65f"}
{"index": {"_index":"leo","_id":"4049670"}}
	{"id":4049670,"type":"buy","buyer":"globalcurrencies","seller":"leomaker","symbol":"LEO","quantity":"68.152","price":"0.11942600","timestamp":1659408192,"volume":"8.13912075","buyTxId":"9c4b619a31d00037c84915c4cef6520d477d172e","sellTxId":"e959b2e19eb25e701e36b0d5d68a0d99fd93460b"}
{"index": {"_index":"leo","_id":"4049671"}}
	{"id":4049671,"type":"buy","buyer":"globalcurrencies","seller":"leomaker","symbol":"LEO","quantity":"68.980","price":"0.11942700","timestamp":1659408192,"volume":"8.23807446","buyTxId":"9c4b619a31d00037c84915c4cef6520d477d172e","sellTxId":"819f79245a5b0de9798420e4275ba045a1556490"}
{"index": {"_index":"leo","_id":"4049672"}}
	{"id":4049672,"type":"buy","buyer":"globalcurrencies","seller":"leomaker","symbol":"LEO","quantity":"69.817","price":"0.11943700","timestamp":1659408192,"volume":"8.33873303","buyTxId":"9c4b619a31d00037c84915c4cef6520d477d172e","sellTxId":"1db0dcb7a4e92839501d22588f2bcdc68a9ab7c0"}
{"index": {"_index":"leo","_id":"4049673"}}
	{"id":4049673,"type":"buy","buyer":"globalcurrencies","seller":"leomaker","symbol":"LEO","quantity":"70.665","price":"0.11943800","timestamp":1659408192,"volume":"8.44008627","buyTxId":"9c4b619a31d00037c84915c4cef6520d477d172e","sellTxId":"bd9964d7370c14ad01190356ef2168b2bab5ae3d"}
{"index": {"_index":"leo","_id":"4049674"}}
	{"id":4049674,"type":"buy","buyer":"globalcurrencies","seller":"leomaker","symbol":"LEO","quantity":"71.524","price":"0.11944800","timestamp":1659408192,"volume":"8.54339875","buyTxId":"9c4b619a31d00037c84915c4cef6520d477d172e","sellTxId":"774ba6317f554cde237e35e21971644ccb5137ab"}
{"index": {"_index":"leo","_id":"4049675"}}
	{"id":4049675,"type":"buy","buyer":"globalcurrencies","seller":"leomaker","symbol":"LEO","quantity":"41.420","price":"0.11944900","timestamp":1659408192,"volume":"4.94757758","buyTxId":"9c4b619a31d00037c84915c4cef6520d477d172e","sellTxId":"5e8cc992ab3a7743eef31301d0c2683e1df0c474"}
{"index": {"_index":"leo","_id":"4049695"}}
	{"id":4049695,"type":"buy","buyer":"alexicp","seller":"leomaker","symbol":"LEO","quantity":"30.973","price":"0.11944900","timestamp":1659408276,"volume":"3.69969388","buyTxId":"995cf67de2c99d261998f3ff4c2be57e0594767f","sellTxId":"5e8cc992ab3a7743eef31301d0c2683e1df0c474"}
{"index": {"_index":"leo","_id":"4049696"}}
	{"id":4049696,"type":"buy","buyer":"alexicp","seller":"leomaker","symbol":"LEO","quantity":"73.272","price":"0.11945900","timestamp":1659408276,"volume":"8.75299985","buyTxId":"995cf67de2c99d261998f3ff4c2be57e0594767f","sellTxId":"13a659c5dcc7616c55021486e5f0ab2c32907a63"}
{"index": {"_index":"leo","_id":"4049697"}}
	{"id":4049697,"type":"buy","buyer":"alexicp","seller":"leomaker","symbol":"LEO","quantity":"74.162","price":"0.11946000","timestamp":1659408276,"volume":"8.85939252","buyTxId":"995cf67de2c99d261998f3ff4c2be57e0594767f","sellTxId":"8606ae5e4f059f54551dd2968e67f4424376c0f4"}
{"index": {"_index":"leo","_id":"4049698"}}
	{"id":4049698,"type":"buy","buyer":"alexicp","seller":"leomaker","symbol":"LEO","quantity":"75.063","price":"0.11946100","timestamp":1659408276,"volume":"8.96710104","buyTxId":"995cf67de2c99d261998f3ff4c2be57e0594767f","sellTxId":"b4bc802bb1a4edbee10ed4b54715c397a01e60a3"}
{"index": {"_index":"leo","_id":"4049699"}}
	{"id":4049699,"type":"buy","buyer":"alexicp","seller":"leomaker","symbol":"LEO","quantity":"75.974","price":"0.11947100","timestamp":1659408276,"volume":"9.07668975","buyTxId":"995cf67de2c99d261998f3ff4c2be57e0594767f","sellTxId":"cacd630e578d3abca189ea5035e9b5aa35b4dfdb"}
{"index": {"_index":"leo","_id":"4049700"}}
	{"id":4049700,"type":"buy","buyer":"alexicp","seller":"leomaker","symbol":"LEO","quantity":"76.897","price":"0.11947200","timestamp":1659408276,"volume":"9.18703838","buyTxId":"995cf67de2c99d261998f3ff4c2be57e0594767f","sellTxId":"6d8bdcd1ae0ee02d49705dd87b61a8522713329b"}
{"index": {"_index":"leo","_id":"4049701"}}
	{"id":4049701,"type":"buy","buyer":"alexicp","seller":"leomaker","symbol":"LEO","quantity":"77.831","price":"0.11948200","timestamp":1659408276,"volume":"9.29940354","buyTxId":"995cf67de2c99d261998f3ff4c2be57e0594767f","sellTxId":"698df721b41b33c1dc360a0f21e6f660a19a7825"}
{"index": {"_index":"leo","_id":"4049702"}}
	{"id":4049702,"type":"buy","buyer":"alexicp","seller":"leomaker","symbol":"LEO","quantity":"78.777","price":"0.11948300","timestamp":1659408276,"volume":"9.41251229","buyTxId":"995cf67de2c99d261998f3ff4c2be57e0594767f","sellTxId":"19d0b416d9208f6a6bb81238f8ec3dba1b8a65c2"}
{"index": {"_index":"leo","_id":"4049703"}}
	{"id":4049703,"type":"buy","buyer":"alexicp","seller":"leomaker","symbol":"LEO","quantity":"79.733","price":"0.11948400","timestamp":1659408276,"volume":"9.52681777","buyTxId":"995cf67de2c99d261998f3ff4c2be57e0594767f","sellTxId":"0f1fce1fccbd89c085f80f569860b6e434a3d832"}
{"index": {"_index":"leo","_id":"4049704"}}
	{"id":4049704,"type":"buy","buyer":"alexicp","seller":"leomaker","symbol":"LEO","quantity":"80.701","price":"0.11949400","timestamp":1659408276,"volume":"9.64328529","buyTxId":"995cf67de2c99d261998f3ff4c2be57e0594767f","sellTxId":"d4f68849c06fc18987014a30faca334739943edc"}
{"index": {"_index":"leo","_id":"4049705"}}
	{"id":4049705,"type":"buy","buyer":"alexicp","seller":"leomaker","symbol":"LEO","quantity":"81.682","price":"0.11949500","timestamp":1659408276,"volume":"9.76059059","buyTxId":"995cf67de2c99d261998f3ff4c2be57e0594767f","sellTxId":"f629e8021c41defc5169c01f63845f3789abda39"}
{"index": {"_index":"leo","_id":"4049706"}}
	{"id":4049706,"type":"buy","buyer":"alexicp","seller":"leomaker","symbol":"LEO","quantity":"82.674","price":"0.11950500","timestamp":1659408276,"volume":"9.87995637","buyTxId":"995cf67de2c99d261998f3ff4c2be57e0594767f","sellTxId":"d5604d0b01ce41e80c4ea35f089cce3498f27119"}
{"index": {"_index":"leo","_id":"4049707"}}
	{"id":4049707,"type":"buy","buyer":"alexicp","seller":"leomaker","symbol":"LEO","quantity":"83.677","price":"0.11950600","timestamp":1659408276,"volume":"9.99990356","buyTxId":"995cf67de2c99d261998f3ff4c2be57e0594767f","sellTxId":"dd4d2a5bee12f34abcc578379287483c01998850"}
{"index": {"_index":"leo","_id":"4049708"}}
	{"id":4049708,"type":"buy","buyer":"alexicp","seller":"leomaker","symbol":"LEO","quantity":"84.694","price":"0.11951600","timestamp":1659408276,"volume":"10.12228810","buyTxId":"995cf67de2c99d261998f3ff4c2be57e0594767f","sellTxId":"d5a201217c35f22608ccc51ae472a346e149578b"}
{"index": {"_index":"leo","_id":"4049709"}}
	{"id":4049709,"type":"buy","buyer":"alexicp","seller":"leomaker","symbol":"LEO","quantity":"85.722","price":"0.11951700","timestamp":1659408276,"volume":"10.24523627","buyTxId":"995cf67de2c99d261998f3ff4c2be57e0594767f","sellTxId":"bd86e17d72cc3a926a104edc935adc6b15734d92"}
{"index": {"_index":"leo","_id":"4049710"}}
	{"id":4049710,"type":"buy","buyer":"alexicp","seller":"leomaker","symbol":"LEO","quantity":"86.763","price":"0.11951800","timestamp":1659408276,"volume":"10.36974023","buyTxId":"995cf67de2c99d261998f3ff4c2be57e0594767f","sellTxId":"ad4d015daff4398efcf4b0b06a17f5d759dd8474"}
{"index": {"_index":"leo","_id":"4049711"}}
	{"id":4049711,"type":"buy","buyer":"alexicp","seller":"leomaker","symbol":"LEO","quantity":"87.817","price":"0.11952800","timestamp":1659408276,"volume":"10.49659038","buyTxId":"995cf67de2c99d261998f3ff4c2be57e0594767f","sellTxId":"af356c7dbd284cea4fa4acb0bf00e158c536baf7"}
{"index": {"_index":"leo","_id":"4049712"}}
	{"id":4049712,"type":"buy","buyer":"alexicp","seller":"leomaker","symbol":"LEO","quantity":"88.885","price":"0.11952900","timestamp":1659408276,"volume":"10.62433517","buyTxId":"995cf67de2c99d261998f3ff4c2be57e0594767f","sellTxId":"53e2037772404dd95ca94e344ad3e52ea47fe509"}
{"index": {"_index":"leo","_id":"4049713"}}
	{"id":4049713,"type":"buy","buyer":"alexicp","seller":"leomaker","symbol":"LEO","quantity":"89.965","price":"0.11953900","timestamp":1659408276,"volume":"10.75432614","buyTxId":"995cf67de2c99d261998f3ff4c2be57e0594767f","sellTxId":"ca62f4da4b7bfa0e9d09e0602a8309ffe6910194"}
{"index": {"_index":"leo","_id":"4049714"}}
	{"id":4049714,"type":"buy","buyer":"alexicp","seller":"leomaker","symbol":"LEO","quantity":"91.057","price":"0.11954000","timestamp":1659408276,"volume":"10.88495378","buyTxId":"995cf67de2c99d261998f3ff4c2be57e0594767f","sellTxId":"1c2ef37f940f91bae6b2debd3ab1d13bb8bf7864"}
{"index": {"_index":"leo","_id":"4049715"}}
	{"id":4049715,"type":"buy","buyer":"alexicp","seller":"leomaker","symbol":"LEO","quantity":"92.162","price":"0.11955000","timestamp":1659408276,"volume":"11.01796710","buyTxId":"995cf67de2c99d261998f3ff4c2be57e0594767f","sellTxId":"ba719dce5c0e1b544c75ac374bc6899f734e475d"}
{"index": {"_index":"leo","_id":"4049716"}}
	{"id":4049716,"type":"buy","buyer":"alexicp","seller":"leomaker","symbol":"LEO","quantity":"92.167","price":"0.11955100","timestamp":1659408276,"volume":"11.01865702","buyTxId":"995cf67de2c99d261998f3ff4c2be57e0594767f","sellTxId":"9e23b72bdd12f73035b10c24ee9e5f573eba80fc"}
{"index": {"_index":"leo","_id":"4049717"}}
	{"id":4049717,"type":"buy","buyer":"alexicp","seller":"leomaker","symbol":"LEO","quantity":"93.287","price":"0.11955200","timestamp":1659408276,"volume":"11.15264742","buyTxId":"995cf67de2c99d261998f3ff4c2be57e0594767f","sellTxId":"f5b74423cfb9aa5e82f4181c5d09024ffdad6c7f"}
{"index": {"_index":"leo","_id":"4049718"}}
	{"id":4049718,"type":"buy","buyer":"alexicp","seller":"leomaker","symbol":"LEO","quantity":"94.420","price":"0.11956200","timestamp":1659408276,"volume":"11.28904404","buyTxId":"995cf67de2c99d261998f3ff4c2be57e0594767f","sellTxId":"71cf681af1bef814ac2cb931eb627d7a13f27e3d"}
{"index": {"_index":"leo","_id":"4049719"}}
	{"id":4049719,"type":"buy","buyer":"alexicp","seller":"leomaker","symbol":"LEO","quantity":"95.566","price":"0.11956300","timestamp":1659408276,"volume":"11.42615766","buyTxId":"995cf67de2c99d261998f3ff4c2be57e0594767f","sellTxId":"d1580b12111a191cae64a5e3e3652be916f81cf6"}
{"index": {"_index":"leo","_id":"4049720"}}
	{"id":4049720,"type":"buy","buyer":"alexicp","seller":"leomaker","symbol":"LEO","quantity":"96.727","price":"0.11957300","timestamp":1659408276,"volume":"11.56593757","buyTxId":"995cf67de2c99d261998f3ff4c2be57e0594767f","sellTxId":"b06f9dd777a4c710c3b5f7fe5bd8e0f4b03237c8"}
{"index": {"_index":"leo","_id":"4049721"}}
	{"id":4049721,"type":"buy","buyer":"alexicp","seller":"leomaker","symbol":"LEO","quantity":"97.902","price":"0.11957400","timestamp":1659408276,"volume":"11.70653375","buyTxId":"995cf67de2c99d261998f3ff4c2be57e0594767f","sellTxId":"892a3932ad51d932a9983545f8f5c734f4889153"}
{"index": {"_index":"leo","_id":"4049722"}}
	{"id":4049722,"type":"buy","buyer":"alexicp","seller":"leomaker","symbol":"LEO","quantity":"99.090","price":"0.11957500","timestamp":1659408276,"volume":"11.84868675","buyTxId":"995cf67de2c99d261998f3ff4c2be57e0594767f","sellTxId":"6085fc98cb14e319f1a44cb5f5475ddaad08d40a"}
{"index": {"_index":"leo","_id":"4049723"}}
	{"id":4049723,"type":"buy","buyer":"alexicp","seller":"leomaker","symbol":"LEO","quantity":"100.295","price":"0.11958500","timestamp":1659408276,"volume":"11.99377758","buyTxId":"995cf67de2c99d261998f3ff4c2be57e0594767f","sellTxId":"b3a2a2c19f76d1e917f220a808d129f18950648b"}
{"index": {"_index":"leo","_id":"4049724"}}
	{"id":4049724,"type":"buy","buyer":"alexicp","seller":"leomaker","symbol":"LEO","quantity":"101.513","price":"0.11958600","timestamp":1659408276,"volume":"12.13953362","buyTxId":"995cf67de2c99d261998f3ff4c2be57e0594767f","sellTxId":"1d4dc51e6f70c8efe632a0e163ccb300f64c80ce"}
{"index": {"_index":"leo","_id":"4049725"}}
	{"id":4049725,"type":"buy","buyer":"alexicp","seller":"leomaker","symbol":"LEO","quantity":"102.745","price":"0.11959700","timestamp":1659408276,"volume":"12.28799377","buyTxId":"995cf67de2c99d261998f3ff4c2be57e0594767f","sellTxId":"56a7159dda71701e89b1622facca7428061b145f"}
{"index": {"_index":"leo","_id":"4049726"}}
	{"id":4049726,"type":"buy","buyer":"alexicp","seller":"leomaker","symbol":"LEO","quantity":"103.993","price":"0.11959800","timestamp":1659408276,"volume":"12.43735481","buyTxId":"995cf67de2c99d261998f3ff4c2be57e0594767f","sellTxId":"cd523b20a50bd7067aa9789a0398e95ff54b9073"}
{"index": {"_index":"leo","_id":"4049727"}}
	{"id":4049727,"type":"buy","buyer":"alexicp","seller":"leomaker","symbol":"LEO","quantity":"105.257","price":"0.11960900","timestamp":1659408276,"volume":"12.58968451","buyTxId":"995cf67de2c99d261998f3ff4c2be57e0594767f","sellTxId":"104db1ec4adc34c1fc1b5ddfdc90d72369236f57"}
{"index": {"_index":"leo","_id":"4049728"}}
	{"id":4049728,"type":"buy","buyer":"alexicp","seller":"leomaker","symbol":"LEO","quantity":"106.534","price":"0.11962000","timestamp":1659408276,"volume":"12.74359708","buyTxId":"995cf67de2c99d261998f3ff4c2be57e0594767f","sellTxId":"42957502517d839b3fea1d0c3eb8b941ffc1fb71"}
{"index": {"_index":"leo","_id":"4049729"}}
	{"id":4049729,"type":"buy","buyer":"alexicp","seller":"leomaker","symbol":"LEO","quantity":"107.828","price":"0.11962100","timestamp":1659408276,"volume":"12.89849319","buyTxId":"995cf67de2c99d261998f3ff4c2be57e0594767f","sellTxId":"243f96a532492a11114891390cda20c380b7af9b"}
{"index": {"_index":"leo","_id":"4049730"}}
	{"id":4049730,"type":"buy","buyer":"alexicp","seller":"leomaker","symbol":"LEO","quantity":"109.138","price":"0.11963200","timestamp":1659408276,"volume":"13.05639722","buyTxId":"995cf67de2c99d261998f3ff4c2be57e0594767f","sellTxId":"e75f626c6714b92e805db09ba3f9fa1824e8e7eb"}
{"index": {"_index":"leo","_id":"4049731"}}
	{"id":4049731,"type":"buy","buyer":"alexicp","seller":"leomaker","symbol":"LEO","quantity":"110.463","price":"0.11963300","timestamp":1659408276,"volume":"13.21502008","buyTxId":"995cf67de2c99d261998f3ff4c2be57e0594767f","sellTxId":"d6e3762af269ba1b531d0768e2931f23ba521f0c"}
{"index": {"_index":"leo","_id":"4049732"}}
	{"id":4049732,"type":"buy","buyer":"alexicp","seller":"leomaker","symbol":"LEO","quantity":"111.805","price":"0.11964400","timestamp":1659408276,"volume":"13.37679742","buyTxId":"995cf67de2c99d261998f3ff4c2be57e0594767f","sellTxId":"9fa83475c89f2920f1db92c7fe12e65b20a9df85"}
{"index": {"_index":"leo","_id":"4049733"}}
	{"id":4049733,"type":"buy","buyer":"alexicp","seller":"leomaker","symbol":"LEO","quantity":"113.164","price":"0.11964500","timestamp":1659408276,"volume":"13.53950678","buyTxId":"995cf67de2c99d261998f3ff4c2be57e0594767f","sellTxId":"49952069f5f60d05cac6bd1e74c8334c8c1c2ced"}
{"index": {"_index":"leo","_id":"4049734"}}
	{"id":4049734,"type":"buy","buyer":"alexicp","seller":"leomaker","symbol":"LEO","quantity":"114.537","price":"0.11965600","timestamp":1659408276,"volume":"13.70503927","buyTxId":"995cf67de2c99d261998f3ff4c2be57e0594767f","sellTxId":"c1ca23e690e6a3c3f7ecadce97787550fbc0f4e8"}
{"index": {"_index":"leo","_id":"4049735"}}
	{"id":4049735,"type":"buy","buyer":"alexicp","seller":"leomaker","symbol":"LEO","quantity":"115.929","price":"0.11966600","timestamp":1659408276,"volume":"13.87275971","buyTxId":"995cf67de2c99d261998f3ff4c2be57e0594767f","sellTxId":"ea2a6a818239ad9454952dcbd796c080924f3633"}
{"index": {"_index":"leo","_id":"4049736"}}
	{"id":4049736,"type":"buy","buyer":"alexicp","seller":"leomaker","symbol":"LEO","quantity":"117.337","price":"0.11966700","timestamp":1659408276,"volume":"14.04136678","buyTxId":"995cf67de2c99d261998f3ff4c2be57e0594767f","sellTxId":"22858598a26493e1ab7e3e1c9ac4312631e6cad8"}
{"index": {"_index":"leo","_id":"4049737"}}
	{"id":4049737,"type":"buy","buyer":"alexicp","seller":"leomaker","symbol":"LEO","quantity":"118.763","price":"0.11967800","timestamp":1659408276,"volume":"14.21331831","buyTxId":"995cf67de2c99d261998f3ff4c2be57e0594767f","sellTxId":"0cbe49b43da8695f8def1a7348fc942d874b2307"}
{"index": {"_index":"leo","_id":"4049738"}}
	{"id":4049738,"type":"buy","buyer":"alexicp","seller":"leomaker","symbol":"LEO","quantity":"120.204","price":"0.11967900","timestamp":1659408276,"volume":"14.38589452","buyTxId":"995cf67de2c99d261998f3ff4c2be57e0594767f","sellTxId":"a008a3cba561a9bdbaaa442f0e51d85deda6b69f"}
{"index": {"_index":"leo","_id":"4049739"}}
	{"id":4049739,"type":"buy","buyer":"alexicp","seller":"leomaker","symbol":"LEO","quantity":"121.665","price":"0.11969000","timestamp":1659408276,"volume":"14.56208385","buyTxId":"995cf67de2c99d261998f3ff4c2be57e0594767f","sellTxId":"8a3c2792f60e8591af8cc9bbd17fcd203ff6ea3b"}
{"index": {"_index":"leo","_id":"4049740"}}
	{"id":4049740,"type":"buy","buyer":"alexicp","seller":"leomaker","symbol":"LEO","quantity":"123.143","price":"0.11969100","timestamp":1659408276,"volume":"14.73910881","buyTxId":"995cf67de2c99d261998f3ff4c2be57e0594767f","sellTxId":"9edce58beb9b8f2d90776da65ddeb718c82b289c"}
{"index": {"_index":"leo","_id":"4049741"}}
	{"id":4049741,"type":"buy","buyer":"alexicp","seller":"leomaker","symbol":"LEO","quantity":"124.638","price":"0.11970200","timestamp":1659408276,"volume":"14.91941788","buyTxId":"995cf67de2c99d261998f3ff4c2be57e0594767f","sellTxId":"c7d5735d6aba6f9ea96cbd74020a8bb01344dd1c"}
{"index": {"_index":"leo","_id":"4049742"}}
	{"id":4049742,"type":"buy","buyer":"alexicp","seller":"leomaker","symbol":"LEO","quantity":"126.152","price":"0.11971300","timestamp":1659408276,"volume":"15.10203438","buyTxId":"995cf67de2c99d261998f3ff4c2be57e0594767f","sellTxId":"750485a25226c93011769b02aec102af3bdd7845"}
{"index": {"_index":"leo","_id":"4049743"}}
	{"id":4049743,"type":"buy","buyer":"alexicp","seller":"leomaker","symbol":"LEO","quantity":"127.683","price":"0.11971400","timestamp":1659408276,"volume":"15.28544266","buyTxId":"995cf67de2c99d261998f3ff4c2be57e0594767f","sellTxId":"12f6d31ff50889068b6c6706d9c01e24f53d98a1"}
{"index": {"_index":"leo","_id":"4049744"}}
	{"id":4049744,"type":"buy","buyer":"alexicp","seller":"leomaker","symbol":"LEO","quantity":"129.235","price":"0.11972500","timestamp":1659408276,"volume":"15.47266038","buyTxId":"995cf67de2c99d261998f3ff4c2be57e0594767f","sellTxId":"1a650253d9ba21a969dfe7b33324da51722696a2"}
{"index": {"_index":"leo","_id":"4049745"}}
	{"id":4049745,"type":"buy","buyer":"alexicp","seller":"leomaker","symbol":"LEO","quantity":"130.805","price":"0.11972600","timestamp":1659408276,"volume":"15.66075943","buyTxId":"995cf67de2c99d261998f3ff4c2be57e0594767f","sellTxId":"07665b9063da78915422f211a0718ba3c485612b"}
{"index": {"_index":"leo","_id":"4049746"}}
	{"id":4049746,"type":"buy","buyer":"alexicp","seller":"leomaker","symbol":"LEO","quantity":"132.394","price":"0.11973700","timestamp":1659408276,"volume":"15.85246038","buyTxId":"995cf67de2c99d261998f3ff4c2be57e0594767f","sellTxId":"7fa80b7696482b206212f23f4fa15553042bc6e1"}
{"index": {"_index":"leo","_id":"4049747"}}
	{"id":4049747,"type":"buy","buyer":"alexicp","seller":"leomaker","symbol":"LEO","quantity":"134.002","price":"0.11974700","timestamp":1659408276,"volume":"16.04633749","buyTxId":"995cf67de2c99d261998f3ff4c2be57e0594767f","sellTxId":"5b47fdafe18b4dea319f7786bc0fc0f28fd2cc88"}
{"index": {"_index":"leo","_id":"4049748"}}
	{"id":4049748,"type":"buy","buyer":"alexicp","seller":"leomaker","symbol":"LEO","quantity":"135.628","price":"0.11974800","timestamp":1659408276,"volume":"16.24118174","buyTxId":"995cf67de2c99d261998f3ff4c2be57e0594767f","sellTxId":"af772844195d905e50827e5c68133608fb92dfc8"}
{"index": {"_index":"leo","_id":"4049749"}}
	{"id":4049749,"type":"buy","buyer":"alexicp","seller":"leomaker","symbol":"LEO","quantity":"137.276","price":"0.11975900","timestamp":1659408276,"volume":"16.44003648","buyTxId":"995cf67de2c99d261998f3ff4c2be57e0594767f","sellTxId":"3247ed6ad72c558192bc3eadf2068f62d484be4a"}
{"index": {"_index":"leo","_id":"4049750"}}
	{"id":4049750,"type":"buy","buyer":"alexicp","seller":"brianhuang","symbol":"LEO","quantity":"3.375","price":"0.11975989","timestamp":1659408276,"volume":"0.40418963","buyTxId":"995cf67de2c99d261998f3ff4c2be57e0594767f","sellTxId":"45d6ea5e218a41ee71cb7f4b0ef89996f160c840"}
{"index": {"_index":"leo","_id":"4049751"}}
	{"id":4049751,"type":"buy","buyer":"alexicp","seller":"leomaker","symbol":"LEO","quantity":"138.943","price":"0.11976000","timestamp":1659408276,"volume":"16.63981368","buyTxId":"995cf67de2c99d261998f3ff4c2be57e0594767f","sellTxId":"7bc62045e80ccba05b0dfab96ae105cb8e565200"}
{"index": {"_index":"leo","_id":"4049752"}}
	{"id":4049752,"type":"buy","buyer":"alexicp","seller":"leomaker","symbol":"LEO","quantity":"140.631","price":"0.11977100","timestamp":1659408276,"volume":"16.84351550","buyTxId":"995cf67de2c99d261998f3ff4c2be57e0594767f","sellTxId":"380fd350c4c80bfd0eae35854b50643f0a45be3e"}
{"index": {"_index":"leo","_id":"4049753"}}
	{"id":4049753,"type":"buy","buyer":"alexicp","seller":"leomaker","symbol":"LEO","quantity":"142.338","price":"0.11977200","timestamp":1659408276,"volume":"17.04810694","buyTxId":"995cf67de2c99d261998f3ff4c2be57e0594767f","sellTxId":"ef4d30f629d8b85abfa8b53d657dcbfb379e5b4e"}
{"index": {"_index":"leo","_id":"4049754"}}
	{"id":4049754,"type":"buy","buyer":"alexicp","seller":"leomaker","symbol":"LEO","quantity":"144.068","price":"0.11978300","timestamp":1659408276,"volume":"17.25689724","buyTxId":"995cf67de2c99d261998f3ff4c2be57e0594767f","sellTxId":"9e6634c4085fdbd9a80047cddd6270762861b3fc"}
{"index": {"_index":"leo","_id":"4049755"}}
	{"id":4049755,"type":"buy","buyer":"alexicp","seller":"leomaker","symbol":"LEO","quantity":"145.818","price":"0.11979400","timestamp":1659408276,"volume":"17.46812149","buyTxId":"995cf67de2c99d261998f3ff4c2be57e0594767f","sellTxId":"ed83adc5a59c4a377abf77a98004b5cc40ee5dba"}
{"index": {"_index":"leo","_id":"4049756"}}
	{"id":4049756,"type":"buy","buyer":"alexicp","seller":"leomaker","symbol":"LEO","quantity":"147.588","price":"0.11979500","timestamp":1659408276,"volume":"17.68030446","buyTxId":"995cf67de2c99d261998f3ff4c2be57e0594767f","sellTxId":"ff56bef3e17e6096bedf45e41be444a9cf1c91c8"}
{"index": {"_index":"leo","_id":"4049757"}}
	{"id":4049757,"type":"buy","buyer":"alexicp","seller":"leomaker","symbol":"LEO","quantity":"149.382","price":"0.11980600","timestamp":1659408276,"volume":"17.89685989","buyTxId":"995cf67de2c99d261998f3ff4c2be57e0594767f","sellTxId":"cd5005e887e1569bcda17e3575ff56dd71f4ef40"}
{"index": {"_index":"leo","_id":"4049758"}}
	{"id":4049758,"type":"buy","buyer":"alexicp","seller":"leomaker","symbol":"LEO","quantity":"151.195","price":"0.11980700","timestamp":1659408276,"volume":"18.11421937","buyTxId":"995cf67de2c99d261998f3ff4c2be57e0594767f","sellTxId":"5cddef9007f3ae96490030536012fa344c9bc425"}
{"index": {"_index":"leo","_id":"4049759"}}
	{"id":4049759,"type":"buy","buyer":"alexicp","seller":"leomaker","symbol":"LEO","quantity":"57.634","price":"0.11981800","timestamp":1659408276,"volume":"6.90559061","buyTxId":"995cf67de2c99d261998f3ff4c2be57e0594767f","sellTxId":"d2317dba927100c37cef1fd198053b03286b55aa"}
{"index": {"_index":"leo","_id":"4049767"}}
	{"id":4049767,"type":"buy","buyer":"globalcurrencies","seller":"enginemaker","symbol":"LEO","quantity":"500.000","price":"0.11980900","timestamp":1659408357,"volume":"59.90450000","buyTxId":"35b12b10a19e8dd588016093a5725ea01c56eb73","sellTxId":"MM-P-19660065-66654311-3-1-1"}
{"index": {"_index":"leo","_id":"4049768"}}
	{"id":4049768,"type":"buy","buyer":"globalcurrencies","seller":"leomaker","symbol":"LEO","quantity":"95.398","price":"0.11981800","timestamp":1659408357,"volume":"11.43039756","buyTxId":"35b12b10a19e8dd588016093a5725ea01c56eb73","sellTxId":"d2317dba927100c37cef1fd198053b03286b55aa"}
{"index": {"_index":"leo","_id":"4049769"}}
	{"id":4049769,"type":"buy","buyer":"globalcurrencies","seller":"leomaker","symbol":"LEO","quantity":"154.890","price":"0.11981900","timestamp":1659408357,"volume":"18.55876491","buyTxId":"35b12b10a19e8dd588016093a5725ea01c56eb73","sellTxId":"633757f6d6790f9294ef3fcbcf9e40bb9a9d9cdc"}
{"index": {"_index":"leo","_id":"4049770"}}
	{"id":4049770,"type":"buy","buyer":"globalcurrencies","seller":"leomaker","symbol":"LEO","quantity":"156.771","price":"0.11983000","timestamp":1659408357,"volume":"18.78586893","buyTxId":"35b12b10a19e8dd588016093a5725ea01c56eb73","sellTxId":"89e105cb6312360e2f1f942744640047a12a0a61"}
{"index": {"_index":"leo","_id":"4049771"}}
	{"id":4049771,"type":"buy","buyer":"globalcurrencies","seller":"leomaker","symbol":"LEO","quantity":"158.676","price":"0.11984000","timestamp":1659408357,"volume":"19.01573184","buyTxId":"35b12b10a19e8dd588016093a5725ea01c56eb73","sellTxId":"7b1e8765e832792d6804e29061afb5c767396082"}
{"index": {"_index":"leo","_id":"4049772"}}
	{"id":4049772,"type":"buy","buyer":"globalcurrencies","seller":"leomaker","symbol":"LEO","quantity":"160.604","price":"0.11984100","timestamp":1659408357,"volume":"19.24694396","buyTxId":"35b12b10a19e8dd588016093a5725ea01c56eb73","sellTxId":"7ff01e3c4107080b30a1c8855755d179adcea7d5"}
{"index": {"_index":"leo","_id":"4049773"}}
	{"id":4049773,"type":"buy","buyer":"globalcurrencies","seller":"leomaker","symbol":"LEO","quantity":"162.554","price":"0.11985200","timestamp":1659408357,"volume":"19.48242201","buyTxId":"35b12b10a19e8dd588016093a5725ea01c56eb73","sellTxId":"1d1980b8a3c6b3b0a865b8d7667b0eba8418166e"}
{"index": {"_index":"leo","_id":"4049774"}}
	{"id":4049774,"type":"buy","buyer":"globalcurrencies","seller":"leomaker","symbol":"LEO","quantity":"164.528","price":"0.11985300","timestamp":1659408357,"volume":"19.71917438","buyTxId":"35b12b10a19e8dd588016093a5725ea01c56eb73","sellTxId":"35d49c6254d06aac0160ca030207aac6e9b5a669"}
{"index": {"_index":"leo","_id":"4049775"}}
	{"id":4049775,"type":"buy","buyer":"globalcurrencies","seller":"leomaker","symbol":"LEO","quantity":"166.526","price":"0.11986400","timestamp":1659408357,"volume":"19.96047246","buyTxId":"35b12b10a19e8dd588016093a5725ea01c56eb73","sellTxId":"6431f6b1f3046503d0ab9b2e656d765cfeeb5ab9"}
{"index": {"_index":"leo","_id":"4049776"}}
	{"id":4049776,"type":"buy","buyer":"globalcurrencies","seller":"leomaker","symbol":"LEO","quantity":"168.550","price":"0.11986500","timestamp":1659408357,"volume":"20.20324575","buyTxId":"35b12b10a19e8dd588016093a5725ea01c56eb73","sellTxId":"cba361acd874cb9cb3eae3a71612195094731406"}
{"index": {"_index":"leo","_id":"4049777"}}
	{"id":4049777,"type":"buy","buyer":"globalcurrencies","seller":"leomaker","symbol":"LEO","quantity":"111.503","price":"0.11987600","timestamp":1659408357,"volume":"13.36653363","buyTxId":"35b12b10a19e8dd588016093a5725ea01c56eb73","sellTxId":"a55dd200765c20c60f596967cc32e071407d4a58"}
{"index": {"_index":"leo","_id":"4049786"}}
	{"id":4049786,"type":"buy","buyer":"globalcurrencies","seller":"leomaker","symbol":"LEO","quantity":"59.094","price":"0.11987600","timestamp":1659408519,"volume":"7.08395234","buyTxId":"66fe56f02dc34afae0116dc8ffa6650fdb984f9f","sellTxId":"a55dd200765c20c60f596967cc32e071407d4a58"}
{"index": {"_index":"leo","_id":"4049787"}}
	{"id":4049787,"type":"buy","buyer":"globalcurrencies","seller":"leomaker","symbol":"LEO","quantity":"172.669","price":"0.11988700","timestamp":1659408519,"volume":"20.70076840","buyTxId":"66fe56f02dc34afae0116dc8ffa6650fdb984f9f","sellTxId":"a1d80f11ca38a31c99dd0474453710b6c517fb3e"}
{"index": {"_index":"leo","_id":"4049788"}}
	{"id":4049788,"type":"buy","buyer":"globalcurrencies","seller":"leomaker","symbol":"LEO","quantity":"174.765","price":"0.11988800","timestamp":1659408519,"volume":"20.95222632","buyTxId":"66fe56f02dc34afae0116dc8ffa6650fdb984f9f","sellTxId":"b5c625fb57515443012e68a485d845f0b8483677"}
{"index": {"_index":"leo","_id":"4049789"}}
	{"id":4049789,"type":"buy","buyer":"globalcurrencies","seller":"leomaker","symbol":"LEO","quantity":"176.889","price":"0.11989900","timestamp":1659408519,"volume":"21.20881421","buyTxId":"66fe56f02dc34afae0116dc8ffa6650fdb984f9f","sellTxId":"bf955fda6d98d31cd714a51627b027cb51aafb8c"}
{"index": {"_index":"leo","_id":"4049790"}}
	{"id":4049790,"type":"buy","buyer":"globalcurrencies","seller":"leomaker","symbol":"LEO","quantity":"179.037","price":"0.11990000","timestamp":1659408519,"volume":"21.46653630","buyTxId":"66fe56f02dc34afae0116dc8ffa6650fdb984f9f","sellTxId":"f80266195f4f1d864f6d42436013a0eaf309113e"}
{"index": {"_index":"leo","_id":"4049791"}}
	{"id":4049791,"type":"buy","buyer":"globalcurrencies","seller":"leomaker","symbol":"LEO","quantity":"181.211","price":"0.11991100","timestamp":1659408519,"volume":"21.72919222","buyTxId":"66fe56f02dc34afae0116dc8ffa6650fdb984f9f","sellTxId":"ec27a3530d3e4e3d318ee978448d9f9f8c5bf1d9"}
{"index": {"_index":"leo","_id":"4049792"}}
	{"id":4049792,"type":"buy","buyer":"globalcurrencies","seller":"leomaker","symbol":"LEO","quantity":"183.413","price":"0.11991200","timestamp":1659408519,"volume":"21.99341966","buyTxId":"66fe56f02dc34afae0116dc8ffa6650fdb984f9f","sellTxId":"8805d2bd7bb84d9a083f93b7dc23ee52697f339b"}
{"index": {"_index":"leo","_id":"4049793"}}
	{"id":4049793,"type":"buy","buyer":"globalcurrencies","seller":"leomaker","symbol":"LEO","quantity":"185.639","price":"0.11992300","timestamp":1659408519,"volume":"22.26238580","buyTxId":"66fe56f02dc34afae0116dc8ffa6650fdb984f9f","sellTxId":"7b6f8c9b841c5cde7dbaea819823b5203cac6cf1"}
{"index": {"_index":"leo","_id":"4049794"}}
	{"id":4049794,"type":"buy","buyer":"globalcurrencies","seller":"leomaker","symbol":"LEO","quantity":"187.895","price":"0.11992400","timestamp":1659408519,"volume":"22.53311998","buyTxId":"66fe56f02dc34afae0116dc8ffa6650fdb984f9f","sellTxId":"7337557da7ff321927c4adb9bdfc8c81ed4cd912"}
{"index": {"_index":"leo","_id":"4049795"}}
	{"id":4049795,"type":"buy","buyer":"globalcurrencies","seller":"leomaker","symbol":"LEO","quantity":"190.176","price":"0.11993500","timestamp":1659408519,"volume":"22.80875856","buyTxId":"66fe56f02dc34afae0116dc8ffa6650fdb984f9f","sellTxId":"72a0d7e173874e8530e567809c581cc4ddae15b7"}
{"index": {"_index":"leo","_id":"4049796"}}
	{"id":4049796,"type":"buy","buyer":"globalcurrencies","seller":"leomaker","symbol":"LEO","quantity":"192.486","price":"0.11994600","timestamp":1659408519,"volume":"23.08792576","buyTxId":"66fe56f02dc34afae0116dc8ffa6650fdb984f9f","sellTxId":"f24fc905d7d70bfa25eecf392ea6841d2306ccad"}
{"index": {"_index":"leo","_id":"4049797"}}
	{"id":4049797,"type":"buy","buyer":"globalcurrencies","seller":"leomaker","symbol":"LEO","quantity":"116.726","price":"0.11994700","timestamp":1659408519,"volume":"14.00093352","buyTxId":"66fe56f02dc34afae0116dc8ffa6650fdb984f9f","sellTxId":"093104e016f29cba6f493772f8774f6a02fdbb24"}
{"index": {"_index":"leo","_id":"4049807"}}
	{"id":4049807,"type":"buy","buyer":"globalcurrencies","seller":"leomaker","symbol":"LEO","quantity":"78.098","price":"0.11994700","timestamp":1659408630,"volume":"9.36762081","buyTxId":"9d6c174dde479fbcc56ef3a43c37542c2506a24b","sellTxId":"093104e016f29cba6f493772f8774f6a02fdbb24"}
{"index": {"_index":"leo","_id":"4049808"}}
	{"id":4049808,"type":"buy","buyer":"globalcurrencies","seller":"enginemaker","symbol":"LEO","quantity":"500.000","price":"0.11994800","timestamp":1659408630,"volume":"59.97400000","buyTxId":"9d6c174dde479fbcc56ef3a43c37542c2506a24b","sellTxId":"MM-P-19660164-66654410-3-1-1"}
{"index": {"_index":"leo","_id":"4049809"}}
	{"id":4049809,"type":"buy","buyer":"globalcurrencies","seller":"leomaker","symbol":"LEO","quantity":"197.191","price":"0.11995800","timestamp":1659408630,"volume":"23.65463798","buyTxId":"9d6c174dde479fbcc56ef3a43c37542c2506a24b","sellTxId":"7ad5487a501f319c1e006efbb1bd1ac1b387f79d"}
{"index": {"_index":"leo","_id":"4049810"}}
	{"id":4049810,"type":"buy","buyer":"globalcurrencies","seller":"leomaker","symbol":"LEO","quantity":"199.586","price":"0.11995900","timestamp":1659408630,"volume":"23.94213697","buyTxId":"9d6c174dde479fbcc56ef3a43c37542c2506a24b","sellTxId":"105a6c8c06808c8a3c5e401e2f25b6d4ce4c6fdf"}
{"index": {"_index":"leo","_id":"4049811"}}
	{"id":4049811,"type":"buy","buyer":"globalcurrencies","seller":"leomaker","symbol":"LEO","quantity":"158.536","price":"0.11997000","timestamp":1659408630,"volume":"19.01956392","buyTxId":"9d6c174dde479fbcc56ef3a43c37542c2506a24b","sellTxId":"516f1d67762100fd4eff7e8f5a308f792e72a8af"}
{"index": {"_index":"leo","_id":"4049812"}}
	{"id":4049812,"type":"buy","buyer":"globalcurrencies","seller":"leomaker","symbol":"LEO","quantity":"160.461","price":"0.11998100","timestamp":1659408630,"volume":"19.25227124","buyTxId":"9d6c174dde479fbcc56ef3a43c37542c2506a24b","sellTxId":"112c7ec61fd120cb19dda60a91ef26ae835a0e2f"}
{"index": {"_index":"leo","_id":"4049813"}}
	{"id":4049813,"type":"buy","buyer":"globalcurrencies","seller":"leomaker","symbol":"LEO","quantity":"162.411","price":"0.11999200","timestamp":1659408630,"volume":"19.48802071","buyTxId":"9d6c174dde479fbcc56ef3a43c37542c2506a24b","sellTxId":"b904a4e2a817514967cef15df0b5de8cde9b7420"}
{"index": {"_index":"leo","_id":"4049814"}}
	{"id":4049814,"type":"buy","buyer":"globalcurrencies","seller":"leomaker","symbol":"LEO","quantity":"164.383","price":"0.12000300","timestamp":1659408630,"volume":"19.72645315","buyTxId":"9d6c174dde479fbcc56ef3a43c37542c2506a24b","sellTxId":"97d4fda105d17205ad20b6aa9575cbbffc615c9c"}
{"index": {"_index":"leo","_id":"4049815"}}
	{"id":4049815,"type":"buy","buyer":"globalcurrencies","seller":"leomaker","symbol":"LEO","quantity":"166.379","price":"0.12001400","timestamp":1659408630,"volume":"19.96780931","buyTxId":"9d6c174dde479fbcc56ef3a43c37542c2506a24b","sellTxId":"b3f6be6f5c8e6a5d62dcc4bc035527278a59ae55"}
{"index": {"_index":"leo","_id":"4049816"}}
	{"id":4049816,"type":"buy","buyer":"globalcurrencies","seller":"leomaker","symbol":"LEO","quantity":"168.400","price":"0.12002500","timestamp":1659408630,"volume":"20.21221000","buyTxId":"9d6c174dde479fbcc56ef3a43c37542c2506a24b","sellTxId":"b1fbd8ee1eade4c78392812ce7dedcfd589f8b27"}
{"index": {"_index":"leo","_id":"4049817"}}
	{"id":4049817,"type":"buy","buyer":"globalcurrencies","seller":"leomaker","symbol":"LEO","quantity":"44.555","price":"0.12003600","timestamp":1659408630,"volume":"5.34820398","buyTxId":"9d6c174dde479fbcc56ef3a43c37542c2506a24b","sellTxId":"77f711404e96253296131e3fbca40e30350f8e90"}
{"index": {"_index":"leo","_id":"4049823"}}
	{"id":4049823,"type":"buy","buyer":"alexicp","seller":"leomaker","symbol":"LEO","quantity":"125.890","price":"0.12003600","timestamp":1659408723,"volume":"15.11133204","buyTxId":"4cac47cccc2f25646629e6cb1a49d8740c56aa6c","sellTxId":"77f711404e96253296131e3fbca40e30350f8e90"}
{"index": {"_index":"leo","_id":"4049824"}}
	{"id":4049824,"type":"buy","buyer":"alexicp","seller":"leomaker","symbol":"LEO","quantity":"87.748","price":"0.12003700","timestamp":1659408723,"volume":"10.53300668","buyTxId":"4cac47cccc2f25646629e6cb1a49d8740c56aa6c","sellTxId":"7c3bf44de24d8ad6c6cbc08259d6f6c101f34dee"}
{"index": {"_index":"leo","_id":"4049825"}}
	{"id":4049825,"type":"buy","buyer":"alexicp","seller":"leomaker","symbol":"LEO","quantity":"189.872","price":"0.12004700","timestamp":1659408723,"volume":"22.79356398","buyTxId":"4cac47cccc2f25646629e6cb1a49d8740c56aa6c","sellTxId":"c21af8936a0a53b5bee0a2948ae7f8154b65cb37"}
{"index": {"_index":"leo","_id":"4049826"}}
	{"id":4049826,"type":"buy","buyer":"alexicp","seller":"leomaker","symbol":"LEO","quantity":"191.850","price":"0.12004800","timestamp":1659408723,"volume":"23.03120880","buyTxId":"4cac47cccc2f25646629e6cb1a49d8740c56aa6c","sellTxId":"7cea5c30342f82fde6550881b38c96b673670cc1"}
{"index": {"_index":"leo","_id":"4049827"}}
	{"id":4049827,"type":"buy","buyer":"alexicp","seller":"leomaker","symbol":"LEO","quantity":"194.181","price":"0.12005800","timestamp":1659408723,"volume":"23.31298250","buyTxId":"4cac47cccc2f25646629e6cb1a49d8740c56aa6c","sellTxId":"865d98d969b52b169d00c59568dcc4ac02f47ee5"}
{"index": {"_index":"leo","_id":"4049828"}}
	{"id":4049828,"type":"buy","buyer":"alexicp","seller":"leomaker","symbol":"LEO","quantity":"196.538","price":"0.12005900","timestamp":1659408723,"volume":"23.59615574","buyTxId":"4cac47cccc2f25646629e6cb1a49d8740c56aa6c","sellTxId":"58661f70104fc39211340a96e6aed13b13f3a48d"}
{"index": {"_index":"leo","_id":"4049829"}}
	{"id":4049829,"type":"buy","buyer":"alexicp","seller":"leomaker","symbol":"LEO","quantity":"198.926","price":"0.12006900","timestamp":1659408723,"volume":"23.88484589","buyTxId":"4cac47cccc2f25646629e6cb1a49d8740c56aa6c","sellTxId":"4f8296bcccd268c3424681b7334de5f07e68da94"}
{"index": {"_index":"leo","_id":"4049830"}}
	{"id":4049830,"type":"buy","buyer":"alexicp","seller":"leomaker","symbol":"LEO","quantity":"201.342","price":"0.12007900","timestamp":1659408723,"volume":"24.17694602","buyTxId":"4cac47cccc2f25646629e6cb1a49d8740c56aa6c","sellTxId":"943dc63e04365c530efa1e297554ae58a86eb1fe"}
{"index": {"_index":"leo","_id":"4049831"}}
	{"id":4049831,"type":"buy","buyer":"alexicp","seller":"leomaker","symbol":"LEO","quantity":"203.788","price":"0.12008000","timestamp":1659408723,"volume":"24.47086304","buyTxId":"4cac47cccc2f25646629e6cb1a49d8740c56aa6c","sellTxId":"90f56b445e49c6aa39e9251d240e430c04d5c95e"}
{"index": {"_index":"leo","_id":"4049832"}}
	{"id":4049832,"type":"buy","buyer":"alexicp","seller":"leomaker","symbol":"LEO","quantity":"206.263","price":"0.12009100","timestamp":1659408723,"volume":"24.77032993","buyTxId":"4cac47cccc2f25646629e6cb1a49d8740c56aa6c","sellTxId":"25c571a9d5e331c23596036e521fc671f7e8cf30"}
{"index": {"_index":"leo","_id":"4049833"}}
	{"id":4049833,"type":"buy","buyer":"alexicp","seller":"leomaker","symbol":"LEO","quantity":"208.768","price":"0.12010200","timestamp":1659408723,"volume":"25.07345434","buyTxId":"4cac47cccc2f25646629e6cb1a49d8740c56aa6c","sellTxId":"80f588e4cfeeb616d0613bd92d5dc0c36651ebb0"}
{"index": {"_index":"leo","_id":"4049834"}}
	{"id":4049834,"type":"buy","buyer":"alexicp","seller":"leomaker","symbol":"LEO","quantity":"211.304","price":"0.12011300","timestamp":1659408723,"volume":"25.38035735","buyTxId":"4cac47cccc2f25646629e6cb1a49d8740c56aa6c","sellTxId":"bb39983dac21a7acb5da8e1836c3b315d014929d"}
{"index": {"_index":"leo","_id":"4049835"}}
	{"id":4049835,"type":"buy","buyer":"alexicp","seller":"leomaker","symbol":"LEO","quantity":"213.843","price":"0.12012400","timestamp":1659408723,"volume":"25.68767653","buyTxId":"4cac47cccc2f25646629e6cb1a49d8740c56aa6c","sellTxId":"5de744c4ff1f9fd3dbf73b4e92bb208acbf7552f"}
{"index": {"_index":"leo","_id":"4049836"}}
	{"id":4049836,"type":"buy","buyer":"alexicp","seller":"leomaker","symbol":"LEO","quantity":"216.306","price":"0.12013400","timestamp":1659408723,"volume":"25.98570500","buyTxId":"4cac47cccc2f25646629e6cb1a49d8740c56aa6c","sellTxId":"1393029406f5ceda6bd5339db75f4d48d72951f4"}
{"index": {"_index":"leo","_id":"4049837"}}
	{"id":4049837,"type":"buy","buyer":"alexicp","seller":"leomaker","symbol":"LEO","quantity":"218.932","price":"0.12013500","timestamp":1659408723,"volume":"26.30139582","buyTxId":"4cac47cccc2f25646629e6cb1a49d8740c56aa6c","sellTxId":"e07ae692da0cc79ea50130a1b33811e76b413b29"}
{"index": {"_index":"leo","_id":"4049838"}}
	{"id":4049838,"type":"buy","buyer":"alexicp","seller":"leomaker","symbol":"LEO","quantity":"221.592","price":"0.12014600","timestamp":1659408723,"volume":"26.62339243","buyTxId":"4cac47cccc2f25646629e6cb1a49d8740c56aa6c","sellTxId":"ad91237c5ac85118bcbd75a76b0111a0dac18253"}
{"index": {"_index":"leo","_id":"4049839"}}
	{"id":4049839,"type":"buy","buyer":"alexicp","seller":"leomaker","symbol":"LEO","quantity":"224.283","price":"0.12015700","timestamp":1659408723,"volume":"26.94917243","buyTxId":"4cac47cccc2f25646629e6cb1a49d8740c56aa6c","sellTxId":"bf230fe61048227be7c89a35274ce9172bfac892"}
{"index": {"_index":"leo","_id":"4049840"}}
	{"id":4049840,"type":"buy","buyer":"alexicp","seller":"leomaker","symbol":"LEO","quantity":"227.008","price":"0.12015800","timestamp":1659408723,"volume":"27.27682726","buyTxId":"4cac47cccc2f25646629e6cb1a49d8740c56aa6c","sellTxId":"eae0e6a2bccb7c92d321acfa438212478e9a8dbe"}
{"index": {"_index":"leo","_id":"4049841"}}
	{"id":4049841,"type":"buy","buyer":"alexicp","seller":"leomaker","symbol":"LEO","quantity":"229.752","price":"0.12016900","timestamp":1659408723,"volume":"27.60906809","buyTxId":"4cac47cccc2f25646629e6cb1a49d8740c56aa6c","sellTxId":"586c7503861bc9fd7976fb518ac68d4807ece1cb"}
{"index": {"_index":"leo","_id":"4049842"}}
	{"id":4049842,"type":"buy","buyer":"alexicp","seller":"leomaker","symbol":"LEO","quantity":"231.889","price":"0.12018000","timestamp":1659408723,"volume":"27.86842002","buyTxId":"4cac47cccc2f25646629e6cb1a49d8740c56aa6c","sellTxId":"018765a307ee1b22005beff76d0203ac4a57443a"}
{"index": {"_index":"leo","_id":"4049843"}}
	{"id":4049843,"type":"buy","buyer":"alexicp","seller":"leomaker","symbol":"LEO","quantity":"234.705","price":"0.12019100","timestamp":1659408723,"volume":"28.20942866","buyTxId":"4cac47cccc2f25646629e6cb1a49d8740c56aa6c","sellTxId":"6042ffa670b4606d9ced7bab9ba5a1006b086177"}
{"index": {"_index":"leo","_id":"4049844"}}
	{"id":4049844,"type":"buy","buyer":"alexicp","seller":"leomaker","symbol":"LEO","quantity":"237.556","price":"0.12020200","timestamp":1659408723,"volume":"28.55470631","buyTxId":"4cac47cccc2f25646629e6cb1a49d8740c56aa6c","sellTxId":"1d203b42edad4f3e10b5c385dbda677c98819c7b"}
{"index": {"_index":"leo","_id":"4049845"}}
	{"id":4049845,"type":"buy","buyer":"alexicp","seller":"leomaker","symbol":"LEO","quantity":"240.442","price":"0.12021300","timestamp":1659408723,"volume":"28.90425415","buyTxId":"4cac47cccc2f25646629e6cb1a49d8740c56aa6c","sellTxId":"ab42bd6597389e1399af3fd3c07dc11403c032e1"}
{"index": {"_index":"leo","_id":"4049846"}}
	{"id":4049846,"type":"buy","buyer":"alexicp","seller":"leomaker","symbol":"LEO","quantity":"243.361","price":"0.12022400","timestamp":1659408723,"volume":"29.25783286","buyTxId":"4cac47cccc2f25646629e6cb1a49d8740c56aa6c","sellTxId":"ae742bd0758a9650775e0257ff36a64a5d224042"}
{"index": {"_index":"leo","_id":"4049847"}}
	{"id":4049847,"type":"buy","buyer":"alexicp","seller":"leomaker","symbol":"LEO","quantity":"246.318","price":"0.12023500","timestamp":1659408723,"volume":"29.61604473","buyTxId":"4cac47cccc2f25646629e6cb1a49d8740c56aa6c","sellTxId":"72e520b65425ab2e13e873e30cdd108104ec1086"}
{"index": {"_index":"leo","_id":"4049848"}}
	{"id":4049848,"type":"buy","buyer":"alexicp","seller":"leomaker","symbol":"LEO","quantity":"249.310","price":"0.12024600","timestamp":1659408723,"volume":"29.97853026","buyTxId":"4cac47cccc2f25646629e6cb1a49d8740c56aa6c","sellTxId":"cc4c3de362b3cc2aaf336aaba8004c68336ca21b"}
{"index": {"_index":"leo","_id":"4049849"}}
	{"id":4049849,"type":"buy","buyer":"alexicp","seller":"leomaker","symbol":"LEO","quantity":"252.337","price":"0.12025700","timestamp":1659408723,"volume":"30.34529061","buyTxId":"4cac47cccc2f25646629e6cb1a49d8740c56aa6c","sellTxId":"9497b355431b764214bcff39a1bbb0435c9a81b3"}
{"index": {"_index":"leo","_id":"4049850"}}
	{"id":4049850,"type":"buy","buyer":"alexicp","seller":"leomaker","symbol":"LEO","quantity":"255.402","price":"0.12026800","timestamp":1659408723,"volume":"30.71668774","buyTxId":"4cac47cccc2f25646629e6cb1a49d8740c56aa6c","sellTxId":"3d9927b60dc8e7d461b278afc2db03a6aaf82878"}
{"index": {"_index":"leo","_id":"4049851"}}
	{"id":4049851,"type":"buy","buyer":"alexicp","seller":"leomaker","symbol":"LEO","quantity":"249.854","price":"0.12027900","timestamp":1659408723,"volume":"30.05218927","buyTxId":"4cac47cccc2f25646629e6cb1a49d8740c56aa6c","sellTxId":"08bc778ee48dd7360dcd69d056a1d53e5798ebbf"}
{"index": {"_index":"leo","_id":"4049852"}}
	{"id":4049852,"type":"buy","buyer":"alexicp","seller":"leomaker","symbol":"LEO","quantity":"252.889","price":"0.12029000","timestamp":1659408723,"volume":"30.42001781","buyTxId":"4cac47cccc2f25646629e6cb1a49d8740c56aa6c","sellTxId":"b2e724410b48d5258b3c4304a7757fa829faf6c4"}
{"index": {"_index":"leo","_id":"4049853"}}
	{"id":4049853,"type":"buy","buyer":"alexicp","seller":"leomaker","symbol":"LEO","quantity":"255.960","price":"0.12030100","timestamp":1659408723,"volume":"30.79224396","buyTxId":"4cac47cccc2f25646629e6cb1a49d8740c56aa6c","sellTxId":"4d1aaf1c5da0d44e1b6e347a702534fc74fe9531"}
{"index": {"_index":"leo","_id":"4049854"}}
	{"id":4049854,"type":"buy","buyer":"alexicp","seller":"leomaker","symbol":"LEO","quantity":"259.069","price":"0.12031200","timestamp":1659408723,"volume":"31.16910953","buyTxId":"4cac47cccc2f25646629e6cb1a49d8740c56aa6c","sellTxId":"153e1bdd673f557a06c4d40f33717d9e0e36b4ed"}
{"index": {"_index":"leo","_id":"4049855"}}
	{"id":4049855,"type":"buy","buyer":"alexicp","seller":"leomaker","symbol":"LEO","quantity":"262.216","price":"0.12032300","timestamp":1659408723,"volume":"31.55061577","buyTxId":"4cac47cccc2f25646629e6cb1a49d8740c56aa6c","sellTxId":"86e8984b2bd33edcf9427a4ad9b2771749d4cde6"}
{"index": {"_index":"leo","_id":"4049856"}}
	{"id":4049856,"type":"buy","buyer":"alexicp","seller":"leomaker","symbol":"LEO","quantity":"265.399","price":"0.12033400","timestamp":1659408723,"volume":"31.93652327","buyTxId":"4cac47cccc2f25646629e6cb1a49d8740c56aa6c","sellTxId":"00427f6ba245f9ff9366296b32cbf413687d61ac"}
{"index": {"_index":"leo","_id":"4049857"}}
	{"id":4049857,"type":"buy","buyer":"alexicp","seller":"leomaker","symbol":"LEO","quantity":"268.624","price":"0.12034500","timestamp":1659408723,"volume":"32.32755528","buyTxId":"4cac47cccc2f25646629e6cb1a49d8740c56aa6c","sellTxId":"023dff2e02d01b7fb32e53a2be75c8cac0477610"}
{"index": {"_index":"leo","_id":"4049858"}}
	{"id":4049858,"type":"buy","buyer":"alexicp","seller":"leomaker","symbol":"LEO","quantity":"271.886","price":"0.12035600","timestamp":1659408723,"volume":"32.72311142","buyTxId":"4cac47cccc2f25646629e6cb1a49d8740c56aa6c","sellTxId":"4de680bd229b1abff29de40cfe560628ecaf0009"}
{"index": {"_index":"leo","_id":"4049859"}}
	{"id":4049859,"type":"buy","buyer":"alexicp","seller":"leomaker","symbol":"LEO","quantity":"239.096","price":"0.12036700","timestamp":1659408723,"volume":"28.77926823","buyTxId":"4cac47cccc2f25646629e6cb1a49d8740c56aa6c","sellTxId":"44b3dd024f0aa2aa3a6ac0daf47e8a8dc57c2673"}
{"index": {"_index":"leo","_id":"4049864"}}
	{"id":4049864,"type":"buy","buyer":"globalcurrencies","seller":"leomaker","symbol":"LEO","quantity":"35.305","price":"0.12036700","timestamp":1659408774,"volume":"4.24955694","buyTxId":"32975fcb6be6a38c8758d1a29d89980227b15837","sellTxId":"44b3dd024f0aa2aa3a6ac0daf47e8a8dc57c2673"}
{"index": {"_index":"leo","_id":"4049865"}}
	{"id":4049865,"type":"buy","buyer":"globalcurrencies","seller":"leomaker","symbol":"LEO","quantity":"277.733","price":"0.12037800","timestamp":1659408774,"volume":"33.43294307","buyTxId":"32975fcb6be6a38c8758d1a29d89980227b15837","sellTxId":"4c018c5e69cab9f259b015aac98350bd99d99578"}
{"index": {"_index":"leo","_id":"4049866"}}
	{"id":4049866,"type":"buy","buyer":"globalcurrencies","seller":"leomaker","symbol":"LEO","quantity":"281.014","price":"0.12038900","timestamp":1659408774,"volume":"33.83099445","buyTxId":"32975fcb6be6a38c8758d1a29d89980227b15837","sellTxId":"d315443a79a1e12add647d5dd83958b0c052a693"}
{"index": {"_index":"leo","_id":"4049867"}}
	{"id":4049867,"type":"buy","buyer":"globalcurrencies","seller":"leomaker","symbol":"LEO","quantity":"284.427","price":"0.12040000","timestamp":1659408774,"volume":"34.24501080","buyTxId":"32975fcb6be6a38c8758d1a29d89980227b15837","sellTxId":"559367fc7519c174f0941b1d78f5e6bfaae15d33"}
{"index": {"_index":"leo","_id":"4049868"}}
	{"id":4049868,"type":"buy","buyer":"globalcurrencies","seller":"leomaker","symbol":"LEO","quantity":"287.475","price":"0.12041100","timestamp":1659408774,"volume":"34.61515223","buyTxId":"32975fcb6be6a38c8758d1a29d89980227b15837","sellTxId":"ba0d4c7684703ba3c241cdef8c31f85452a84050"}
{"index": {"_index":"leo","_id":"4049869"}}
	{"id":4049869,"type":"buy","buyer":"globalcurrencies","seller":"leomaker","symbol":"LEO","quantity":"290.968","price":"0.12042200","timestamp":1659408774,"volume":"35.03894850","buyTxId":"32975fcb6be6a38c8758d1a29d89980227b15837","sellTxId":"117620fd046d6b17d09636501c6317024872d00b"}
{"index": {"_index":"leo","_id":"4049870"}}
	{"id":4049870,"type":"buy","buyer":"globalcurrencies","seller":"leomaker","symbol":"LEO","quantity":"294.165","price":"0.12043300","timestamp":1659408774,"volume":"35.42717345","buyTxId":"32975fcb6be6a38c8758d1a29d89980227b15837","sellTxId":"50122fa9bc45e177f2fffec0395cfbb1a752aac0"}
{"index": {"_index":"leo","_id":"4049871"}}
	{"id":4049871,"type":"buy","buyer":"globalcurrencies","seller":"leomaker","symbol":"LEO","quantity":"248.913","price":"0.12044400","timestamp":1659408774,"volume":"29.98007737","buyTxId":"32975fcb6be6a38c8758d1a29d89980227b15837","sellTxId":"b9735b7f3a4fe6df847c91df5319586073882e1e"}
{"index": {"_index":"leo","_id":"4049885"}}
	{"id":4049885,"type":"buy","buyer":"globalcurrencies","seller":"leomaker","symbol":"LEO","quantity":"48.488","price":"0.12044400","timestamp":1659408906,"volume":"5.84008867","buyTxId":"19ef33cf2f4f354a595301d02c045c4a8f63e367","sellTxId":"b9735b7f3a4fe6df847c91df5319586073882e1e"}
{"index": {"_index":"leo","_id":"4049886"}}
	{"id":4049886,"type":"buy","buyer":"globalcurrencies","seller":"enginemaker","symbol":"LEO","quantity":"500.000","price":"0.12044500","timestamp":1659408906,"volume":"60.22250000","buyTxId":"19ef33cf2f4f354a595301d02c045c4a8f63e367","sellTxId":"MM-P-19660264-66654510-3-1-1"}
{"index": {"_index":"leo","_id":"4049887"}}
	{"id":4049887,"type":"buy","buyer":"globalcurrencies","seller":"leomaker","symbol":"LEO","quantity":"285.137","price":"0.12045500","timestamp":1659408906,"volume":"34.34617734","buyTxId":"19ef33cf2f4f354a595301d02c045c4a8f63e367","sellTxId":"24a8fc06d37c3fd106451ea8dccdf7c884496285"}
{"index": {"_index":"leo","_id":"4049888"}}
	{"id":4049888,"type":"buy","buyer":"globalcurrencies","seller":"leomaker","symbol":"LEO","quantity":"288.598","price":"0.12046600","timestamp":1659408906,"volume":"34.76624667","buyTxId":"19ef33cf2f4f354a595301d02c045c4a8f63e367","sellTxId":"e1f62ac2b0bc3bbba88f08ef6b00222dbea66f34"}
{"index": {"_index":"leo","_id":"4049889"}}
	{"id":4049889,"type":"buy","buyer":"globalcurrencies","seller":"chekohler","symbol":"LEO","quantity":"17.211","price":"0.12046700","timestamp":1659408906,"volume":"2.07335754","buyTxId":"19ef33cf2f4f354a595301d02c045c4a8f63e367","sellTxId":"5dee2630c12be2e7bb86e852170072becec3f8e6"}
{"index": {"_index":"leo","_id":"4049890"}}
	{"id":4049890,"type":"buy","buyer":"globalcurrencies","seller":"leomaker","symbol":"LEO","quantity":"291.634","price":"0.12047700","timestamp":1659408906,"volume":"35.13518942","buyTxId":"19ef33cf2f4f354a595301d02c045c4a8f63e367","sellTxId":"24d038da9ff957997317cb6e6a04411378a2b787"}
{"index": {"_index":"leo","_id":"4049891"}}
	{"id":4049891,"type":"buy","buyer":"globalcurrencies","seller":"leomaker","symbol":"LEO","quantity":"295.177","price":"0.12048800","timestamp":1659408906,"volume":"35.56528638","buyTxId":"19ef33cf2f4f354a595301d02c045c4a8f63e367","sellTxId":"8689e206b897ba63f40288ccdfe5ce6f75b20330"}
{"index": {"_index":"leo","_id":"4049892"}}
	{"id":4049892,"type":"buy","buyer":"globalcurrencies","seller":"leomaker","symbol":"LEO","quantity":"273.755","price":"0.12049900","timestamp":1659408906,"volume":"32.98720375","buyTxId":"19ef33cf2f4f354a595301d02c045c4a8f63e367","sellTxId":"f3653de0857d03818365146ba8b9279fd9d07f28"}
{"index": {"_index":"leo","_id":"4049903"}}
	{"id":4049903,"type":"buy","buyer":"globalcurrencies","seller":"leomaker","symbol":"LEO","quantity":"25.007","price":"0.12049900","timestamp":1659409029,"volume":"3.01331849","buyTxId":"70ddfa22bcc15aa2700ce6e29161ee68985bb591","sellTxId":"f3653de0857d03818365146ba8b9279fd9d07f28"}
{"index": {"_index":"leo","_id":"4049904"}}
	{"id":4049904,"type":"buy","buyer":"globalcurrencies","seller":"leomaker","symbol":"LEO","quantity":"302.389","price":"0.12051000","timestamp":1659409029,"volume":"36.44089839","buyTxId":"70ddfa22bcc15aa2700ce6e29161ee68985bb591","sellTxId":"37d19806d376933558eea05b09124a923d58566d"}
{"index": {"_index":"leo","_id":"4049905"}}
	{"id":4049905,"type":"buy","buyer":"globalcurrencies","seller":"leomaker","symbol":"LEO","quantity":"306.062","price":"0.12052100","timestamp":1659409029,"volume":"36.88689830","buyTxId":"70ddfa22bcc15aa2700ce6e29161ee68985bb591","sellTxId":"83dd2100daf4e8eca4b81bd2e6036d0e48abf08d"}
{"index": {"_index":"leo","_id":"4049906"}}
	{"id":4049906,"type":"buy","buyer":"globalcurrencies","seller":"leomaker","symbol":"LEO","quantity":"309.749","price":"0.12053200","timestamp":1659409029,"volume":"37.33466647","buyTxId":"70ddfa22bcc15aa2700ce6e29161ee68985bb591","sellTxId":"2a59710fccd42c96caf3bbbd7baaa5dfd62fac3e"}
{"index": {"_index":"leo","_id":"4049907"}}
	{"id":4049907,"type":"buy","buyer":"globalcurrencies","seller":"leomaker","symbol":"LEO","quantity":"313.511","price":"0.12054300","timestamp":1659409029,"volume":"37.79155647","buyTxId":"70ddfa22bcc15aa2700ce6e29161ee68985bb591","sellTxId":"7589d74740dd2a7ae189314d97e97b061a5e12ff"}
{"index": {"_index":"leo","_id":"4049908"}}
	{"id":4049908,"type":"buy","buyer":"globalcurrencies","seller":"leomaker","symbol":"LEO","quantity":"317.317","price":"0.12055400","timestamp":1659409029,"volume":"38.25383362","buyTxId":"70ddfa22bcc15aa2700ce6e29161ee68985bb591","sellTxId":"4ece3fce1bcc0ea5a3d140be8728ce213e395eed"}
{"index": {"_index":"leo","_id":"4049909"}}
	{"id":4049909,"type":"buy","buyer":"globalcurrencies","seller":"leomaker","symbol":"LEO","quantity":"321.173","price":"0.12056500","timestamp":1659409029,"volume":"38.72222275","buyTxId":"70ddfa22bcc15aa2700ce6e29161ee68985bb591","sellTxId":"0e1322345a935b21c439a6c9d0ffd7726c435c6d"}
{"index": {"_index":"leo","_id":"4049910"}}
	{"id":4049910,"type":"buy","buyer":"globalcurrencies","seller":"leomaker","symbol":"LEO","quantity":"104.792","price":"0.12057600","timestamp":1659409029,"volume":"12.63540019","buyTxId":"70ddfa22bcc15aa2700ce6e29161ee68985bb591","sellTxId":"8344d684228b870f936097e6dbe6b85a95c7f676"}
{"index": {"_index":"leo","_id":"4049912"}}
	{"id":4049912,"type":"buy","buyer":"alexicp","seller":"leomaker","symbol":"LEO","quantity":"220.280","price":"0.12057600","timestamp":1659409068,"volume":"26.56048128","buyTxId":"07bc61e3fd98b63712fbbed9b8d3112444745132","sellTxId":"8344d684228b870f936097e6dbe6b85a95c7f676"}
{"index": {"_index":"leo","_id":"4049913"}}
	{"id":4049913,"type":"buy","buyer":"alexicp","seller":"leomaker","symbol":"LEO","quantity":"329.021","price":"0.12058700","timestamp":1659409068,"volume":"39.67565533","buyTxId":"07bc61e3fd98b63712fbbed9b8d3112444745132","sellTxId":"aacc8ebc915e5a5bd0fc142f67ab1b6b41cb931c"}
{"index": {"_index":"leo","_id":"4049914"}}
	{"id":4049914,"type":"buy","buyer":"alexicp","seller":"leomaker","symbol":"LEO","quantity":"333.017","price":"0.12059800","timestamp":1659409068,"volume":"40.16118417","buyTxId":"07bc61e3fd98b63712fbbed9b8d3112444745132","sellTxId":"84b4b473402a0609b91f1d958f5b00ca6e6b67d8"}
{"index": {"_index":"leo","_id":"4049915"}}
	{"id":4049915,"type":"buy","buyer":"alexicp","seller":"leomaker","symbol":"LEO","quantity":"337.062","price":"0.12060900","timestamp":1659409068,"volume":"40.65271076","buyTxId":"07bc61e3fd98b63712fbbed9b8d3112444745132","sellTxId":"e63d89ae8ce60edfb81b8de809bfaa4ef4901b3c"}
{"index": {"_index":"leo","_id":"4049916"}}
	{"id":4049916,"type":"buy","buyer":"alexicp","seller":"leomaker","symbol":"LEO","quantity":"341.148","price":"0.12062000","timestamp":1659409068,"volume":"41.14927176","buyTxId":"07bc61e3fd98b63712fbbed9b8d3112444745132","sellTxId":"57b2d211b6e85b28ef7773700fe98399c9928e6e"}
{"index": {"_index":"leo","_id":"4049917"}}
	{"id":4049917,"type":"buy","buyer":"alexicp","seller":"leomaker","symbol":"LEO","quantity":"345.290","price":"0.12063100","timestamp":1659409068,"volume":"41.65267799","buyTxId":"07bc61e3fd98b63712fbbed9b8d3112444745132","sellTxId":"f6a2860b02aa9ef1e945d835cee20e8dfa6326c3"}
{"index": {"_index":"leo","_id":"4049918"}}
	{"id":4049918,"type":"buy","buyer":"alexicp","seller":"leomaker","symbol":"LEO","quantity":"349.485","price":"0.12064200","timestamp":1659409068,"volume":"42.16256937","buyTxId":"07bc61e3fd98b63712fbbed9b8d3112444745132","sellTxId":"f71c663fbb31618b41859a75af64ff4d1549862a"}
{"index": {"_index":"leo","_id":"4049919"}}
	{"id":4049919,"type":"buy","buyer":"alexicp","seller":"leomaker","symbol":"LEO","quantity":"353.730","price":"0.12065300","timestamp":1659409068,"volume":"42.67858569","buyTxId":"07bc61e3fd98b63712fbbed9b8d3112444745132","sellTxId":"ae82e2195f17da5c6e5928c2db19e0af1f7da5ab"}
{"index": {"_index":"leo","_id":"4049920"}}
	{"id":4049920,"type":"buy","buyer":"alexicp","seller":"leomaker","symbol":"LEO","quantity":"358.026","price":"0.12066300","timestamp":1659409068,"volume":"43.20049124","buyTxId":"07bc61e3fd98b63712fbbed9b8d3112444745132","sellTxId":"0a0440e1b1136386ed27a71fbc14eaf5d208861e"}
{"index": {"_index":"leo","_id":"4049921"}}
	{"id":4049921,"type":"buy","buyer":"alexicp","seller":"leomaker","symbol":"LEO","quantity":"362.375","price":"0.12066400","timestamp":1659409068,"volume":"43.72561700","buyTxId":"07bc61e3fd98b63712fbbed9b8d3112444745132","sellTxId":"0bedbfda8be7b296234a298ce02baf816ef455aa"}
{"index": {"_index":"leo","_id":"4049922"}}
	{"id":4049922,"type":"buy","buyer":"alexicp","seller":"leomaker","symbol":"LEO","quantity":"366.776","price":"0.12067500","timestamp":1659409068,"volume":"44.26069380","buyTxId":"07bc61e3fd98b63712fbbed9b8d3112444745132","sellTxId":"906b0b8593116567376fa9dddef658f2c70a7c28"}
{"index": {"_index":"leo","_id":"4049923"}}
	{"id":4049923,"type":"buy","buyer":"alexicp","seller":"leomaker","symbol":"LEO","quantity":"371.230","price":"0.12068600","timestamp":1659409068,"volume":"44.80226378","buyTxId":"07bc61e3fd98b63712fbbed9b8d3112444745132","sellTxId":"38d6cab3d9a6c1d45ef2feb2c7c4e54310350c32"}
{"index": {"_index":"leo","_id":"4049924"}}
	{"id":4049924,"type":"buy","buyer":"alexicp","seller":"leomaker","symbol":"LEO","quantity":"375.740","price":"0.12069700","timestamp":1659409068,"volume":"45.35069078","buyTxId":"07bc61e3fd98b63712fbbed9b8d3112444745132","sellTxId":"9fab52b12e975742c460bdcc9d4c425d27578a3c"}
{"index": {"_index":"leo","_id":"4049925"}}
	{"id":4049925,"type":"buy","buyer":"alexicp","seller":"leomaker","symbol":"LEO","quantity":"380.302","price":"0.12070800","timestamp":1659409068,"volume":"45.90549382","buyTxId":"07bc61e3fd98b63712fbbed9b8d3112444745132","sellTxId":"dca2fde77ba2cf1ea793ba7ad4c8adf79090a47c"}
{"index": {"_index":"leo","_id":"4049926"}}
	{"id":4049926,"type":"buy","buyer":"alexicp","seller":"leomaker","symbol":"LEO","quantity":"384.922","price":"0.12071900","timestamp":1659409068,"volume":"46.46739892","buyTxId":"07bc61e3fd98b63712fbbed9b8d3112444745132","sellTxId":"7ea0918ffe6d409f5d5bc17237c306eeda696528"}
{"index": {"_index":"leo","_id":"4049927"}}
	{"id":4049927,"type":"buy","buyer":"alexicp","seller":"leomaker","symbol":"LEO","quantity":"511.055","price":"0.12073000","timestamp":1659409068,"volume":"61.69967015","buyTxId":"07bc61e3fd98b63712fbbed9b8d3112444745132","sellTxId":"f0047874672c260174da7b87dd43ddda422ec88b"}
{"index": {"_index":"leo","_id":"4049928"}}
	{"id":4049928,"type":"buy","buyer":"alexicp","seller":"leomaker","symbol":"LEO","quantity":"517.261","price":"0.12074100","timestamp":1659409068,"volume":"62.45461040","buyTxId":"07bc61e3fd98b63712fbbed9b8d3112444745132","sellTxId":"0c1188e0910ce35f22333db3ff951ccba6dad106"}
{"index": {"_index":"leo","_id":"4049929"}}
	{"id":4049929,"type":"buy","buyer":"alexicp","seller":"leomaker","symbol":"LEO","quantity":"523.544","price":"0.12075200","timestamp":1659409068,"volume":"63.21898509","buyTxId":"07bc61e3fd98b63712fbbed9b8d3112444745132","sellTxId":"f0034d0bce225fe31c96c9780b6ad538e0af41d0"}
{"index": {"_index":"leo","_id":"4049930"}}
	{"id":4049930,"type":"buy","buyer":"alexicp","seller":"leomaker","symbol":"LEO","quantity":"529.900","price":"0.12076300","timestamp":1659409068,"volume":"63.99231370","buyTxId":"07bc61e3fd98b63712fbbed9b8d3112444745132","sellTxId":"7b6aa8612d286d764dc516ae228921b58fddd097"}
{"index": {"_index":"leo","_id":"4049931"}}
	{"id":4049931,"type":"buy","buyer":"alexicp","seller":"leomaker","symbol":"LEO","quantity":"536.336","price":"0.12077400","timestamp":1659409068,"volume":"64.77544406","buyTxId":"07bc61e3fd98b63712fbbed9b8d3112444745132","sellTxId":"d54eeb11339fed08d51f53bed2f477d143b81cfe"}
{"index": {"_index":"leo","_id":"4049932"}}
	{"id":4049932,"type":"buy","buyer":"alexicp","seller":"leomaker","symbol":"LEO","quantity":"542.851","price":"0.12078500","timestamp":1659409068,"volume":"65.56825804","buyTxId":"07bc61e3fd98b63712fbbed9b8d3112444745132","sellTxId":"96d8cad9dfb762994fc2a7031e58b217658368c3"}
{"index": {"_index":"leo","_id":"4049933"}}
	{"id":4049933,"type":"buy","buyer":"alexicp","seller":"leomaker","symbol":"LEO","quantity":"549.278","price":"0.12079600","timestamp":1659409068,"volume":"66.35058529","buyTxId":"07bc61e3fd98b63712fbbed9b8d3112444745132","sellTxId":"7cd0a3f31faf6e928dde6bb9755f2a0566d13f36"}
{"index": {"_index":"leo","_id":"4049934"}}
	{"id":4049934,"type":"buy","buyer":"alexicp","seller":"leomaker","symbol":"LEO","quantity":"555.830","price":"0.12080700","timestamp":1659409068,"volume":"67.14815481","buyTxId":"07bc61e3fd98b63712fbbed9b8d3112444745132","sellTxId":"d7148a6aed48c70e3f6874beb1e128f7935aeedb"}
{"index": {"_index":"leo","_id":"4049935"}}
	{"id":4049935,"type":"buy","buyer":"alexicp","seller":"leomaker","symbol":"LEO","quantity":"562.581","price":"0.12081800","timestamp":1659409068,"volume":"67.96991126","buyTxId":"07bc61e3fd98b63712fbbed9b8d3112444745132","sellTxId":"6ba58e0e8112af5699d2fab0038e7d7731c3f1ab"}
{"index": {"_index":"leo","_id":"4049936"}}
	{"id":4049936,"type":"buy","buyer":"alexicp","seller":"leomaker","symbol":"LEO","quantity":"569.413","price":"0.12082900","timestamp":1659409068,"volume":"68.80160338","buyTxId":"07bc61e3fd98b63712fbbed9b8d3112444745132","sellTxId":"529c8d24b6380272fa1e0a3f206b7515497e78d3"}
{"index": {"_index":"leo","_id":"4049937"}}
	{"id":4049937,"type":"buy","buyer":"alexicp","seller":"leomaker","symbol":"LEO","quantity":"576.328","price":"0.12084000","timestamp":1659409068,"volume":"69.64347552","buyTxId":"07bc61e3fd98b63712fbbed9b8d3112444745132","sellTxId":"d7dd8bd80a58de5d4022f6581a72af0cb0c7ffa3"}
{"index": {"_index":"leo","_id":"4049938"}}
	{"id":4049938,"type":"buy","buyer":"alexicp","seller":"leomaker","symbol":"LEO","quantity":"479.293","price":"0.12085100","timestamp":1659409068,"volume":"57.92303834","buyTxId":"07bc61e3fd98b63712fbbed9b8d3112444745132","sellTxId":"eea8e7b5de3bd5bb32b00f13e9bd47a9d39ee814"}
{"index": {"_index":"leo","_id":"4049940"}}
	{"id":4049940,"type":"buy","buyer":"alexicp","seller":"pi-trader","symbol":"LEO","quantity":"26.141","price":"0.12085099","timestamp":1659409110,"volume":"3.15916573","buyTxId":"7407f31ba6b3dc580939fe0740bef418352c3e24","sellTxId":"388cb0918f25eddc168b7982141a1a4f6f553787-3"}
{"index": {"_index":"leo","_id":"4049941"}}
	{"id":4049941,"type":"buy","buyer":"god0","seller":"leomaker","symbol":"LEO","quantity":"19.528","price":"0.12085000","timestamp":1659409119,"volume":"2.35995880","buyTxId":"95a15d0069160dcdf25093276c136cb3e522f47c-0","sellTxId":"e1e17e5f2d96abd42cc4147b7f862a502852d0ed"}
{"index": {"_index":"leo","_id":"4049942"}}
	{"id":4049942,"type":"buy","buyer":"god0","seller":"pi-trader","symbol":"LEO","quantity":"73.859","price":"0.12085099","timestamp":1659409119,"volume":"8.92593327","buyTxId":"95a15d0069160dcdf25093276c136cb3e522f47c-0","sellTxId":"388cb0918f25eddc168b7982141a1a4f6f553787-3"}
{"index": {"_index":"leo","_id":"4049943"}}
	{"id":4049943,"type":"buy","buyer":"konvik","seller":"leomaker","symbol":"LEO","quantity":"104.035","price":"0.12085100","timestamp":1659409119,"volume":"12.57273379","buyTxId":"3937cce12fd0bfa01051c1d2f81630ae187f9efa-0","sellTxId":"eea8e7b5de3bd5bb32b00f13e9bd47a9d39ee814"}
{"index": {"_index":"leo","_id":"4049944"}}
	{"id":4049944,"type":"buy","buyer":"konvik","seller":"leomaker","symbol":"LEO","quantity":"590.413","price":"0.12086200","timestamp":1659409119,"volume":"71.35849601","buyTxId":"3937cce12fd0bfa01051c1d2f81630ae187f9efa-0","sellTxId":"fb5d242bc75b7f1ae44fd5648c20f03317efad17"}
{"index": {"_index":"leo","_id":"4049945"}}
	{"id":4049945,"type":"buy","buyer":"konvik","seller":"leomaker","symbol":"LEO","quantity":"597.582","price":"0.12087300","timestamp":1659409119,"volume":"72.23152909","buyTxId":"3937cce12fd0bfa01051c1d2f81630ae187f9efa-0","sellTxId":"f20e38082f3787205f63d5f7ea0df8ed3c12c7f0"}
{"index": {"_index":"leo","_id":"4049946"}}
	{"id":4049946,"type":"buy","buyer":"konvik","seller":"leomaker","symbol":"LEO","quantity":"526.616","price":"0.12088400","timestamp":1659409119,"volume":"63.65944854","buyTxId":"3937cce12fd0bfa01051c1d2f81630ae187f9efa-0","sellTxId":"fc28ddd5fdc22e32c109670cb71ca5c8183d82e0"}
{"index": {"_index":"leo","_id":"4049954"}}
	{"id":4049954,"type":"buy","buyer":"globalcurrencies","seller":"leomaker","symbol":"LEO","quantity":"78.225","price":"0.12088400","timestamp":1659409182,"volume":"9.45615090","buyTxId":"cbb68a3a2195900674fa93e084b6c7c33fd4f320","sellTxId":"fc28ddd5fdc22e32c109670cb71ca5c8183d82e0"}
{"index": {"_index":"leo","_id":"4049955"}}
	{"id":4049955,"type":"buy","buyer":"globalcurrencies","seller":"leomaker","symbol":"LEO","quantity":"612.159","price":"0.12089500","timestamp":1659409182,"volume":"74.00696231","buyTxId":"cbb68a3a2195900674fa93e084b6c7c33fd4f320","sellTxId":"a4c9b65a62f82c9481a82d5e349716eeb675effb"}
{"index": {"_index":"leo","_id":"4049956"}}
	{"id":4049956,"type":"buy","buyer":"globalcurrencies","seller":"leomaker","symbol":"LEO","quantity":"619.591","price":"0.12090600","timestamp":1659409182,"volume":"74.91226945","buyTxId":"cbb68a3a2195900674fa93e084b6c7c33fd4f320","sellTxId":"2e077f7dc82aae63d34293b4e041607e0c6c5ae9"}
{"index": {"_index":"leo","_id":"4049957"}}
	{"id":4049957,"type":"buy","buyer":"globalcurrencies","seller":"leomaker","symbol":"LEO","quantity":"627.116","price":"0.12091700","timestamp":1659409182,"volume":"75.82898537","buyTxId":"cbb68a3a2195900674fa93e084b6c7c33fd4f320","sellTxId":"ae1ac04c44bdf85c5fddfa87c05492d97efa8d71"}
{"index": {"_index":"leo","_id":"4049958"}}
	{"id":4049958,"type":"buy","buyer":"globalcurrencies","seller":"leomaker","symbol":"LEO","quantity":"62.909","price":"0.12092800","timestamp":1659409182,"volume":"7.60745955","buyTxId":"cbb68a3a2195900674fa93e084b6c7c33fd4f320","sellTxId":"0a1e5dd38e1d4879988e364fb8a6cb2804400b1f"}
{"index": {"_index":"leo","_id":"4049959"}}
	{"id":4049959,"type":"sell","buyer":"enginemaker","seller":"steem82868","symbol":"LEO","quantity":"0.537","price":"0.10110000","timestamp":1659409191,"volume":"0.05429070","buyTxId":"MM-P-19660364-66654610-3-1-0","sellTxId":"044602ec810d4e3a5faca12abdb5093f2effd85a"}
{"index": {"_index":"leo","_id":"4049972"}}
	{"id":4049972,"type":"buy","buyer":"globalcurrencies","seller":"leomaker","symbol":"LEO","quantity":"19.294","price":"0.12091700","timestamp":1659409362,"volume":"2.33297260","buyTxId":"cc4548a0478d2a976ca56572498cdd7dca7bf41e","sellTxId":"2c75f9281cf7977fe530017fb5b92aa38b20357b"}
{"index": {"_index":"leo","_id":"4049973"}}
	{"id":4049973,"type":"buy","buyer":"globalcurrencies","seller":"enginemaker","symbol":"LEO","quantity":"444.649","price":"0.12091800","timestamp":1659409362,"volume":"53.76606778","buyTxId":"cc4548a0478d2a976ca56572498cdd7dca7bf41e","sellTxId":"MM-P-19660364-66654610-3-1-1"}
{"index": {"_index":"leo","_id":"4049974"}}
	{"id":4049974,"type":"buy","buyer":"globalcurrencies","seller":"leomaker","symbol":"LEO","quantity":"571.807","price":"0.12092800","timestamp":1659409362,"volume":"69.14747690","buyTxId":"cc4548a0478d2a976ca56572498cdd7dca7bf41e","sellTxId":"0a1e5dd38e1d4879988e364fb8a6cb2804400b1f"}
{"index": {"_index":"leo","_id":"4049975"}}
	{"id":4049975,"type":"buy","buyer":"globalcurrencies","seller":"leomaker","symbol":"LEO","quantity":"642.231","price":"0.12093900","timestamp":1659409362,"volume":"77.67077491","buyTxId":"cc4548a0478d2a976ca56572498cdd7dca7bf41e","sellTxId":"fea55a0803612159d7f8124f2fb2f635ca5acc75"}
{"index": {"_index":"leo","_id":"4049976"}}
	{"id":4049976,"type":"buy","buyer":"globalcurrencies","seller":"leomaker","symbol":"LEO","quantity":"322.019","price":"0.12095000","timestamp":1659409362,"volume":"38.94819805","buyTxId":"cc4548a0478d2a976ca56572498cdd7dca7bf41e","sellTxId":"9ecb905a34ac63b3234a8bbe5db527925c430c4f"}
{"index": {"_index":"leo","_id":"4049994"}}
	{"id":4049994,"type":"buy","buyer":"alexicp","seller":"leomaker","symbol":"LEO","quantity":"317.101","price":"0.12095000","timestamp":1659409641,"volume":"38.35336595","buyTxId":"8f0106fd5178efff9c296180652a47973212c772","sellTxId":"9ecb905a34ac63b3234a8bbe5db527925c430c4f"}
{"index": {"_index":"leo","_id":"4049995"}}
