{"index": {"_index":"leo","_id":"3457964"}}
	{"id":3457964,"type":"buy","buyer":"evernoticethat","seller":"leomaker","symbol":"LEO","quantity":"0.481","price":"0.17706000","timestamp":1652841207,"volume":"0.08516586","buyTxId":"c43339832446ed1ba59903d4b5851c250a2fcf40","sellTxId":"b8be01e5d31510f3d8897fd4ae84935270fd22a3"}
{"index": {"_index":"leo","_id":"3457965"}}
	{"id":3457965,"type":"buy","buyer":"evernoticethat","seller":"ricksens85","symbol":"LEO","quantity":"3.549","price":"0.17706076","timestamp":1652841207,"volume":"0.62841631","buyTxId":"c43339832446ed1ba59903d4b5851c250a2fcf40","sellTxId":"c766f31c4d0f50130b29998580905c0fdd579120"}
{"index": {"_index":"leo","_id":"3458011"}}
	{"id":3458011,"type":"sell","buyer":"leomaker","seller":"zakludick","symbol":"LEO","quantity":"0.501","price":"0.16600200","timestamp":1652841684,"volume":"0.08316700","buyTxId":"6cafc95f4852af18ab32b6c30fcb24af4eea210d","sellTxId":"6e21c239ef282cfb3ab965feff9c3c908aa6c4b7"}
{"index": {"_index":"leo","_id":"3458146"}}
	{"id":3458146,"type":"buy","buyer":"bhattg","seller":"leomaker","symbol":"LEO","quantity":"0.469","price":"0.17705900","timestamp":1652842470,"volume":"0.08304067","buyTxId":"15e17a71bdc88cc3719e03bf7c2078a3e8b78688","sellTxId":"33e0495ad2a81e3e61da985bca27ff121ddefbd0"}
{"index": {"_index":"leo","_id":"3458147"}}
	{"id":3458147,"type":"sell","buyer":"bhattg","seller":"svirus","symbol":"LEO","quantity":"19.530","price":"0.17705900","timestamp":1652842473,"volume":"3.45796227","buyTxId":"15e17a71bdc88cc3719e03bf7c2078a3e8b78688","sellTxId":"caeab206b3954b72c78a7dae1f72b5392415c105-1"}
{"index": {"_index":"leo","_id":"3458148"}}
	{"id":3458148,"type":"sell","buyer":"bhattg","seller":"konvik","symbol":"LEO","quantity":"0.001","price":"0.17705900","timestamp":1652842473,"volume":"0.00017706","buyTxId":"15e17a71bdc88cc3719e03bf7c2078a3e8b78688","sellTxId":"b9f03b0264331b0226daf98c7a92019f5d2bdfeb-1"}
{"index": {"_index":"leo","_id":"3458221"}}
	{"id":3458221,"type":"sell","buyer":"leomaker","seller":"phoenixonhive","symbol":"LEO","quantity":"0.517","price":"0.16600200","timestamp":1652843232,"volume":"0.08582303","buyTxId":"95525e7923de050162a0da89a17a0c52ca8751a5","sellTxId":"57d3de0cfa6aa531b1ffac2a5d22d84c1e9f3c77"}
{"index": {"_index":"leo","_id":"3458222"}}
	{"id":3458222,"type":"sell","buyer":"pi-trader","seller":"phoenixonhive","symbol":"LEO","quantity":"203.584","price":"0.16600021","timestamp":1652843232,"volume":"33.79498675","buyTxId":"5d466e3ec0ec6fc825029d04f8a1258030704471-2","sellTxId":"57d3de0cfa6aa531b1ffac2a5d22d84c1e9f3c77"}
{"index": {"_index":"leo","_id":"3458414"}}
	{"id":3458414,"type":"sell","buyer":"leomaker","seller":"microbot","symbol":"LEO","quantity":"0.197","price":"0.16600200","timestamp":1652845110,"volume":"0.03270239","buyTxId":"379031ad23871e6645862730ca0819c2c1b8fdeb","sellTxId":"9ebfb3564021d068832f8d2b22f2e62fb9949902"}
{"index": {"_index":"leo","_id":"3458416"}}
	{"id":3458416,"type":"sell","buyer":"leomaker","seller":"isnochys","symbol":"LEO","quantity":"0.199","price":"0.16600200","timestamp":1652845122,"volume":"0.03303440","buyTxId":"379031ad23871e6645862730ca0819c2c1b8fdeb","sellTxId":"52e8981160dd09208e9b6586805470e6ecdf336f"}
{"index": {"_index":"leo","_id":"3458428"}}
	{"id":3458428,"type":"sell","buyer":"leomaker","seller":"grand.strategy","symbol":"LEO","quantity":"0.122","price":"0.16600200","timestamp":1652845215,"volume":"0.02025224","buyTxId":"379031ad23871e6645862730ca0819c2c1b8fdeb","sellTxId":"e95de64ad79edb6a83ece304c08830f37b3403c8"}
{"index": {"_index":"leo","_id":"3458451"}}
	{"id":3458451,"type":"buy","buyer":"leomaker","seller":"grand.strategy","symbol":"LEO","quantity":"0.075","price":"0.16600200","timestamp":1652845596,"volume":"0.01245015","buyTxId":"41810d2b0b059af0be191ef40e6484b48af37b0d","sellTxId":"e95de64ad79edb6a83ece304c08830f37b3403c8"}
{"index": {"_index":"leo","_id":"3458454"}}
	{"id":3458454,"type":"buy","buyer":"dkid14","seller":"leomaker","symbol":"LEO","quantity":"0.459","price":"0.17705600","timestamp":1652845647,"volume":"0.08126870","buyTxId":"4121374ae1dc12cebec45f76e432ba1552670be3","sellTxId":"9d7a5ef3ab40a5d2f1181a6dec453dcd6ca57792"}
{"index": {"_index":"leo","_id":"3458455"}}
	{"id":3458455,"type":"buy","buyer":"dkid14","seller":"pi-trader","symbol":"LEO","quantity":"74.989","price":"0.17705637","timestamp":1652845647,"volume":"13.27728013","buyTxId":"4121374ae1dc12cebec45f76e432ba1552670be3","sellTxId":"cc5495789cb6bde5cdfb8a380d52736aaf4262fa-5"}
{"index": {"_index":"leo","_id":"3458474"}}
	{"id":3458474,"type":"buy","buyer":"nathen007","seller":"pi-trader","symbol":"LEO","quantity":"16.530","price":"0.17705617","timestamp":1652845893,"volume":"2.92673849","buyTxId":"380eedd7e646982c68a48367696c91a7969af18c","sellTxId":"0b54b476c33c6e81da49ef415b84d24427f3cd4d-3"}
{"index": {"_index":"leo","_id":"3458528"}}
	{"id":3458528,"type":"buy","buyer":"timmy-turnip","seller":"leomaker","symbol":"LEO","quantity":"0.462","price":"0.17705500","timestamp":1652846574,"volume":"0.08179941","buyTxId":"eb94ed16235d318e8ed995498de338c96f35c701","sellTxId":"bbaa55c6d4d228df1c4705e0c9188a92243d1eb9"}
{"index": {"_index":"leo","_id":"3458529"}}
	{"id":3458529,"type":"buy","buyer":"timmy-turnip","seller":"pi-trader","symbol":"LEO","quantity":"2.393","price":"0.17705549","timestamp":1652846574,"volume":"0.42376999","buyTxId":"eb94ed16235d318e8ed995498de338c96f35c701","sellTxId":"73ba5ddbb0e984366b705c3386d7e813efd862c7-3"}
{"index": {"_index":"leo","_id":"3458600"}}
	{"id":3458600,"type":"buy","buyer":"timmy-turnip","seller":"leomaker","symbol":"LEO","quantity":"0.450","price":"0.17705400","timestamp":1652847687,"volume":"0.07967430","buyTxId":"f10c82691df86f9270f5f6dd9e5d9116ad467b03","sellTxId":"4d022a8069e8c7658dafd7746f8ba7a70e5670be"}
{"index": {"_index":"leo","_id":"3458601"}}
	{"id":3458601,"type":"buy","buyer":"timmy-turnip","seller":"pi-trader","symbol":"LEO","quantity":"54.278","price":"0.17705452","timestamp":1652847687,"volume":"9.61032873","buyTxId":"f10c82691df86f9270f5f6dd9e5d9116ad467b03","sellTxId":"ebe41649172c253204767b065d0167ff347a8455-4"}
{"index": {"_index":"leo","_id":"3458817"}}
	{"id":3458817,"type":"buy","buyer":"cassillas5553","seller":"leomaker","symbol":"LEO","quantity":"0.426","price":"0.17705200","timestamp":1652849841,"volume":"0.07542415","buyTxId":"6dcfe4f26189bb8d0c31c93703b45c055afa7943","sellTxId":"147c7746cc32f63e96f713c18875e68f5b045986"}
{"index": {"_index":"leo","_id":"3458818"}}
	{"id":3458818,"type":"buy","buyer":"cassillas5553","seller":"pi-trader","symbol":"LEO","quantity":"14.089","price":"0.17705247","timestamp":1652849841,"volume":"2.49457585","buyTxId":"6dcfe4f26189bb8d0c31c93703b45c055afa7943","sellTxId":"b678f16384b051032a91bac0fc0da0dcfd9449e7-3"}
{"index": {"_index":"leo","_id":"3458942"}}
	{"id":3458942,"type":"sell","buyer":"leomaker","seller":"razam","symbol":"LEO","quantity":"0.436","price":"0.16600200","timestamp":1652851980,"volume":"0.07237687","buyTxId":"41810d2b0b059af0be191ef40e6484b48af37b0d","sellTxId":"1e133626f35b41ab634b2e74c6793fd5fca72e09"}
{"index": {"_index":"leo","_id":"3458946"}}
	{"id":3458946,"type":"buy","buyer":"leomaker","seller":"razam","symbol":"LEO","quantity":"0.149","price":"0.16600200","timestamp":1652852082,"volume":"0.02473430","buyTxId":"d006eb068136eb11508aa269e61ca1f45a02a2c2","sellTxId":"1e133626f35b41ab634b2e74c6793fd5fca72e09"}
{"index": {"_index":"leo","_id":"3458981"}}
	{"id":3458981,"type":"sell","buyer":"leomaker","seller":"lichtblick","symbol":"LEO","quantity":"0.388","price":"0.16600200","timestamp":1652852511,"volume":"0.06440877","buyTxId":"d006eb068136eb11508aa269e61ca1f45a02a2c2","sellTxId":"938c6a14a878fc323e6846f928e92734a9c972eb"}
{"index": {"_index":"leo","_id":"3458982"}}
	{"id":3458982,"type":"sell","buyer":"pi-trader","seller":"lichtblick","symbol":"LEO","quantity":"107.166","price":"0.16600011","timestamp":1652852511,"volume":"17.78956779","buyTxId":"0c5927fecc9c9be1aa0823fe9436e8284a557218-1","sellTxId":"938c6a14a878fc323e6846f928e92734a9c972eb"}
{"index": {"_index":"leo","_id":"3459065"}}
	{"id":3459065,"type":"sell","buyer":"leomaker","seller":"der-prophet","symbol":"LEO","quantity":"0.529","price":"0.16600200","timestamp":1652853579,"volume":"0.08781506","buyTxId":"898f186b53adb55d1589dd3e1caff883292c664d","sellTxId":"865a9af76c6e498aa3f2d1c5a4b09767af3abf64"}
{"index": {"_index":"leo","_id":"3459068"}}
	{"id":3459068,"type":"buy","buyer":"leomaker","seller":"der-prophet","symbol":"LEO","quantity":"0.521","price":"0.16600013","timestamp":1652853612,"volume":"0.08648607","buyTxId":"c6daaf9bc88f898054aeba26fd6f380d4dbbd036","sellTxId":"865a9af76c6e498aa3f2d1c5a4b09767af3abf64"}
{"index": {"_index":"leo","_id":"3459072"}}
	{"id":3459072,"type":"buy","buyer":"pjansen","seller":"der-prophet","symbol":"LEO","quantity":"12.799","price":"0.16600013","timestamp":1652853708,"volume":"2.12463566","buyTxId":"024e3713ae834c427836e13423716ad9a6edc95a","sellTxId":"865a9af76c6e498aa3f2d1c5a4b09767af3abf64"}
{"index": {"_index":"leo","_id":"3459073"}}
	{"id":3459073,"type":"buy","buyer":"pjansen","seller":"leomaker","symbol":"LEO","quantity":"0.030","price":"0.17704900","timestamp":1652853708,"volume":"0.00536434","buyTxId":"024e3713ae834c427836e13423716ad9a6edc95a","sellTxId":"8c0125d196121dea2ab060a3309c2ffdec0206ab"}
{"index": {"_index":"leo","_id":"3459205"}}
	{"id":3459205,"type":"sell","buyer":"leomaker","seller":"hiveupme","symbol":"LEO","quantity":"0.514","price":"0.16600200","timestamp":1652855442,"volume":"0.08532503","buyTxId":"a74514d2f84a72c68f2cc39af7897fdfa752d9c2","sellTxId":"5d5a147fc6aa7c04279f40fe18317faf971af834"}
{"index": {"_index":"leo","_id":"3459206"}}
	{"id":3459206,"type":"sell","buyer":"barmus81","seller":"hiveupme","symbol":"LEO","quantity":"0.013","price":"0.16600055","timestamp":1652855442,"volume":"0.00215801","buyTxId":"ca1257de5c60bdeec40c88388e7611afe58ecb83","sellTxId":"5d5a147fc6aa7c04279f40fe18317faf971af834"}
{"index": {"_index":"leo","_id":"3459243"}}
	{"id":3459243,"type":"buy","buyer":"buezor","seller":"leomaker","symbol":"LEO","quantity":"0.425","price":"0.17499800","timestamp":1652855931,"volume":"0.07437415","buyTxId":"041b8989563a17159919c6b6a78ee10a36352b72","sellTxId":"161923a2bac1d75a9bf57e4173c8c8027fb6a534"}
{"index": {"_index":"leo","_id":"3459244"}}
	{"id":3459244,"type":"buy","buyer":"buezor","seller":"hive-combine","symbol":"LEO","quantity":"0.129","price":"0.17499832","timestamp":1652855931,"volume":"0.02266717","buyTxId":"041b8989563a17159919c6b6a78ee10a36352b72","sellTxId":"f53f9a360cf20e600807019a3d859577c2447558"}
{"index": {"_index":"leo","_id":"3459396"}}
	{"id":3459396,"type":"sell","buyer":"leomaker","seller":"itharagaian","symbol":"LEO","quantity":"0.099","price":"0.16600300","timestamp":1652857878,"volume":"0.01643430","buyTxId":"e52e0b2e405ac0ee0aea31ed9d0143d8828f233b","sellTxId":"80038dc36159852dac1b0d43b14548807676c420"}
{"index": {"_index":"leo","_id":"3459533"}}
	{"id":3459533,"type":"sell","buyer":"leomaker","seller":"lionsuit","symbol":"LEO","quantity":"0.168","price":"0.16600300","timestamp":1652859699,"volume":"0.02788850","buyTxId":"e52e0b2e405ac0ee0aea31ed9d0143d8828f233b","sellTxId":"4130829cebbcd97fb961f961a86c5cdfcbb98f9b"}
{"index": {"_index":"leo","_id":"3459568"}}
	{"id":3459568,"type":"sell","buyer":"leomaker","seller":"zerace","symbol":"LEO","quantity":"0.240","price":"0.16600300","timestamp":1652860329,"volume":"0.03984072","buyTxId":"e52e0b2e405ac0ee0aea31ed9d0143d8828f233b","sellTxId":"55d9075ce9232a957d8d8500d031f0e25d861951"}
{"index": {"_index":"leo","_id":"3459569"}}
	{"id":3459569,"type":"sell","buyer":"pi-trader","seller":"zerace","symbol":"LEO","quantity":"300.000","price":"0.16600001","timestamp":1652860329,"volume":"49.80000300","buyTxId":"d7b784f76cfcc512f7e6a3afdc5c52826e18a7fe-1","sellTxId":"55d9075ce9232a957d8d8500d031f0e25d861951"}
{"index": {"_index":"leo","_id":"3459570"}}
	{"id":3459570,"type":"sell","buyer":"maxhustle","seller":"zerace","symbol":"LEO","quantity":"4.000","price":"0.16600000","timestamp":1652860329,"volume":"0.66400000","buyTxId":"cd264e4f5bd9b2f0e6c399021fc96fcab436949b","sellTxId":"55d9075ce9232a957d8d8500d031f0e25d861951"}
{"index": {"_index":"leo","_id":"3459571"}}
	{"id":3459571,"type":"buy","buyer":"barmus81","seller":"zerace","symbol":"LEO","quantity":"0.760","price":"0.16600000","timestamp":1652860335,"volume":"0.12616000","buyTxId":"0d16e0a63b92a4f4965a85e3edcc534758489570","sellTxId":"55d9075ce9232a957d8d8500d031f0e25d861951"}
{"index": {"_index":"leo","_id":"3459597"}}
	{"id":3459597,"type":"buy","buyer":"zerace","seller":"solovey6o2","symbol":"LEO","quantity":"296.918","price":"0.17000992","timestamp":1652860596,"volume":"50.47900543","buyTxId":"cdfccd49139d818e05de2f41e40a48e761c1af5f","sellTxId":"aafc2a8bc71cbcc89241fa261440d2a0fadaa92e"}
{"index": {"_index":"leo","_id":"3459598"}}
	{"id":3459598,"type":"buy","buyer":"zerace","seller":"hive-combine","symbol":"LEO","quantity":"376.000","price":"0.17000996","timestamp":1652860596,"volume":"63.92374496","buyTxId":"cdfccd49139d818e05de2f41e40a48e761c1af5f","sellTxId":"1dc6532067f16ea2da6cc6a5ac599376d2e98894"}
{"index": {"_index":"leo","_id":"3459599"}}
	{"id":3459599,"type":"buy","buyer":"zerace","seller":"hivemaker","symbol":"LEO","quantity":"331.488","price":"0.17000996","timestamp":1652860596,"volume":"56.35626162","buyTxId":"cdfccd49139d818e05de2f41e40a48e761c1af5f","sellTxId":"a3005790ed3a553130621a03c9debcfd2f5b9026"}
{"index": {"_index":"leo","_id":"3459600"}}
	{"id":3459600,"type":"buy","buyer":"zerace","seller":"ricksens85","symbol":"LEO","quantity":"408.331","price":"0.17000996","timestamp":1652860596,"volume":"69.42033698","buyTxId":"cdfccd49139d818e05de2f41e40a48e761c1af5f","sellTxId":"38e0e938082ffa2c6ed4af00d644fa10d4dffd7e"}
{"index": {"_index":"leo","_id":"3459601"}}
	{"id":3459601,"type":"buy","buyer":"zerace","seller":"rimosbot","symbol":"LEO","quantity":"347.139","price":"0.17000996","timestamp":1652860596,"volume":"59.01708750","buyTxId":"cdfccd49139d818e05de2f41e40a48e761c1af5f","sellTxId":"3af76c5a21f7f9d5a01a56df3e7125a9b7b4d5e4"}
{"index": {"_index":"leo","_id":"3459602"}}
	{"id":3459602,"type":"buy","buyer":"zerace","seller":"mazurbits","symbol":"LEO","quantity":"393.560","price":"0.17000996","timestamp":1652860596,"volume":"66.90911986","buyTxId":"cdfccd49139d818e05de2f41e40a48e761c1af5f","sellTxId":"c2b0d4aa6cde6305efd4adaaf6b607c3ca02574d"}
{"index": {"_index":"leo","_id":"3459603"}}
	{"id":3459603,"type":"sell","buyer":"zerace","seller":"leomaker","symbol":"LEO","quantity":"0.362","price":"0.17000996","timestamp":1652860599,"volume":"0.06154361","buyTxId":"cdfccd49139d818e05de2f41e40a48e761c1af5f","sellTxId":"ad17ee1afc502927197ad3f7d215effd448ca378"}
{"index": {"_index":"leo","_id":"3459610"}}
	{"id":3459610,"type":"buy","buyer":"zerace","seller":"zerace","symbol":"LEO","quantity":"10.000","price":"0.17001000","timestamp":1652860650,"volume":"1.70010000","buyTxId":"4203de5d95bf76a4a9feb602918b182806ea29be","sellTxId":"8a5aa6e72811dabe2a8d4f8551196f132aaabe11"}
{"index": {"_index":"leo","_id":"3459611"}}
	{"id":3459611,"type":"buy","buyer":"zerace","seller":"zerace","symbol":"LEO","quantity":"10.000","price":"0.17200000","timestamp":1652860650,"volume":"1.72000000","buyTxId":"4203de5d95bf76a4a9feb602918b182806ea29be","sellTxId":"a63781c1f756e4fc985ef8064db325aeeab24236"}
{"index": {"_index":"leo","_id":"3459612"}}
	{"id":3459612,"type":"buy","buyer":"zerace","seller":"leomaker","symbol":"LEO","quantity":"0.382","price":"0.17499300","timestamp":1652860650,"volume":"0.06684733","buyTxId":"4203de5d95bf76a4a9feb602918b182806ea29be","sellTxId":"70dbcde1bfe7ac09d7ecada1bfde153832459d32"}
{"index": {"_index":"leo","_id":"3459613"}}
	{"id":3459613,"type":"buy","buyer":"zerace","seller":"leomaker","symbol":"LEO","quantity":"0.387","price":"0.17499400","timestamp":1652860650,"volume":"0.06772268","buyTxId":"4203de5d95bf76a4a9feb602918b182806ea29be","sellTxId":"3ab9752e4f37b94c632138fd4d0e1c47e209bca5"}
{"index": {"_index":"leo","_id":"3459614"}}
	{"id":3459614,"type":"buy","buyer":"zerace","seller":"achim03.leo","symbol":"LEO","quantity":"155.564","price":"0.17499400","timestamp":1652860650,"volume":"27.22276662","buyTxId":"4203de5d95bf76a4a9feb602918b182806ea29be","sellTxId":"29e0e9405bc6ded9585b2b09645b529db1da89c1"}
{"index": {"_index":"leo","_id":"3459615"}}
	{"id":3459615,"type":"buy","buyer":"zerace","seller":"achim03","symbol":"LEO","quantity":"15.356","price":"0.17499494","timestamp":1652860650,"volume":"2.68722230","buyTxId":"4203de5d95bf76a4a9feb602918b182806ea29be","sellTxId":"60fedcd18951de079e687ecbba7493e85500b2e9"}
{"index": {"_index":"leo","_id":"3459616"}}
	{"id":3459616,"type":"buy","buyer":"zerace","seller":"leomaker","symbol":"LEO","quantity":"0.397","price":"0.17499500","timestamp":1652860650,"volume":"0.06947302","buyTxId":"4203de5d95bf76a4a9feb602918b182806ea29be","sellTxId":"f3a167e4123245ec5067e8d1058a7979aaa4bfc6"}
{"index": {"_index":"leo","_id":"3459617"}}
	{"id":3459617,"type":"buy","buyer":"zerace","seller":"ctpsb","symbol":"LEO","quantity":"2.735","price":"0.17499500","timestamp":1652860650,"volume":"0.47861133","buyTxId":"4203de5d95bf76a4a9feb602918b182806ea29be","sellTxId":"4ffb4b6e71fdba1eecd384b30a949cec16b04262"}
{"index": {"_index":"leo","_id":"3459618"}}
	{"id":3459618,"type":"buy","buyer":"zerace","seller":"leomaker","symbol":"LEO","quantity":"0.405","price":"0.17499600","timestamp":1652860650,"volume":"0.07087338","buyTxId":"4203de5d95bf76a4a9feb602918b182806ea29be","sellTxId":"81aecaf165578135c23bdae3922cf90611e5c661"}
{"index": {"_index":"leo","_id":"3459619"}}
	{"id":3459619,"type":"buy","buyer":"zerace","seller":"leomaker","symbol":"LEO","quantity":"0.414","price":"0.17499700","timestamp":1652860650,"volume":"0.07244876","buyTxId":"4203de5d95bf76a4a9feb602918b182806ea29be","sellTxId":"e9111e459a6aac8581560fc687bff069d5fb4e05"}
{"index": {"_index":"leo","_id":"3459620"}}
	{"id":3459620,"type":"buy","buyer":"zerace","seller":"leomaker","symbol":"LEO","quantity":"0.423","price":"0.17499900","timestamp":1652860650,"volume":"0.07402458","buyTxId":"4203de5d95bf76a4a9feb602918b182806ea29be","sellTxId":"46546ffaec3316a522ac8931983884cb6cdc5882"}
{"index": {"_index":"leo","_id":"3459621"}}
	{"id":3459621,"type":"buy","buyer":"zerace","seller":"leveragetrading","symbol":"LEO","quantity":"29.657","price":"0.17500000","timestamp":1652860650,"volume":"5.18997500","buyTxId":"4203de5d95bf76a4a9feb602918b182806ea29be","sellTxId":"434c90f592e8093d4d4c9c954bdcdbf5dcee5885"}
{"index": {"_index":"leo","_id":"3459622"}}
	{"id":3459622,"type":"buy","buyer":"zerace","seller":"leomaker","symbol":"LEO","quantity":"0.434","price":"0.17704800","timestamp":1652860650,"volume":"0.07683883","buyTxId":"4203de5d95bf76a4a9feb602918b182806ea29be","sellTxId":"b31fe45b209ffed0ce56839dedcceec505874b37"}
{"index": {"_index":"leo","_id":"3459623"}}
	{"id":3459623,"type":"buy","buyer":"zerace","seller":"leomaker","symbol":"LEO","quantity":"0.389","price":"0.17704900","timestamp":1652860650,"volume":"0.06887206","buyTxId":"4203de5d95bf76a4a9feb602918b182806ea29be","sellTxId":"8c0125d196121dea2ab060a3309c2ffdec0206ab"}
{"index": {"_index":"leo","_id":"3459624"}}
	{"id":3459624,"type":"buy","buyer":"zerace","seller":"leomaker","symbol":"LEO","quantity":"0.406","price":"0.17705000","timestamp":1652860650,"volume":"0.07188230","buyTxId":"4203de5d95bf76a4a9feb602918b182806ea29be","sellTxId":"3d7d4584a552a89b3faafb1d7725946041a4d83f"}
{"index": {"_index":"leo","_id":"3459625"}}
	{"id":3459625,"type":"buy","buyer":"zerace","seller":"leomaker","symbol":"LEO","quantity":"0.416","price":"0.17705100","timestamp":1652860650,"volume":"0.07365322","buyTxId":"4203de5d95bf76a4a9feb602918b182806ea29be","sellTxId":"fc64e55ffe1c84241f62351d27ab9b4d594a5849"}
{"index": {"_index":"leo","_id":"3459626"}}
	{"id":3459626,"type":"buy","buyer":"zerace","seller":"leomaker","symbol":"LEO","quantity":"0.439","price":"0.17705300","timestamp":1652860650,"volume":"0.07772627","buyTxId":"4203de5d95bf76a4a9feb602918b182806ea29be","sellTxId":"09e19c1417a50644a047e07ded5796e3f1b65156"}
{"index": {"_index":"leo","_id":"3459627"}}
	{"id":3459627,"type":"sell","buyer":"zerace","seller":"konvik","symbol":"LEO","quantity":"22.196","price":"0.17705300","timestamp":1652860653,"volume":"3.92986839","buyTxId":"4203de5d95bf76a4a9feb602918b182806ea29be","sellTxId":"dd54d77cdd01f40788525cb230c3e758644cd03b-1"}
{"index": {"_index":"leo","_id":"3459629"}}
	{"id":3459629,"type":"buy","buyer":"zerace","seller":"leomaker","symbol":"LEO","quantity":"0.470","price":"0.17705700","timestamp":1652860680,"volume":"0.08321679","buyTxId":"9074651daf931d2823d6c5bd222cf74af9f96f26","sellTxId":"dbc6217a6a921fc5a86c28ffac944cd9770d0051"}
{"index": {"_index":"leo","_id":"3459630"}}
	{"id":3459630,"type":"buy","buyer":"zerace","seller":"leomaker","symbol":"LEO","quantity":"0.469","price":"0.17705800","timestamp":1652860680,"volume":"0.08304020","buyTxId":"9074651daf931d2823d6c5bd222cf74af9f96f26","sellTxId":"27d742181d202c74f3292974c14c08b5efc6eb27"}
{"index": {"_index":"leo","_id":"3459631"}}
	{"id":3459631,"type":"buy","buyer":"zerace","seller":"leomaker","symbol":"LEO","quantity":"0.493","price":"0.17706100","timestamp":1652860680,"volume":"0.08729107","buyTxId":"9074651daf931d2823d6c5bd222cf74af9f96f26","sellTxId":"0ec8a04f80cf11958b1e641c48466f8de1c032d6"}
{"index": {"_index":"leo","_id":"3459632"}}
	{"id":3459632,"type":"buy","buyer":"zerace","seller":"leomaker","symbol":"LEO","quantity":"0.507","price":"0.17706200","timestamp":1652860680,"volume":"0.08977043","buyTxId":"9074651daf931d2823d6c5bd222cf74af9f96f26","sellTxId":"ef5cd9235916e293b86d8722f1ed160fe4f76519"}
{"index": {"_index":"leo","_id":"3459633"}}
	{"id":3459633,"type":"buy","buyer":"zerace","seller":"leomaker","symbol":"LEO","quantity":"0.520","price":"0.17706300","timestamp":1652860680,"volume":"0.09207276","buyTxId":"9074651daf931d2823d6c5bd222cf74af9f96f26","sellTxId":"062238a746ccf8204d19d8078b27f7ddb45936e8"}
{"index": {"_index":"leo","_id":"3459634"}}
	{"id":3459634,"type":"buy","buyer":"zerace","seller":"master-lamps","symbol":"LEO","quantity":"8.382","price":"0.17706300","timestamp":1652860680,"volume":"1.48414207","buyTxId":"9074651daf931d2823d6c5bd222cf74af9f96f26","sellTxId":"b294abe3c427ebff012ff7059762c995e21d22e0"}
{"index": {"_index":"leo","_id":"3459635"}}
	{"id":3459635,"type":"buy","buyer":"zerace","seller":"leomaker","symbol":"LEO","quantity":"0.534","price":"0.17706400","timestamp":1652860680,"volume":"0.09455218","buyTxId":"9074651daf931d2823d6c5bd222cf74af9f96f26","sellTxId":"4b4a563c0947e3579e43e8bb8495867fa7876784"}
{"index": {"_index":"leo","_id":"3459636"}}
	{"id":3459636,"type":"buy","buyer":"zerace","seller":"leomaker","symbol":"LEO","quantity":"0.562","price":"0.17706600","timestamp":1652860680,"volume":"0.09951109","buyTxId":"9074651daf931d2823d6c5bd222cf74af9f96f26","sellTxId":"74174c9285bab04aeb04c9daa64365ede4be7b9f"}
{"index": {"_index":"leo","_id":"3459637"}}
	{"id":3459637,"type":"buy","buyer":"zerace","seller":"leomaker","symbol":"LEO","quantity":"0.575","price":"0.17706800","timestamp":1652860680,"volume":"0.10181410","buyTxId":"9074651daf931d2823d6c5bd222cf74af9f96f26","sellTxId":"58e28da68963ee71ddf425bc46cf7c6d79b6c0ec"}
{"index": {"_index":"leo","_id":"3459638"}}
	{"id":3459638,"type":"buy","buyer":"zerace","seller":"leomaker","symbol":"LEO","quantity":"0.590","price":"0.17706900","timestamp":1652860680,"volume":"0.10447071","buyTxId":"9074651daf931d2823d6c5bd222cf74af9f96f26","sellTxId":"382a85a51e474060ef1280d8b50952525c616eb3"}
{"index": {"_index":"leo","_id":"3459639"}}
	{"id":3459639,"type":"buy","buyer":"zerace","seller":"leomaker","symbol":"LEO","quantity":"0.605","price":"0.17707000","timestamp":1652860680,"volume":"0.10712735","buyTxId":"9074651daf931d2823d6c5bd222cf74af9f96f26","sellTxId":"18ac2f0b955b21527623e24d09b214b4bc673511"}
{"index": {"_index":"leo","_id":"3459640"}}
	{"id":3459640,"type":"buy","buyer":"zerace","seller":"leomaker","symbol":"LEO","quantity":"0.621","price":"0.17707200","timestamp":1652860680,"volume":"0.10996171","buyTxId":"9074651daf931d2823d6c5bd222cf74af9f96f26","sellTxId":"4adf2c566e84fafce664238e1b09e23c75b639dc"}
{"index": {"_index":"leo","_id":"3459641"}}
	{"id":3459641,"type":"buy","buyer":"zerace","seller":"leomaker","symbol":"LEO","quantity":"0.638","price":"0.17707300","timestamp":1652860680,"volume":"0.11297257","buyTxId":"9074651daf931d2823d6c5bd222cf74af9f96f26","sellTxId":"10d148daf152179f773fca838b58b09a4e1dc42a"}
{"index": {"_index":"leo","_id":"3459642"}}
	{"id":3459642,"type":"buy","buyer":"zerace","seller":"leomaker","symbol":"LEO","quantity":"0.642","price":"0.17707400","timestamp":1652860680,"volume":"0.11368151","buyTxId":"9074651daf931d2823d6c5bd222cf74af9f96f26","sellTxId":"9db7156fce6ce838d417da27687eb9d5a7e5f788"}
{"index": {"_index":"leo","_id":"3459643"}}
	{"id":3459643,"type":"buy","buyer":"zerace","seller":"leomaker","symbol":"LEO","quantity":"0.645","price":"0.17707500","timestamp":1652860680,"volume":"0.11421338","buyTxId":"9074651daf931d2823d6c5bd222cf74af9f96f26","sellTxId":"f1783b4871c85baac72367364c158920d9b2299d"}
{"index": {"_index":"leo","_id":"3459644"}}
	{"id":3459644,"type":"sell","buyer":"zerace","seller":"pi-trader","symbol":"LEO","quantity":"3.747","price":"0.17707500","timestamp":1652860683,"volume":"0.66350003","buyTxId":"9074651daf931d2823d6c5bd222cf74af9f96f26","sellTxId":"d82bb128361aca6c889ae55089015619a2f8e608-2"}
{"index": {"_index":"leo","_id":"3459684"}}
	{"id":3459684,"type":"sell","buyer":"solovey6o2","seller":"nonsowrites","symbol":"LEO","quantity":"10.967","price":"0.17200008","timestamp":1652861004,"volume":"1.88632488","buyTxId":"1d155feaeff4290eb5bb816802d7d77e74162bd2","sellTxId":"bb034eac84e60a8cfa7ce507765e9168029482e6"}
{"index": {"_index":"leo","_id":"3459702"}}
	{"id":3459702,"type":"sell","buyer":"hive-combine","seller":"konvik","symbol":"LEO","quantity":"393.181","price":"0.17400004","timestamp":1652861097,"volume":"68.41350973","buyTxId":"0d4168d92dd8ad521725a7f3e22eabf5aa18f54a","sellTxId":"529a015c109fdc7fc349f87237c91d03c853f3b3-1"}
{"index": {"_index":"leo","_id":"3459703"}}
	{"id":3459703,"type":"sell","buyer":"zerace","seller":"konvik","symbol":"LEO","quantity":"9.598","price":"0.17400000","timestamp":1652861097,"volume":"1.67005200","buyTxId":"4a1422847a6ad209fe804d527accfc3d602546cd","sellTxId":"529a015c109fdc7fc349f87237c91d03c853f3b3-1"}
{"index": {"_index":"leo","_id":"3459705"}}
	{"id":3459705,"type":"sell","buyer":"hivemaker","seller":"svirus","symbol":"LEO","quantity":"332.121","price":"0.17400004","timestamp":1652861106,"volume":"57.78906728","buyTxId":"a80730fe76c7d9da2ae10cf1e16644fdd847b443","sellTxId":"e9334e477f9548ed824e999845a8e570e7e81144-1"}
{"index": {"_index":"leo","_id":"3459706"}}
	{"id":3459706,"type":"sell","buyer":"solovey6o2","seller":"svirus","symbol":"LEO","quantity":"23.309","price":"0.17400004","timestamp":1652861106,"volume":"4.05576693","buyTxId":"3ea0041ef155038515917cccc75aa6b62d9bf459","sellTxId":"e9334e477f9548ed824e999845a8e570e7e81144-1"}
{"index": {"_index":"leo","_id":"3459731"}}
	{"id":3459731,"type":"sell","buyer":"mazurbits","seller":"zerace","symbol":"LEO","quantity":"395.712","price":"0.17401004","timestamp":1652861292,"volume":"68.85786095","buyTxId":"4661b5f91e3c694575ddf5dd6b6cd3c7f5c43ee0","sellTxId":"3060165e8cdb2e1eeb74329119f6e62d3e5a52f8"}
{"index": {"_index":"leo","_id":"3459734"}}
	{"id":3459734,"type":"sell","buyer":"rimosbot","seller":"zerace","symbol":"LEO","quantity":"346.222","price":"0.17401004","timestamp":1652861316,"volume":"60.24610407","buyTxId":"f03db948628aab90341cb4875a45b675711f4529","sellTxId":"4d5856c0bdeb67f4797493c90278a38920422d6f"}
{"index": {"_index":"leo","_id":"3459738"}}
	{"id":3459738,"type":"sell","buyer":"barmus81","seller":"zerace","symbol":"LEO","quantity":"297.050","price":"0.17401004","timestamp":1652861337,"volume":"51.68968238","buyTxId":"d8e8ec1af98544e4fa38c62b4132301b894c9a32","sellTxId":"cdd68ce85e300b6abaccd077d467bf5c2dcc07f7"}
{"index": {"_index":"leo","_id":"3459741"}}
	{"id":3459741,"type":"sell","buyer":"ricksens85","seller":"zerace","symbol":"LEO","quantity":"412.439","price":"0.17401004","timestamp":1652861361,"volume":"71.76852689","buyTxId":"04e0983eca83c4937dbb1401807ff2154a596559","sellTxId":"df49f4dbf30a14821ddefc0ed5b07d55b66a79f9"}
{"index": {"_index":"leo","_id":"3459757"}}
	{"id":3459757,"type":"sell","buyer":"zerace","seller":"zerace","symbol":"LEO","quantity":"10.000","price":"0.17401000","timestamp":1652861514,"volume":"1.74010000","buyTxId":"95596328e666a3fed7e545a96677078795d3c9a1","sellTxId":"6adf5d4ba2c63c5d19531709f62dbf8f7997da56"}
{"index": {"_index":"leo","_id":"3459758"}}
	{"id":3459758,"type":"sell","buyer":"zerace","seller":"zerace","symbol":"LEO","quantity":"0.402","price":"0.17400000","timestamp":1652861514,"volume":"0.06994800","buyTxId":"4a1422847a6ad209fe804d527accfc3d602546cd","sellTxId":"6adf5d4ba2c63c5d19531709f62dbf8f7997da56"}
{"index": {"_index":"leo","_id":"3459759"}}
	{"id":3459759,"type":"sell","buyer":"zerace","seller":"zerace","symbol":"LEO","quantity":"10.000","price":"0.17400000","timestamp":1652861514,"volume":"1.74000000","buyTxId":"74c12966c476461137fb446dda2ad9f1d66d7510","sellTxId":"6adf5d4ba2c63c5d19531709f62dbf8f7997da56"}
{"index": {"_index":"leo","_id":"3459760"}}
	{"id":3459760,"type":"sell","buyer":"zerace","seller":"zerace","symbol":"LEO","quantity":"10.000","price":"0.17200000","timestamp":1652861514,"volume":"1.72000000","buyTxId":"983ec2e830ab00ab23d1072de31da26a966ac040","sellTxId":"6adf5d4ba2c63c5d19531709f62dbf8f7997da56"}
{"index": {"_index":"leo","_id":"3459761"}}
	{"id":3459761,"type":"sell","buyer":"zerace","seller":"zerace","symbol":"LEO","quantity":"46.202","price":"0.17000996","timestamp":1652861514,"volume":"7.85480017","buyTxId":"cdfccd49139d818e05de2f41e40a48e761c1af5f","sellTxId":"6adf5d4ba2c63c5d19531709f62dbf8f7997da56"}
{"index": {"_index":"leo","_id":"3459762"}}
	{"id":3459762,"type":"buy","buyer":"konvik","seller":"zerace","symbol":"LEO","quantity":"373.396","price":"0.17000996","timestamp":1652861517,"volume":"63.48103902","buyTxId":"667ee1aead0cacffce01ffbb3c8561e0b8832d97-0","sellTxId":"6adf5d4ba2c63c5d19531709f62dbf8f7997da56"}
{"index": {"_index":"leo","_id":"3459800"}}
	{"id":3459800,"type":"buy","buyer":"konvik","seller":"zerace","symbol":"LEO","quantity":"0.100","price":"0.17000000","timestamp":1652861721,"volume":"0.01700000","buyTxId":"4b55dbd2925971ae40c97181cde3f09f7942de27-0","sellTxId":"733e2e3bf2621f3ddb51f77f256e9c27094b42c1"}
{"index": {"_index":"leo","_id":"3459801"}}
	{"id":3459801,"type":"buy","buyer":"konvik","seller":"zerace","symbol":"LEO","quantity":"100.000","price":"0.17010000","timestamp":1652861721,"volume":"17.01000000","buyTxId":"4b55dbd2925971ae40c97181cde3f09f7942de27-0","sellTxId":"5b424667af09450bbc823819cb9b0ae13311b4db"}
{"index": {"_index":"leo","_id":"3459805"}}
	{"id":3459805,"type":"buy","buyer":"konvik","seller":"zerace","symbol":"LEO","quantity":"10.000","price":"0.16800000","timestamp":1652861823,"volume":"1.68000000","buyTxId":"15deb0b21c3819a0f8cd2e599c37e414fa3788f3-0","sellTxId":"678fd346b08427e878dccd8604aa5379c0944aeb"}
{"index": {"_index":"leo","_id":"3459806"}}
	{"id":3459806,"type":"buy","buyer":"konvik","seller":"zerace","symbol":"LEO","quantity":"10.000","price":"0.16900000","timestamp":1652861823,"volume":"1.69000000","buyTxId":"15deb0b21c3819a0f8cd2e599c37e414fa3788f3-0","sellTxId":"776ff89fedc697ce65896cf4b13819db1be0e741"}
{"index": {"_index":"leo","_id":"3459807"}}
	{"id":3459807,"type":"buy","buyer":"konvik","seller":"zerace","symbol":"LEO","quantity":"10.000","price":"0.17000000","timestamp":1652861823,"volume":"1.70000000","buyTxId":"15deb0b21c3819a0f8cd2e599c37e414fa3788f3-0","sellTxId":"3941e7b58f03ff293440c0f384da4d59c1a3a79f"}
{"index": {"_index":"leo","_id":"3459808"}}
	{"id":3459808,"type":"buy","buyer":"konvik","seller":"rimosbot","symbol":"LEO","quantity":"346.221","price":"0.16799996","timestamp":1652861829,"volume":"58.16511415","buyTxId":"895bca5ab838ece9e44d3233e44e6e4be4159f90-0","sellTxId":"cc017eff2ba9e54fc92bfdeaa056cab02e6784ac"}
{"index": {"_index":"leo","_id":"3459817"}}
	{"id":3459817,"type":"buy","buyer":"konvik","seller":"ricksens85","symbol":"LEO","quantity":"412.439","price":"0.16900996","timestamp":1652861940,"volume":"69.70629889","buyTxId":"4cf22d7e3c02ac9318d515cc6322d4069f7bc7eb-0","sellTxId":"db652deb5c63ed8708b58612756aed8502af3e77"}
{"index": {"_index":"leo","_id":"3459818"}}
	{"id":3459818,"type":"buy","buyer":"konvik","seller":"zerace","symbol":"LEO","quantity":"10.000","price":"0.16901000","timestamp":1652861940,"volume":"1.69010000","buyTxId":"4cf22d7e3c02ac9318d515cc6322d4069f7bc7eb-0","sellTxId":"6e67a9aebe5cdc9e06e56f70f2918d1381664a02"}
{"index": {"_index":"leo","_id":"3459819"}}
	{"id":3459819,"type":"buy","buyer":"konvik","seller":"zerace","symbol":"LEO","quantity":"10.000","price":"0.17000000","timestamp":1652861940,"volume":"1.70000000","buyTxId":"4cf22d7e3c02ac9318d515cc6322d4069f7bc7eb-0","sellTxId":"41ecbf50d89df90ebcad46aa500b568d8063adf5"}
{"index": {"_index":"leo","_id":"3459848"}}
	{"id":3459848,"type":"buy","buyer":"zerace","seller":"mazurbits","symbol":"LEO","quantity":"395.711","price":"0.17009996","timestamp":1652862231,"volume":"67.31042527","buyTxId":"afcbaaf16bd5ad12190a1c568002bbcf2167d445","sellTxId":"ab895a193d5aafbc2ba6bdc9960c758af02800d2"}
{"index": {"_index":"leo","_id":"3459849"}}
	{"id":3459849,"type":"buy","buyer":"zerace","seller":"barmus81","symbol":"LEO","quantity":"300.954","price":"0.17009996","timestamp":1652862231,"volume":"51.19226336","buyTxId":"afcbaaf16bd5ad12190a1c568002bbcf2167d445","sellTxId":"1ee5730771b2276e1b7e826c25f3835c36150486"}
{"index": {"_index":"leo","_id":"3459850"}}
	{"id":3459850,"type":"buy","buyer":"zerace","seller":"hivemaker","symbol":"LEO","quantity":"332.122","price":"0.17009996","timestamp":1652862231,"volume":"56.49393892","buyTxId":"afcbaaf16bd5ad12190a1c568002bbcf2167d445","sellTxId":"00038a9a8a0536ba7008febc0be4801d15d9de2c"}
{"index": {"_index":"leo","_id":"3459851"}}
	{"id":3459851,"type":"buy","buyer":"zerace","seller":"hive-combine","symbol":"LEO","quantity":"393.182","price":"0.17009996","timestamp":1652862231,"volume":"66.88024247","buyTxId":"afcbaaf16bd5ad12190a1c568002bbcf2167d445","sellTxId":"2675b775b7dd8673005c3aa52068047c4a162d7d"}
{"index": {"_index":"leo","_id":"3459857"}}
	{"id":3459857,"type":"buy","buyer":"zerace","seller":"solovey6o2","symbol":"LEO","quantity":"34.276","price":"0.17009992","timestamp":1652862279,"volume":"5.83034486","buyTxId":"0297e81fe12918936d7613dbc50541703c4eb57d","sellTxId":"9e1cf855879d7aa4dc6680bea6dbc050370ec8f3"}
{"index": {"_index":"leo","_id":"3459873"}}
	{"id":3459873,"type":"buy","buyer":"zerace","seller":"leomaker","symbol":"LEO","quantity":"0.354","price":"0.17399900","timestamp":1652862441,"volume":"0.06159565","buyTxId":"1cbb72e2ff9b2d7e2fcd19054fd52514c9a6ee60","sellTxId":"eeeefa6ea2f979e77069f01d9bb4158d1ba44736"}
{"index": {"_index":"leo","_id":"3459874"}}
	{"id":3459874,"type":"sell","buyer":"zerace","seller":"konvik","symbol":"LEO","quantity":"100.546","price":"0.17400000","timestamp":1652862444,"volume":"17.49500400","buyTxId":"1cbb72e2ff9b2d7e2fcd19054fd52514c9a6ee60","sellTxId":"dc7c18a920d09ad3992b975313b794201c5fb90e-1"}
{"index": {"_index":"leo","_id":"3459878"}}
	{"id":3459878,"type":"buy","buyer":"zerace","seller":"pi-trader","symbol":"LEO","quantity":"100.000","price":"0.17707599","timestamp":1652862474,"volume":"17.70759900","buyTxId":"67e89fc4297407a2c6fe47f24a48d37747c528e7","sellTxId":"458c41bfa419fede732d0502300a8b6e89cd3022-2"}
{"index": {"_index":"leo","_id":"3459879"}}
	{"id":3459879,"type":"buy","buyer":"zerace","seller":"leomaker","symbol":"LEO","quantity":"0.662","price":"0.17707600","timestamp":1652862474,"volume":"0.11722431","buyTxId":"67e89fc4297407a2c6fe47f24a48d37747c528e7","sellTxId":"8e0ec1b532057e3865f389aad92c8f29234f376a"}
{"index": {"_index":"leo","_id":"3459880"}}
	{"id":3459880,"type":"buy","buyer":"zerace","seller":"leomaker","symbol":"LEO","quantity":"0.679","price":"0.17817700","timestamp":1652862474,"volume":"0.12098218","buyTxId":"67e89fc4297407a2c6fe47f24a48d37747c528e7","sellTxId":"f8d7a009b2b7bd577e54f8607ff466f235b0410c"}
{"index": {"_index":"leo","_id":"3459881"}}
	{"id":3459881,"type":"buy","buyer":"zerace","seller":"leomaker","symbol":"LEO","quantity":"0.696","price":"0.17817800","timestamp":1652862474,"volume":"0.12401189","buyTxId":"67e89fc4297407a2c6fe47f24a48d37747c528e7","sellTxId":"e39cecced13b70b9d3f430557da5a6766fe0fa2f"}
{"index": {"_index":"leo","_id":"3459882"}}
	{"id":3459882,"type":"buy","buyer":"zerace","seller":"leomaker","symbol":"LEO","quantity":"0.714","price":"0.17817900","timestamp":1652862474,"volume":"0.12721981","buyTxId":"67e89fc4297407a2c6fe47f24a48d37747c528e7","sellTxId":"8eeab0449d0c33ce08f852738de1a72796e7437d"}
{"index": {"_index":"leo","_id":"3459883"}}
	{"id":3459883,"type":"buy","buyer":"zerace","seller":"leomaker","symbol":"LEO","quantity":"0.703","price":"0.17818000","timestamp":1652862474,"volume":"0.12526054","buyTxId":"67e89fc4297407a2c6fe47f24a48d37747c528e7","sellTxId":"53ac8e77e92bb6fb4aa9dd6f149e5772e00b525d"}
{"index": {"_index":"leo","_id":"3459884"}}
	{"id":3459884,"type":"buy","buyer":"zerace","seller":"leomaker","symbol":"LEO","quantity":"0.720","price":"0.17818100","timestamp":1652862474,"volume":"0.12829032","buyTxId":"67e89fc4297407a2c6fe47f24a48d37747c528e7","sellTxId":"e9b12be3e2de5cd9fa94ea27d86c1fc5a6d7aabe"}
{"index": {"_index":"leo","_id":"3459885"}}
	{"id":3459885,"type":"buy","buyer":"zerace","seller":"leomaker","symbol":"LEO","quantity":"0.738","price":"0.17818200","timestamp":1652862474,"volume":"0.13149832","buyTxId":"67e89fc4297407a2c6fe47f24a48d37747c528e7","sellTxId":"ca531282e78f7fdf63cbb571d5c8d7924b753611"}
{"index": {"_index":"leo","_id":"3459886"}}
	{"id":3459886,"type":"buy","buyer":"zerace","seller":"leomaker","symbol":"LEO","quantity":"0.757","price":"0.17818300","timestamp":1652862474,"volume":"0.13488453","buyTxId":"67e89fc4297407a2c6fe47f24a48d37747c528e7","sellTxId":"32e46669bafcfae82702c11396eb26b8f1ab67d8"}
{"index": {"_index":"leo","_id":"3459887"}}
	{"id":3459887,"type":"buy","buyer":"zerace","seller":"leomaker","symbol":"LEO","quantity":"0.776","price":"0.17818400","timestamp":1652862474,"volume":"0.13827078","buyTxId":"67e89fc4297407a2c6fe47f24a48d37747c528e7","sellTxId":"5b9e35834ecf02323a6f0075ca485635c5d54d3c"}
{"index": {"_index":"leo","_id":"3459888"}}
	{"id":3459888,"type":"buy","buyer":"zerace","seller":"leomaker","symbol":"LEO","quantity":"0.793","price":"0.17818500","timestamp":1652862474,"volume":"0.14130071","buyTxId":"67e89fc4297407a2c6fe47f24a48d37747c528e7","sellTxId":"9499c4505ac5d73a50382520ebe5ba747454b14a"}
{"index": {"_index":"leo","_id":"3459889"}}
	{"id":3459889,"type":"buy","buyer":"zerace","seller":"leomaker","symbol":"LEO","quantity":"0.798","price":"0.17818600","timestamp":1652862474,"volume":"0.14219243","buyTxId":"67e89fc4297407a2c6fe47f24a48d37747c528e7","sellTxId":"bfce0c25932f25ffa13db969cd0d3f0d6c5c8016"}
{"index": {"_index":"leo","_id":"3459890"}}
	{"id":3459890,"type":"buy","buyer":"zerace","seller":"leomaker","symbol":"LEO","quantity":"0.817","price":"0.17818700","timestamp":1652862474,"volume":"0.14557878","buyTxId":"67e89fc4297407a2c6fe47f24a48d37747c528e7","sellTxId":"21d18fd383fa04f7fae891858a7ce1100fa9007c"}
{"index": {"_index":"leo","_id":"3459891"}}
	{"id":3459891,"type":"buy","buyer":"zerace","seller":"leomaker","symbol":"LEO","quantity":"0.838","price":"0.17818800","timestamp":1652862474,"volume":"0.14932154","buyTxId":"67e89fc4297407a2c6fe47f24a48d37747c528e7","sellTxId":"c67fd4864f0db9ae8d7bd38a9e12aa91f08b2271"}
{"index": {"_index":"leo","_id":"3459892"}}
	{"id":3459892,"type":"buy","buyer":"zerace","seller":"leomaker","symbol":"LEO","quantity":"0.767","price":"0.17818900","timestamp":1652862474,"volume":"0.13667096","buyTxId":"67e89fc4297407a2c6fe47f24a48d37747c528e7","sellTxId":"1cdb7ce8b533c82f6123bdf6d38828e5a90673d1"}
{"index": {"_index":"leo","_id":"3459893"}}
	{"id":3459893,"type":"buy","buyer":"zerace","seller":"leomaker","symbol":"LEO","quantity":"0.851","price":"0.17819000","timestamp":1652862474,"volume":"0.15163969","buyTxId":"67e89fc4297407a2c6fe47f24a48d37747c528e7","sellTxId":"76684997881d8c313555f99b5461da6210d6362b"}
{"index": {"_index":"leo","_id":"3459894"}}
	{"id":3459894,"type":"buy","buyer":"zerace","seller":"pfwaus","symbol":"LEO","quantity":"0.985","price":"0.17819074","timestamp":1652862474,"volume":"0.17551788","buyTxId":"67e89fc4297407a2c6fe47f24a48d37747c528e7","sellTxId":"917c04a9029a0799044b367a7c2bae9d0dd62a94"}
{"index": {"_index":"leo","_id":"3459895"}}
	{"id":3459895,"type":"buy","buyer":"zerace","seller":"leomaker","symbol":"LEO","quantity":"0.873","price":"0.17819100","timestamp":1652862474,"volume":"0.15556074","buyTxId":"67e89fc4297407a2c6fe47f24a48d37747c528e7","sellTxId":"a0559ff2b5d0d9b41084fbc89cd202a4bdc1aa8f"}
{"index": {"_index":"leo","_id":"3459896"}}
	{"id":3459896,"type":"buy","buyer":"zerace","seller":"leomaker","symbol":"LEO","quantity":"0.895","price":"0.17819200","timestamp":1652862474,"volume":"0.15948184","buyTxId":"67e89fc4297407a2c6fe47f24a48d37747c528e7","sellTxId":"5a959d2e6229b60fda8adff6d12774e956254651"}
{"index": {"_index":"leo","_id":"3459897"}}
	{"id":3459897,"type":"buy","buyer":"zerace","seller":"leomaker","symbol":"LEO","quantity":"0.918","price":"0.17819300","timestamp":1652862474,"volume":"0.16358117","buyTxId":"67e89fc4297407a2c6fe47f24a48d37747c528e7","sellTxId":"ffe0bef867a1cbfc21b99c23b5b3f3dd29fb91b2"}
{"index": {"_index":"leo","_id":"3459898"}}
	{"id":3459898,"type":"buy","buyer":"zerace","seller":"leomaker","symbol":"LEO","quantity":"0.940","price":"0.17819400","timestamp":1652862474,"volume":"0.16750236","buyTxId":"67e89fc4297407a2c6fe47f24a48d37747c528e7","sellTxId":"7ca85403fb025449bbe345dd705f9cf3a579720b"}
{"index": {"_index":"leo","_id":"3459899"}}
	{"id":3459899,"type":"buy","buyer":"zerace","seller":"leomaker","symbol":"LEO","quantity":"0.963","price":"0.17819500","timestamp":1652862474,"volume":"0.17160179","buyTxId":"67e89fc4297407a2c6fe47f24a48d37747c528e7","sellTxId":"e59ae5b22073ca02bab48bf07a78b2cdf9828f8c"}
{"index": {"_index":"leo","_id":"3459900"}}
	{"id":3459900,"type":"buy","buyer":"zerace","seller":"leomaker","symbol":"LEO","quantity":"1.308","price":"0.17819700","timestamp":1652862474,"volume":"0.23308168","buyTxId":"67e89fc4297407a2c6fe47f24a48d37747c528e7","sellTxId":"cde96070f2c93085a15abce1e6019f12cd92fff8"}
{"index": {"_index":"leo","_id":"3459901"}}
	{"id":3459901,"type":"buy","buyer":"zerace","seller":"leomaker","symbol":"LEO","quantity":"1.014","price":"0.17819800","timestamp":1652862474,"volume":"0.18069277","buyTxId":"67e89fc4297407a2c6fe47f24a48d37747c528e7","sellTxId":"b11aab612036754d4fe02f0ed951954cdcf6fed9"}
{"index": {"_index":"leo","_id":"3459902"}}
	{"id":3459902,"type":"buy","buyer":"zerace","seller":"leomaker","symbol":"LEO","quantity":"1.052","price":"0.17819900","timestamp":1652862474,"volume":"0.18746535","buyTxId":"67e89fc4297407a2c6fe47f24a48d37747c528e7","sellTxId":"b59513800c8e754729f8cffec48467ab610754e7"}
{"index": {"_index":"leo","_id":"3459903"}}
	{"id":3459903,"type":"buy","buyer":"zerace","seller":"leomaker","symbol":"LEO","quantity":"1.580","price":"0.17865800","timestamp":1652862474,"volume":"0.28227964","buyTxId":"67e89fc4297407a2c6fe47f24a48d37747c528e7","sellTxId":"0dd1a6c734415513320b007f0262bbf0afefa1fe"}
{"index": {"_index":"leo","_id":"3459904"}}
	{"id":3459904,"type":"buy","buyer":"zerace","seller":"leomaker","symbol":"LEO","quantity":"1.189","price":"0.17866000","timestamp":1652862474,"volume":"0.21242674","buyTxId":"67e89fc4297407a2c6fe47f24a48d37747c528e7","sellTxId":"903d384c1a8c9f69b53bd9653ad5228d10d9d669"}
{"index": {"_index":"leo","_id":"3459905"}}
	{"id":3459905,"type":"buy","buyer":"zerace","seller":"leomaker","symbol":"LEO","quantity":"1.171","price":"0.17867100","timestamp":1652862474,"volume":"0.20922374","buyTxId":"67e89fc4297407a2c6fe47f24a48d37747c528e7","sellTxId":"54d31d466ac359e99388852df1e60183bc57c19f"}
{"index": {"_index":"leo","_id":"3459906"}}
	{"id":3459906,"type":"buy","buyer":"zerace","seller":"leomaker","symbol":"LEO","quantity":"1.199","price":"0.17869200","timestamp":1652862474,"volume":"0.21425171","buyTxId":"67e89fc4297407a2c6fe47f24a48d37747c528e7","sellTxId":"8aaca9c124c8f8469b5413ece40e5332bd8cc296"}
{"index": {"_index":"leo","_id":"3459907"}}
	{"id":3459907,"type":"buy","buyer":"zerace","seller":"leomaker","symbol":"LEO","quantity":"1.229","price":"0.17870300","timestamp":1652862474,"volume":"0.21962599","buyTxId":"67e89fc4297407a2c6fe47f24a48d37747c528e7","sellTxId":"d92f40ba037dbed970892542682ba937b896f096"}
{"index": {"_index":"leo","_id":"3459908"}}
	{"id":3459908,"type":"buy","buyer":"zerace","seller":"leomaker","symbol":"LEO","quantity":"1.260","price":"0.17871400","timestamp":1652862474,"volume":"0.22517964","buyTxId":"67e89fc4297407a2c6fe47f24a48d37747c528e7","sellTxId":"3a5bb7726cbe0511f2ca75945c07276c884e4a09"}
{"index": {"_index":"leo","_id":"3459909"}}
	{"id":3459909,"type":"buy","buyer":"zerace","seller":"leomaker","symbol":"LEO","quantity":"1.292","price":"0.17873500","timestamp":1652862474,"volume":"0.23092562","buyTxId":"67e89fc4297407a2c6fe47f24a48d37747c528e7","sellTxId":"895a2085ebd0ff069c51b6009f795fca62c9316a"}
{"index": {"_index":"leo","_id":"3459910"}}
	{"id":3459910,"type":"buy","buyer":"zerace","seller":"leomaker","symbol":"LEO","quantity":"1.326","price":"0.17874600","timestamp":1652862474,"volume":"0.23701720","buyTxId":"67e89fc4297407a2c6fe47f24a48d37747c528e7","sellTxId":"0b2e7147fdc5d0fe558891c2ce3e245e198d4fa3"}
{"index": {"_index":"leo","_id":"3459911"}}
	{"id":3459911,"type":"buy","buyer":"zerace","seller":"leomaker","symbol":"LEO","quantity":"1.358","price":"0.17876700","timestamp":1652862474,"volume":"0.24276559","buyTxId":"67e89fc4297407a2c6fe47f24a48d37747c528e7","sellTxId":"005bc7f174847c6c3c16554f9dfad10062221669"}
{"index": {"_index":"leo","_id":"3459912"}}
	{"id":3459912,"type":"buy","buyer":"zerace","seller":"leomaker","symbol":"LEO","quantity":"1.393","price":"0.17877800","timestamp":1652862474,"volume":"0.24903775","buyTxId":"67e89fc4297407a2c6fe47f24a48d37747c528e7","sellTxId":"ce519cb4baff84a22c1c5fa80681f9efb400ae2a"}
{"index": {"_index":"leo","_id":"3459913"}}
	{"id":3459913,"type":"buy","buyer":"zerace","seller":"leomaker","symbol":"LEO","quantity":"1.429","price":"0.17878900","timestamp":1652862474,"volume":"0.25548948","buyTxId":"67e89fc4297407a2c6fe47f24a48d37747c528e7","sellTxId":"b74a5e2bbcaab737e8b0ea1915048f4f7b8e4741"}
{"index": {"_index":"leo","_id":"3459914"}}
	{"id":3459914,"type":"buy","buyer":"zerace","seller":"leomaker","symbol":"LEO","quantity":"1.465","price":"0.17881000","timestamp":1652862474,"volume":"0.26195665","buyTxId":"67e89fc4297407a2c6fe47f24a48d37747c528e7","sellTxId":"fc884c5f3bf297b41abc1b7a735cbce147fed2eb"}
{"index": {"_index":"leo","_id":"3459915"}}
	{"id":3459915,"type":"buy","buyer":"zerace","seller":"leomaker","symbol":"LEO","quantity":"1.502","price":"0.17882100","timestamp":1652862474,"volume":"0.26858914","buyTxId":"67e89fc4297407a2c6fe47f24a48d37747c528e7","sellTxId":"9047eb85a88303efbd2e4a1e1ebf20c3b60fcc74"}
{"index": {"_index":"leo","_id":"3459916"}}
	{"id":3459916,"type":"buy","buyer":"zerace","seller":"leomaker","symbol":"LEO","quantity":"1.540","price":"0.17883200","timestamp":1652862474,"volume":"0.27540128","buyTxId":"67e89fc4297407a2c6fe47f24a48d37747c528e7","sellTxId":"27c1c017f43b02c2f87f614241c5f174e2f7ea67"}
{"index": {"_index":"leo","_id":"3459917"}}
	{"id":3459917,"type":"buy","buyer":"zerace","seller":"leomaker","symbol":"LEO","quantity":"1.578","price":"0.17885300","timestamp":1652862474,"volume":"0.28223003","buyTxId":"67e89fc4297407a2c6fe47f24a48d37747c528e7","sellTxId":"aae84834c3165ac85692106d3c314b053bc65501"}
{"index": {"_index":"leo","_id":"3459918"}}
	{"id":3459918,"type":"buy","buyer":"zerace","seller":"leomaker","symbol":"LEO","quantity":"1.618","price":"0.17886400","timestamp":1652862474,"volume":"0.28940195","buyTxId":"67e89fc4297407a2c6fe47f24a48d37747c528e7","sellTxId":"2c0710bf1d80fcccae719c44c6f9dd0f7948c430"}
{"index": {"_index":"leo","_id":"3459919"}}
	{"id":3459919,"type":"buy","buyer":"zerace","seller":"leomaker","symbol":"LEO","quantity":"1.659","price":"0.17887500","timestamp":1652862474,"volume":"0.29675363","buyTxId":"67e89fc4297407a2c6fe47f24a48d37747c528e7","sellTxId":"f9d503822adc8ac9d9c30bcd9f7297f621cea4fd"}
{"index": {"_index":"leo","_id":"3459920"}}
	{"id":3459920,"type":"buy","buyer":"zerace","seller":"leomaker","symbol":"LEO","quantity":"1.701","price":"0.17889600","timestamp":1652862474,"volume":"0.30430210","buyTxId":"67e89fc4297407a2c6fe47f24a48d37747c528e7","sellTxId":"7b48be6347d9e9255de193b64b6ea5d87ff36356"}
{"index": {"_index":"leo","_id":"3459921"}}
	{"id":3459921,"type":"buy","buyer":"zerace","seller":"leomaker","symbol":"LEO","quantity":"1.745","price":"0.17890700","timestamp":1652862474,"volume":"0.31219272","buyTxId":"67e89fc4297407a2c6fe47f24a48d37747c528e7","sellTxId":"50ae9040a46d607bcaa7754b7c7875ede0a28e02"}
{"index": {"_index":"leo","_id":"3459922"}}
	{"id":3459922,"type":"buy","buyer":"zerace","seller":"leomaker","symbol":"LEO","quantity":"1.790","price":"0.17891800","timestamp":1652862474,"volume":"0.32026322","buyTxId":"67e89fc4297407a2c6fe47f24a48d37747c528e7","sellTxId":"54c043d93199596e34ef7d07f011e533814e90ed"}
{"index": {"_index":"leo","_id":"3459923"}}
	{"id":3459923,"type":"buy","buyer":"zerace","seller":"leomaker","symbol":"LEO","quantity":"1.834","price":"0.17893900","timestamp":1652862474,"volume":"0.32817413","buyTxId":"67e89fc4297407a2c6fe47f24a48d37747c528e7","sellTxId":"8b8628c3f6b0c0d53d3536c3ed6d94fe89f8f2e5"}
{"index": {"_index":"leo","_id":"3459924"}}
	{"id":3459924,"type":"buy","buyer":"zerace","seller":"leomaker","symbol":"LEO","quantity":"1.881","price":"0.17895000","timestamp":1652862474,"volume":"0.33660495","buyTxId":"67e89fc4297407a2c6fe47f24a48d37747c528e7","sellTxId":"29f6492b433c483d5c6ac5c4ff240176239acfbf"}
{"index": {"_index":"leo","_id":"3459925"}}
	{"id":3459925,"type":"buy","buyer":"zerace","seller":"leomaker","symbol":"LEO","quantity":"1.915","price":"0.17896600","timestamp":1652862474,"volume":"0.34271989","buyTxId":"67e89fc4297407a2c6fe47f24a48d37747c528e7","sellTxId":"54cedc5c5b929acd381b26089b6470f9bd720425"}
{"index": {"_index":"leo","_id":"3459926"}}
	{"id":3459926,"type":"buy","buyer":"zerace","seller":"leomaker","symbol":"LEO","quantity":"1.965","price":"0.17897700","timestamp":1652862474,"volume":"0.35168981","buyTxId":"67e89fc4297407a2c6fe47f24a48d37747c528e7","sellTxId":"df7a27e54db03b93150a3a83157ae3a6062614d5"}
{"index": {"_index":"leo","_id":"3459927"}}
	{"id":3459927,"type":"buy","buyer":"zerace","seller":"leomaker","symbol":"LEO","quantity":"2.015","price":"0.17898800","timestamp":1652862474,"volume":"0.36066082","buyTxId":"67e89fc4297407a2c6fe47f24a48d37747c528e7","sellTxId":"c064c3660bb8cc4d16060830034cec129596e791"}
{"index": {"_index":"leo","_id":"3459928"}}
	{"id":3459928,"type":"buy","buyer":"zerace","seller":"leomaker","symbol":"LEO","quantity":"2.065","price":"0.17899900","timestamp":1652862474,"volume":"0.36963294","buyTxId":"67e89fc4297407a2c6fe47f24a48d37747c528e7","sellTxId":"89e3080542855d0def271abff1f82f931f750fba"}
{"index": {"_index":"leo","_id":"3459929"}}
	{"id":3459929,"type":"buy","buyer":"zerace","seller":"leomaker","symbol":"LEO","quantity":"2.119","price":"0.17901000","timestamp":1652862474,"volume":"0.37932219","buyTxId":"67e89fc4297407a2c6fe47f24a48d37747c528e7","sellTxId":"002597d150e49abec6ab72f2f1f0b5515d140d14"}
{"index": {"_index":"leo","_id":"3459930"}}
	{"id":3459930,"type":"buy","buyer":"zerace","seller":"leomaker","symbol":"LEO","quantity":"2.173","price":"0.17903100","timestamp":1652862474,"volume":"0.38903436","buyTxId":"67e89fc4297407a2c6fe47f24a48d37747c528e7","sellTxId":"42c4f903a0b6d723aca12e3001ff6a1433fb1f29"}
{"index": {"_index":"leo","_id":"3459931"}}
	{"id":3459931,"type":"buy","buyer":"zerace","seller":"leomaker","symbol":"LEO","quantity":"2.229","price":"0.17904200","timestamp":1652862474,"volume":"0.39908462","buyTxId":"67e89fc4297407a2c6fe47f24a48d37747c528e7","sellTxId":"fad322619bc23c93744ac286e83cd5a7df07f997"}
{"index": {"_index":"leo","_id":"3459932"}}
	{"id":3459932,"type":"buy","buyer":"zerace","seller":"leomaker","symbol":"LEO","quantity":"2.286","price":"0.17905300","timestamp":1652862474,"volume":"0.40931516","buyTxId":"67e89fc4297407a2c6fe47f24a48d37747c528e7","sellTxId":"74095d5b04e05d727c377f73d05820ba1b21197f"}
{"index": {"_index":"leo","_id":"3459933"}}
	{"id":3459933,"type":"buy","buyer":"zerace","seller":"leomaker","symbol":"LEO","quantity":"2.330","price":"0.17907400","timestamp":1652862474,"volume":"0.41724242","buyTxId":"67e89fc4297407a2c6fe47f24a48d37747c528e7","sellTxId":"9d5b46271e57b3c2d59ec7c627bc632c102ae126"}
{"index": {"_index":"leo","_id":"3459934"}}
	{"id":3459934,"type":"buy","buyer":"zerace","seller":"leomaker","symbol":"LEO","quantity":"2.388","price":"0.17908500","timestamp":1652862474,"volume":"0.42765498","buyTxId":"67e89fc4297407a2c6fe47f24a48d37747c528e7","sellTxId":"d2896f208cc8604fccca6fbbb8acb291a8a8086b"}
{"index": {"_index":"leo","_id":"3459935"}}
	{"id":3459935,"type":"buy","buyer":"zerace","seller":"leomaker","symbol":"LEO","quantity":"2.435","price":"0.17909600","timestamp":1652862474,"volume":"0.43609876","buyTxId":"67e89fc4297407a2c6fe47f24a48d37747c528e7","sellTxId":"47fbb6f6cfa5bf3dcb53e537e0e3b4c18ee63fa3"}
{"index": {"_index":"leo","_id":"3459936"}}
	{"id":3459936,"type":"buy","buyer":"zerace","seller":"leomaker","symbol":"LEO","quantity":"2.483","price":"0.17910700","timestamp":1652862474,"volume":"0.44472268","buyTxId":"67e89fc4297407a2c6fe47f24a48d37747c528e7","sellTxId":"6bba6b41883fd865332e200e5a13222d555f2fbc"}
{"index": {"_index":"leo","_id":"3459937"}}
	{"id":3459937,"type":"buy","buyer":"zerace","seller":"leomaker","symbol":"LEO","quantity":"2.547","price":"0.17911800","timestamp":1652862474,"volume":"0.45621355","buyTxId":"67e89fc4297407a2c6fe47f24a48d37747c528e7","sellTxId":"6d9b2ed5f6b2e2b130634603eb3d99f10c049573"}
{"index": {"_index":"leo","_id":"3459938"}}
	{"id":3459938,"type":"buy","buyer":"zerace","seller":"leomaker","symbol":"LEO","quantity":"2.612","price":"0.17912900","timestamp":1652862474,"volume":"0.46788495","buyTxId":"67e89fc4297407a2c6fe47f24a48d37747c528e7","sellTxId":"54fc176ee9cf0f8bd771d26145e9e2cda6ad2e07"}
{"index": {"_index":"leo","_id":"3459939"}}
	{"id":3459939,"type":"buy","buyer":"zerace","seller":"leomaker","symbol":"LEO","quantity":"2.664","price":"0.17915000","timestamp":1652862474,"volume":"0.47725560","buyTxId":"67e89fc4297407a2c6fe47f24a48d37747c528e7","sellTxId":"fab514b6fcb11e8b9625c9ac04a5955e4c524b88"}
{"index": {"_index":"leo","_id":"3459940"}}
	{"id":3459940,"type":"buy","buyer":"zerace","seller":"leomaker","symbol":"LEO","quantity":"2.732","price":"0.17916100","timestamp":1652862474,"volume":"0.48946785","buyTxId":"67e89fc4297407a2c6fe47f24a48d37747c528e7","sellTxId":"bea8dbe12520406ef0a06fa2bd7852adac8c5365"}
{"index": {"_index":"leo","_id":"3459941"}}
	{"id":3459941,"type":"buy","buyer":"zerace","seller":"leomaker","symbol":"LEO","quantity":"2.802","price":"0.17917200","timestamp":1652862474,"volume":"0.50203994","buyTxId":"67e89fc4297407a2c6fe47f24a48d37747c528e7","sellTxId":"934b16679fdbc7d8f1670b0ed73aba8bf8eaf3a6"}
{"index": {"_index":"leo","_id":"3459942"}}
	{"id":3459942,"type":"buy","buyer":"zerace","seller":"leomaker","symbol":"LEO","quantity":"2.875","price":"0.17919300","timestamp":1652862474,"volume":"0.51517988","buyTxId":"67e89fc4297407a2c6fe47f24a48d37747c528e7","sellTxId":"67eb01ad60503e7ec7b9a33a7cceba78a5a759fa"}
{"index": {"_index":"leo","_id":"3459943"}}
	{"id":3459943,"type":"buy","buyer":"zerace","seller":"leomaker","symbol":"LEO","quantity":"2.948","price":"0.17920400","timestamp":1652862474,"volume":"0.52829339","buyTxId":"67e89fc4297407a2c6fe47f24a48d37747c528e7","sellTxId":"348dbb8fc9c50b248140837afe6e2b1a1b093f38"}
{"index": {"_index":"leo","_id":"3459944"}}
	{"id":3459944,"type":"buy","buyer":"zerace","seller":"leomaker","symbol":"LEO","quantity":"1.421","price":"0.17921500","timestamp":1652862474,"volume":"0.25466452","buyTxId":"67e89fc4297407a2c6fe47f24a48d37747c528e7","sellTxId":"97af3af2b50275b1f9afc342fbe437e6c99760da"}
{"index": {"_index":"leo","_id":"3459947"}}
	{"id":3459947,"type":"buy","buyer":"zerace","seller":"kolbjorn","symbol":"LEO","quantity":"10.000","price":"0.17500000","timestamp":1652862525,"volume":"1.75000000","buyTxId":"14b53847a201b9fb88190b5f679880c2d7f35997","sellTxId":"e83c90ec0f128c47b85a23ac17277158db529f7a"}
{"index": {"_index":"leo","_id":"3459948"}}
	{"id":3459948,"type":"buy","buyer":"zerace","seller":"pi-trader","symbol":"LEO","quantity":"100.000","price":"0.17499999","timestamp":1652862570,"volume":"17.49999900","buyTxId":"dde1a7cbab6c19d27716bc0d9f445089b7b58a33","sellTxId":"e5a1a3b6e663ac01257c4f444c58f96ee1ac7e11-5"}
{"index": {"_index":"leo","_id":"3459949"}}
	{"id":3459949,"type":"buy","buyer":"zerace","seller":"kolbjorn","symbol":"LEO","quantity":"46.314","price":"0.17500000","timestamp":1652862597,"volume":"8.10495000","buyTxId":"d988c635c7fee8976b427f31142d275d6d38565e","sellTxId":"e83c90ec0f128c47b85a23ac17277158db529f7a"}
{"index": {"_index":"leo","_id":"3459950"}}
	{"id":3459950,"type":"sell","buyer":"mazurbits","seller":"svirus","symbol":"LEO","quantity":"390.640","price":"0.17600004","timestamp":1652862651,"volume":"68.75265563","buyTxId":"184c94de769ed79bac5ad0cebc9cedb14fdf3a88","sellTxId":"1f7aad5cbce551a2fdcd5b7c72f5d8779b829f9f-1"}
{"index": {"_index":"leo","_id":"3459961"}}
	{"id":3459961,"type":"sell","buyer":"mazurbits","seller":"konvik","symbol":"LEO","quantity":"0.004","price":"0.17600004","timestamp":1652862666,"volume":"0.00070400","buyTxId":"184c94de769ed79bac5ad0cebc9cedb14fdf3a88","sellTxId":"0829fe738e029bfb9b5ada4d34143c729b3a4937-1"}
{"index": {"_index":"leo","_id":"3459962"}}
	{"id":3459962,"type":"sell","buyer":"solovey6o2","seller":"konvik","symbol":"LEO","quantity":"414.103","price":"0.17600004","timestamp":1652862666,"volume":"72.88214456","buyTxId":"a92a3f375c7a4c9e102c83d01bf478d69579216a","sellTxId":"0829fe738e029bfb9b5ada4d34143c729b3a4937-1"}
{"index": {"_index":"leo","_id":"3459963"}}
	{"id":3459963,"type":"sell","buyer":"zerace","seller":"konvik","symbol":"LEO","quantity":"10.000","price":"0.17600000","timestamp":1652862666,"volume":"1.76000000","buyTxId":"4718194345ac929b8f567581035046c87b50117e","sellTxId":"0829fe738e029bfb9b5ada4d34143c729b3a4937-1"}
{"index": {"_index":"leo","_id":"3459964"}}
	{"id":3459964,"type":"sell","buyer":"zerace","seller":"konvik","symbol":"LEO","quantity":"0.100","price":"0.17400000","timestamp":1652862666,"volume":"0.01740000","buyTxId":"1cbb72e2ff9b2d7e2fcd19054fd52514c9a6ee60","sellTxId":"0829fe738e029bfb9b5ada4d34143c729b3a4937-1"}
{"index": {"_index":"leo","_id":"3459965"}}
	{"id":3459965,"type":"buy","buyer":"rimosbot","seller":"konvik","symbol":"LEO","quantity":"4.447","price":"0.17400000","timestamp":1652862669,"volume":"0.77377800","buyTxId":"c453905462c5e8218b4cb1521765bc7792b0307b","sellTxId":"0829fe738e029bfb9b5ada4d34143c729b3a4937-1"}
{"index": {"_index":"leo","_id":"3459966"}}
	{"id":3459966,"type":"buy","buyer":"rimosbot","seller":"zerace","symbol":"LEO","quantity":"336.833","price":"0.17600004","timestamp":1652862669,"volume":"59.28262147","buyTxId":"c453905462c5e8218b4cb1521765bc7792b0307b","sellTxId":"d9e0a8c2fe47190e3eb44e90ba7ae5c9f8b4a8b6"}
{"index": {"_index":"leo","_id":"3459967"}}
	{"id":3459967,"type":"buy","buyer":"hive-combine","seller":"zerace","symbol":"LEO","quantity":"53.811","price":"0.17600004","timestamp":1652862669,"volume":"9.47073815","buyTxId":"5a78a996ecdc6683c2fa16a2da4141f760c77533","sellTxId":"d9e0a8c2fe47190e3eb44e90ba7ae5c9f8b4a8b6"}
{"index": {"_index":"leo","_id":"3459968"}}
	{"id":3459968,"type":"sell","buyer":"hive-combine","seller":"konvik","symbol":"LEO","quantity":"334.572","price":"0.17600004","timestamp":1652862672,"volume":"58.88468538","buyTxId":"5a78a996ecdc6683c2fa16a2da4141f760c77533","sellTxId":"0af9150dc35c94380ab729f3781b4e3b40b94713-1"}
{"index": {"_index":"leo","_id":"3459969"}}
	{"id":3459969,"type":"buy","buyer":"zerace","seller":"isnochys","symbol":"LEO","quantity":"0.021","price":"0.17600004","timestamp":1652862759,"volume":"0.00369600","buyTxId":"bd8f83d2b1f3ffb79a1281055a979fb12b4c0184","sellTxId":"d55f443dcbbd1c26934a83e5aa604366f1ec5388"}
{"index": {"_index":"leo","_id":"3459970"}}
	{"id":3459970,"type":"sell","buyer":"ricksens85","seller":"svirus","symbol":"LEO","quantity":"406.540","price":"0.17601004","timestamp":1652862780,"volume":"71.55512166","buyTxId":"b171546cc347b537b85db99a2e078d22bc3df661","sellTxId":"ed45e3158237ad790cf71864f85ea300a91a8c48-1"}
{"index": {"_index":"leo","_id":"3459973"}}
	{"id":3459973,"type":"sell","buyer":"ricksens85","seller":"konvik","symbol":"LEO","quantity":"0.001","price":"0.17601004","timestamp":1652862795,"volume":"0.00017601","buyTxId":"b171546cc347b537b85db99a2e078d22bc3df661","sellTxId":"fa5c081a6d97c8bf4617c2435e2fd6fd4dde526d-1"}
{"index": {"_index":"leo","_id":"3459974"}}
	{"id":3459974,"type":"sell","buyer":"barmus81","seller":"konvik","symbol":"LEO","quantity":"296.405","price":"0.17601004","timestamp":1652862795,"volume":"52.17025591","buyTxId":"b9c5a1b099ec3bc94e5fbdb51a382a6b1a71e365","sellTxId":"fa5c081a6d97c8bf4617c2435e2fd6fd4dde526d-1"}
{"index": {"_index":"leo","_id":"3459975"}}
	{"id":3459975,"type":"sell","buyer":"zerace","seller":"konvik","symbol":"LEO","quantity":"9.674","price":"0.17601000","timestamp":1652862795,"volume":"1.70272074","buyTxId":"bd8f83d2b1f3ffb79a1281055a979fb12b4c0184","sellTxId":"fa5c081a6d97c8bf4617c2435e2fd6fd4dde526d-1"}
{"index": {"_index":"leo","_id":"3459979"}}
	{"id":3459979,"type":"sell","buyer":"hivemaker","seller":"konvik","symbol":"LEO","quantity":"327.719","price":"0.17601001","timestamp":1652862819,"volume":"57.68182447","buyTxId":"75c2d20aceddc5936e26b15251fc0f42f2b7a943","sellTxId":"713a2eb962075870dfd04205361188ab15ca2b07-1"}
{"index": {"_index":"leo","_id":"3460004"}}
	{"id":3460004,"type":"buy","buyer":"svirus","seller":"zerace","symbol":"LEO","quantity":"218.600","price":"0.17400000","timestamp":1652863221,"volume":"38.03640000","buyTxId":"aec976ca9b2f587a1218eda987f58b69f9444650-0","sellTxId":"ebdc6d589e9d01bdc6e0ce0110918010010cfdbf"}
{"index": {"_index":"leo","_id":"3460005"}}
	{"id":3460005,"type":"buy","buyer":"konvik","seller":"zerace","symbol":"LEO","quantity":"81.400","price":"0.17400000","timestamp":1652863221,"volume":"14.16360000","buyTxId":"14492b05f7af993fb7e2d770c2051df5801f9854-0","sellTxId":"ebdc6d589e9d01bdc6e0ce0110918010010cfdbf"}
{"index": {"_index":"leo","_id":"3460056"}}
	{"id":3460056,"type":"buy","buyer":"svirus","seller":"zerace","symbol":"LEO","quantity":"300.000","price":"0.17300000","timestamp":1652863809,"volume":"51.90000000","buyTxId":"0474730acb86cfa89d83f48a7799f31427328b56-0","sellTxId":"c888eee175bc90a2a2af70d45c8783d9c12d777b"}
{"index": {"_index":"leo","_id":"3460063"}}
	{"id":3460063,"type":"buy","buyer":"svirus","seller":"ricksens85","symbol":"LEO","quantity":"119.360","price":"0.17299996","timestamp":1652863827,"volume":"20.64927523","buyTxId":"c9de3079f634cb5a5de78f2b047bb0aa0d3d644d-0","sellTxId":"a078cfd298b5793d83871ddb99770fa7f9ea726d"}
{"index": {"_index":"leo","_id":"3460064"}}
	{"id":3460064,"type":"buy","buyer":"konvik","seller":"ricksens85","symbol":"LEO","quantity":"287.180","price":"0.17299996","timestamp":1652863827,"volume":"49.68212851","buyTxId":"113944ebd6183feab4fd8cf352cdcd778b8a10ce-0","sellTxId":"a078cfd298b5793d83871ddb99770fa7f9ea726d"}
{"index": {"_index":"leo","_id":"3460083"}}
	{"id":3460083,"type":"buy","buyer":"konvik","seller":"hive-combine","symbol":"LEO","quantity":"388.382","price":"0.16999996","timestamp":1652863956,"volume":"66.02492446","buyTxId":"540e1c5caa146e22858add33a17ab86d92b96d67-0","sellTxId":"60e1d4f39fdf7c88142edb03f12fc15af2fa6a50"}
{"index": {"_index":"leo","_id":"3460084"}}
	{"id":3460084,"type":"buy","buyer":"konvik","seller":"zerace","symbol":"LEO","quantity":"10.000","price":"0.17000000","timestamp":1652863956,"volume":"1.70000000","buyTxId":"540e1c5caa146e22858add33a17ab86d92b96d67-0","sellTxId":"3c9d1124f16aef25d757bdbf79cab8653c611669"}
{"index": {"_index":"leo","_id":"3460088"}}
	{"id":3460088,"type":"sell","buyer":"svirus","seller":"barmus81","symbol":"LEO","quantity":"296.404","price":"0.16999996","timestamp":1652863962,"volume":"50.38866814","buyTxId":"ad7dd71e33ee5f021ff0c79324700976640ce533-0","sellTxId":"c12c4a27ca17f650891e9ac000d76e35f6f4e8cf"}
{"index": {"_index":"leo","_id":"3460145"}}
	{"id":3460145,"type":"buy","buyer":"elbrava","seller":"pi-trader","symbol":"LEO","quantity":"65.564","price":"0.17921293","timestamp":1652864856,"volume":"11.75","buyTxId":"f05ebca43d4888e4c228ae110c6ee61156400e0a","sellTxId":"388e867289a3ca11dd3a19748a8a5fe211152d4f-2"}
{"index": {"_index":"leo","_id":"3460163"}}
	{"id":3460163,"type":"buy","buyer":"konvik","seller":"hivemaker","symbol":"LEO","quantity":"327.718","price":"0.16899996","timestamp":1652865168,"volume":"55.38432889","buyTxId":"c986e13dc53ed0149b73235df1ffd30497ac79dc-0","sellTxId":"c3117f73fee361887e09b2b10b11bcab33345c64"}
{"index": {"_index":"leo","_id":"3460164"}}
	{"id":3460164,"type":"buy","buyer":"konvik","seller":"zerace","symbol":"LEO","quantity":"10.000","price":"0.16900000","timestamp":1652865168,"volume":"1.69000000","buyTxId":"c986e13dc53ed0149b73235df1ffd30497ac79dc-0","sellTxId":"5c5405e0075e7304d2b77b9449e91b2865387228"}
{"index": {"_index":"leo","_id":"3460167"}}
	{"id":3460167,"type":"sell","buyer":"svirus","seller":"rimosbot","symbol":"LEO","quantity":"327.710","price":"0.16899996","timestamp":1652865180,"volume":"55.38297689","buyTxId":"94ac6c86e4c30c47cd12f372815b5eace0664c76-0","sellTxId":"6a8103af5f5e69e0c5235bb406ef9f212b9d1392"}
{"index": {"_index":"leo","_id":"3460168"}}
	{"id":3460168,"type":"buy","buyer":"svirus","seller":"rimosbot","symbol":"LEO","quantity":"13.570","price":"0.16899996","timestamp":1652865183,"volume":"2.29332946","buyTxId":"2bb7cdaec144f300b2fbf52632476796a5d64ade-0","sellTxId":"6a8103af5f5e69e0c5235bb406ef9f212b9d1392"}
{"index": {"_index":"leo","_id":"3460169"}}
	{"id":3460169,"type":"buy","buyer":"pi-trader","seller":"rimosbot","symbol":"LEO","quantity":"0.001","price":"0.16899996","timestamp":1652865183,"volume":"0.00016900","buyTxId":"747ba46fc6f192098ac965dde96919c8d236b196-1","sellTxId":"6a8103af5f5e69e0c5235bb406ef9f212b9d1392"}
{"index": {"_index":"leo","_id":"3460173"}}
	{"id":3460173,"type":"sell","buyer":"pi-trader","seller":"zerace","symbol":"LEO","quantity":"10.000","price":"0.16900012","timestamp":1652865360,"volume":"1.69000120","buyTxId":"8f551c752ca7e3c04132ce45f45480286c622c70-1","sellTxId":"a1b43a154a22676fd619401d630a1fa3da11f528"}
{"index": {"_index":"leo","_id":"3460175"}}
	{"id":3460175,"type":"buy","buyer":"zerace","seller":"leomaker","symbol":"LEO","quantity":"0.330","price":"0.17399900","timestamp":1652865450,"volume":"0.05741967","buyTxId":"390a63c4dea6944a3a7b2ff24e34cb687e131ee0","sellTxId":"31c45063a654131d8770d225858a119009fc4def"}
{"index": {"_index":"leo","_id":"3460176"}}
	{"id":3460176,"type":"buy","buyer":"zerace","seller":"solovey6o2","symbol":"LEO","quantity":"100.670","price":"0.17399961","timestamp":1652865450,"volume":"17.51654074","buyTxId":"390a63c4dea6944a3a7b2ff24e34cb687e131ee0","sellTxId":"fba41cc069bd3b1ba36511454561b480033ac255"}
{"index": {"_index":"leo","_id":"3460179"}}
	{"id":3460179,"type":"buy","buyer":"zerace","seller":"pi-trader","symbol":"LEO","quantity":"100.000","price":"0.17399960","timestamp":1652865498,"volume":"17.39996000","buyTxId":"b44c5b348670f4d1febfe13766e36f21f7d33c91","sellTxId":"025a64eade1dfd01e8b03f4966be98822cbcb818-1"}
{"index": {"_index":"leo","_id":"3460189"}}
	{"id":3460189,"type":"sell","buyer":"hive-combine","seller":"zerace","symbol":"LEO","quantity":"10.000","price":"0.16900041","timestamp":1652865690,"volume":"1.69000410","buyTxId":"e63d8f737e0f9ae0c3200c9f8e96b84e00413250","sellTxId":"fb362bb5b1141ab222dc4332831c99bd211025ed"}
{"index": {"_index":"leo","_id":"3460212"}}
	{"id":3460212,"type":"buy","buyer":"zerace","seller":"leomaker","symbol":"LEO","quantity":"0.384","price":"0.17399800","timestamp":1652866038,"volume":"0.06681523","buyTxId":"b750201b46bb268025447098a8c0d24a6c19c151","sellTxId":"2b5da14d63582dc02e877f2ab5ab384fffb8a475"}
{"index": {"_index":"leo","_id":"3460218"}}
	{"id":3460218,"type":"sell","buyer":"zerace","seller":"konvik","symbol":"LEO","quantity":"10.000","price":"0.17800000","timestamp":1652866107,"volume":"1.78000000","buyTxId":"eb85ffc05a097b87c1f86bc966d929562de471ca","sellTxId":"80917f8c2a3ceef5d77c1d60608e63d2012d1357-1"}
{"index": {"_index":"leo","_id":"3460219"}}
	{"id":3460219,"type":"sell","buyer":"zerace","seller":"konvik","symbol":"LEO","quantity":"10.000","price":"0.17601000","timestamp":1652866107,"volume":"1.76010000","buyTxId":"6cbf5ba72c554ade1ce0360b27c25a8764359fdc","sellTxId":"80917f8c2a3ceef5d77c1d60608e63d2012d1357-1"}
{"index": {"_index":"leo","_id":"3460227"}}
	{"id":3460227,"type":"sell","buyer":"rimosbot","seller":"svirus","symbol":"LEO","quantity":"339.240","price":"0.17601004","timestamp":1652866191,"volume":"59.70964597","buyTxId":"977ee57c5412934e74c3ba5cfbc64966607dc7a8","sellTxId":"eb2636424792354914b90980902e8e9f701bcade-1"}
{"index": {"_index":"leo","_id":"3460232"}}
	{"id":3460232,"type":"sell","buyer":"rimosbot","seller":"konvik","symbol":"LEO","quantity":"0.005","price":"0.17601004","timestamp":1652866242,"volume":"0.00088005","buyTxId":"977ee57c5412934e74c3ba5cfbc64966607dc7a8","sellTxId":"e6e26b9a71d468d1a979937e884f07eda4b87649-1"}
{"index": {"_index":"leo","_id":"3460233"}}
	{"id":3460233,"type":"sell","buyer":"hive-combine","seller":"konvik","symbol":"LEO","quantity":"378.095","price":"0.17601004","timestamp":1652866242,"volume":"66.54851607","buyTxId":"6ce6fc70cb30930d7c5d19a196c477259dd6135b","sellTxId":"e6e26b9a71d468d1a979937e884f07eda4b87649-1"}
{"index": {"_index":"leo","_id":"3460234"}}
	{"id":3460234,"type":"sell","buyer":"zerace","seller":"konvik","symbol":"LEO","quantity":"9.613","price":"0.17601000","timestamp":1652866242,"volume":"1.69198413","buyTxId":"e662e629d47a99da3576c615b71d5d0f3e411ead","sellTxId":"e6e26b9a71d468d1a979937e884f07eda4b87649-1"}
{"index": {"_index":"leo","_id":"3460236"}}
	{"id":3460236,"type":"sell","buyer":"hivemaker","seller":"svirus","symbol":"LEO","quantity":"327.180","price":"0.17601004","timestamp":1652866251,"volume":"57.58696489","buyTxId":"9db1c4f3e985db664ff4f1235ba350f92118d1ef","sellTxId":"0d10943d75c1dd0a98b4929e84c304a742bf3989-1"}
{"index": {"_index":"leo","_id":"3460238"}}
	{"id":3460238,"type":"sell","buyer":"barmus81","seller":"konvik","symbol":"LEO","quantity":"294.997","price":"0.17601004","timestamp":1652866263,"volume":"51.92243377","buyTxId":"ba2749542a3528429d959662d472246d0512c257","sellTxId":"1676a0510e740d5be2cff64f17fc24b8527c8233-1"}
{"index": {"_index":"leo","_id":"3460239"}}
	{"id":3460239,"type":"sell","buyer":"zerace","seller":"konvik","symbol":"LEO","quantity":"0.093","price":"0.17601000","timestamp":1652866263,"volume":"0.01636893","buyTxId":"e662e629d47a99da3576c615b71d5d0f3e411ead","sellTxId":"1676a0510e740d5be2cff64f17fc24b8527c8233-1"}
{"index": {"_index":"leo","_id":"3460246"}}
	{"id":3460246,"type":"sell","buyer":"ricksens85","seller":"svirus","symbol":"LEO","quantity":"405.160","price":"0.17601001","timestamp":1652866374,"volume":"71.31221565","buyTxId":"d48a3320ebba653d8f3e6b5b73335384b8fac637","sellTxId":"d293049c0d9674321e559d8ef60398808334b554-1"}
{"index": {"_index":"leo","_id":"3460247"}}
	{"id":3460247,"type":"sell","buyer":"ricksens85","seller":"zerace","symbol":"LEO","quantity":"0.008","price":"0.17601001","timestamp":1652866395,"volume":"0.00140808","buyTxId":"d48a3320ebba653d8f3e6b5b73335384b8fac637","sellTxId":"a62ca04865b377949fb96a19ca6911244f29b578"}
{"index": {"_index":"leo","_id":"3460259"}}
	{"id":3460259,"type":"sell","buyer":"zerace","seller":"pjansen","symbol":"LEO","quantity":"0.294","price":"0.17601000","timestamp":1652866515,"volume":"0.05174694","buyTxId":"e662e629d47a99da3576c615b71d5d0f3e411ead","sellTxId":"6457078749afcc5439377866caac8c3eec96e71f"}
{"index": {"_index":"leo","_id":"3460260"}}
	{"id":3460260,"type":"sell","buyer":"zerace","seller":"pjansen","symbol":"LEO","quantity":"10.000","price":"0.17601000","timestamp":1652866515,"volume":"1.76010000","buyTxId":"5a7b6324ddac8ffd74a774320e7d401f759c86b8","sellTxId":"6457078749afcc5439377866caac8c3eec96e71f"}
{"index": {"_index":"leo","_id":"3460261"}}
	{"id":3460261,"type":"sell","buyer":"zerace","seller":"pjansen","symbol":"LEO","quantity":"6.917","price":"0.17500000","timestamp":1652866515,"volume":"1.21047500","buyTxId":"de131b9dd5ce0bd42a6a4b175ad437141bed5cb0","sellTxId":"6457078749afcc5439377866caac8c3eec96e71f"}
{"index": {"_index":"leo","_id":"3460263"}}
	{"id":3460263,"type":"sell","buyer":"zerace","seller":"zerace","symbol":"LEO","quantity":"3.083","price":"0.17500000","timestamp":1652866518,"volume":"0.53952500","buyTxId":"de131b9dd5ce0bd42a6a4b175ad437141bed5cb0","sellTxId":"40fb666c85ee7ee8c5ed41af539b888c87e1dd06"}
{"index": {"_index":"leo","_id":"3460272"}}
	{"id":3460272,"type":"buy","buyer":"zerace","seller":"solovey6o2","symbol":"LEO","quantity":"10.000","price":"0.17399996","timestamp":1652866572,"volume":"1.73999960","buyTxId":"8f307620265b66c17c8161015e464f1c55384939","sellTxId":"6a249d17b4d0e984f45c71ff0b5c463ffc0fc6a3"}
{"index": {"_index":"leo","_id":"3460277"}}
	{"id":3460277,"type":"buy","buyer":"konvik","seller":"zerace","symbol":"LEO","quantity":"800.000","price":"0.17200000","timestamp":1652866788,"volume":"137.60000000","buyTxId":"de1b76bb64bad0aa193d8aefbecadeee3a6a5ac5-0","sellTxId":"4a078f86a06ac0e5da831dd84f6f8b548c8960a6"}
{"index": {"_index":"leo","_id":"3460281"}}
	{"id":3460281,"type":"buy","buyer":"konvik","seller":"zerace","symbol":"LEO","quantity":"322.704","price":"0.17200000","timestamp":1652866818,"volume":"55.50508800","buyTxId":"ffbed81767152f624074e02ae75f6d8ad2b75871-0","sellTxId":"74fba5a4b5fba4351f3b154de3f0f7f503326b64"}
{"index": {"_index":"leo","_id":"3460298"}}
	{"id":3460298,"type":"sell","buyer":"pi-trader","seller":"zerace","symbol":"LEO","quantity":"300.000","price":"0.16900401","timestamp":1652867094,"volume":"50.70120300","buyTxId":"ab424da4096db3b9da110f68ebc48e5328baa368-1","sellTxId":"00309bb26853b5930b7057aacf5b3a989ec682e1"}
{"index": {"_index":"leo","_id":"3460299"}}
	{"id":3460299,"type":"sell","buyer":"leomaker","seller":"zerace","symbol":"LEO","quantity":"1.804","price":"0.16900400","timestamp":1652867094,"volume":"0.30488322","buyTxId":"5788422565f54e4a84fc08bd847ce7bf383c6d81","sellTxId":"00309bb26853b5930b7057aacf5b3a989ec682e1"}
{"index": {"_index":"leo","_id":"3460300"}}
	{"id":3460300,"type":"sell","buyer":"leomaker","seller":"zerace","symbol":"LEO","quantity":"1.820","price":"0.16900200","timestamp":1652867094,"volume":"0.30758364","buyTxId":"94dde721ceba62c329ef6c3c5724e2af1eed7165","sellTxId":"00309bb26853b5930b7057aacf5b3a989ec682e1"}
{"index": {"_index":"leo","_id":"3460302"}}
	{"id":3460302,"type":"buy","buyer":"svirus","seller":"mazurbits","symbol":"LEO","quantity":"390.640","price":"0.16900198","timestamp":1652867172,"volume":"66.01893347","buyTxId":"54be812d970d222e22902b5e826610ad7a68384b-0","sellTxId":"1e7faff3e307b2199f1bb744bd684c7707db5399"}
{"index": {"_index":"leo","_id":"3460303"}}
	{"id":3460303,"type":"buy","buyer":"konvik","seller":"mazurbits","symbol":"LEO","quantity":"0.004","price":"0.16900198","timestamp":1652867172,"volume":"0.00067601","buyTxId":"8d333a89e19c58691e781e914a2836fa7438602c-0","sellTxId":"1e7faff3e307b2199f1bb744bd684c7707db5399"}
{"index": {"_index":"leo","_id":"3460304"}}
	{"id":3460304,"type":"buy","buyer":"konvik","seller":"zerace","symbol":"LEO","quantity":"0.376","price":"0.16900200","timestamp":1652867172,"volume":"0.06354475","buyTxId":"8d333a89e19c58691e781e914a2836fa7438602c-0","sellTxId":"00309bb26853b5930b7057aacf5b3a989ec682e1"}
{"index": {"_index":"leo","_id":"3460305"}}
	{"id":3460305,"type":"buy","buyer":"konvik","seller":"zerace","symbol":"LEO","quantity":"10.000","price":"0.17000000","timestamp":1652867172,"volume":"1.70000000","buyTxId":"8d333a89e19c58691e781e914a2836fa7438602c-0","sellTxId":"0fb679490d1a71a1d8cca99014969153906c1245"}
{"index": {"_index":"leo","_id":"3460307"}}
	{"id":3460307,"type":"buy","buyer":"konvik","seller":"ricksens85","symbol":"LEO","quantity":"405.168","price":"0.16900198","timestamp":1652867184,"volume":"68.47419423","buyTxId":"ccab2c3b89e1fbf4180a444e3ac11247065ea9c0-0","sellTxId":"41c5645fbbaf543a0d5ef1746b7d7468d1f18b63"}
{"index": {"_index":"leo","_id":"3460308"}}
	{"id":3460308,"type":"buy","buyer":"konvik","seller":"solovey6o2","symbol":"LEO","quantity":"303.432","price":"0.16900199","timestamp":1652867193,"volume":"51.28061183","buyTxId":"4bc2137ad63c1b07e2c1b719e030447811df4c9d-0","sellTxId":"807d49239b88b8b53da5afb8da52ed30fa74facf"}
{"index": {"_index":"leo","_id":"3460458"}}
	{"id":3460458,"type":"sell","buyer":"pi-trader","seller":"acesontop","symbol":"LEO","quantity":"95","price":"0.16521921","timestamp":1652869392,"volume":"15.69582495","buyTxId":"1940800017ea8afacb7e6602a5af7075418bdc44-1","sellTxId":"17870bc5c9e42a864235ad0337ddc3cedca11971"}
{"index": {"_index":"leo","_id":"3460508"}}
	{"id":3460508,"type":"sell","buyer":"pi-trader","seller":"bilpcoinbpc","symbol":"LEO","quantity":"0.103","price":"0.16522101","timestamp":1652869869,"volume":"0.01701776","buyTxId":"33fd03cc391f6c4d8392e8029bdfec5cdc9facb9-3","sellTxId":"7b1d59c81a8c845857ca655637edd937225c91df"}
{"index": {"_index":"leo","_id":"3460616"}}
	{"id":3460616,"type":"sell","buyer":"solovey6o2","seller":"pjansen","symbol":"LEO","quantity":"10.108","price":"0.17000008","timestamp":1652871141,"volume":"1.71836081","buyTxId":"0320b10a8cfefba283678dfe4ad23a8107a2c1f2","sellTxId":"536b41be92538f3adbf71c3a44297b01b3afd776"}
{"index": {"_index":"leo","_id":"3460874"}}
	{"id":3460874,"type":"sell","buyer":"pi-trader","seller":"longganisan","symbol":"LEO","quantity":"0.664","price":"0.16522679","timestamp":1652873964,"volume":"0.10971059","buyTxId":"ee5f4e7ac7ffe55cada66d4196c9b47a60eba988-1","sellTxId":"566684529e9b01c31e1d4c8c8fab521d66943f34"}
{"index": {"_index":"leo","_id":"3461022"}}
	{"id":3461022,"type":"sell","buyer":"pi-trader","seller":"tothebatpoles","symbol":"LEO","quantity":"63.071","price":"0.16523048","timestamp":1652875806,"volume":"10.42125160","buyTxId":"9d8ce921d1e23c1fbf2d778ff5cb4fcd1b990f9d-1","sellTxId":"8436539982c9c908f10026c90ce0bd068290003f"}
{"index": {"_index":"leo","_id":"3461161"}}
	{"id":3461161,"type":"buy","buyer":"hiveinvest","seller":"pi-trader","symbol":"LEO","quantity":"40.000","price":"0.17299479","timestamp":1652876928,"volume":"6.91979160","buyTxId":"27db93318e63e5ef3db8244bd052da8543f9795d","sellTxId":"148b28c4699a4c2d1051509d41297634f7d36dfd-1"}
{"index": {"_index":"leo","_id":"3461274"}}
	{"id":3461274,"type":"sell","buyer":"pi-trader","seller":"jphamer1","symbol":"LEO","quantity":"66.204","price":"0.16523721","timestamp":1652877936,"volume":"10.93936425","buyTxId":"e2344bccb2521ee3f1ec0053462b50531a9671b0-1","sellTxId":"5563897968915a79a4978742aaf68eeafdabc608"}
{"index": {"_index":"leo","_id":"3461378"}}
	{"id":3461378,"type":"sell","buyer":"pi-trader","seller":"cheftony","symbol":"LEO","quantity":"31.368","price":"0.16524216","timestamp":1652878887,"volume":"5.18331607","buyTxId":"aa81eb19bafd9d87fcd4dfc43ee6b1be1e79a870-1","sellTxId":"6a7e802a120cdae092cc49665c75c2809ed3c544"}
{"index": {"_index":"leo","_id":"3461503"}}
	{"id":3461503,"type":"sell","buyer":"pi-trader","seller":"russia-btc","symbol":"LEO","quantity":"33.410","price":"0.16524811","timestamp":1652880393,"volume":"5.52093936","buyTxId":"f2241bb926e456d83bfa279697f1ac4c752af765-1","sellTxId":"52e3e5fbad9060d2d2c2fb59e35de9a7c45cb1e1"}
{"index": {"_index":"leo","_id":"3461614"}}
	{"id":3461614,"type":"sell","buyer":"mazurbits","seller":"miketr","symbol":"LEO","quantity":"0.983","price":"0.16525025","timestamp":1652881173,"volume":"0.16244100","buyTxId":"c2aa307c5d058e44dcce23455ccc9fc10744b4c4","sellTxId":"aeb4a61fcee8f16ad791cffb5d8e8144a9917146"}
{"index": {"_index":"leo","_id":"3461787"}}
	{"id":3461787,"type":"buy","buyer":"zerace","seller":"hivemaker","symbol":"LEO","quantity":"327.180","price":"0.16999996","timestamp":1652882619,"volume":"55.62058691","buyTxId":"adf35486a911b6697dfd7364374594a26dcb3eb5","sellTxId":"79ef984936dc9a9dfdeab67de712c6aa8b501542"}
{"index": {"_index":"leo","_id":"3461788"}}
	{"id":3461788,"type":"buy","buyer":"zerace","seller":"barmus81","symbol":"LEO","quantity":"294.997","price":"0.16999996","timestamp":1652882619,"volume":"50.14947820","buyTxId":"adf35486a911b6697dfd7364374594a26dcb3eb5","sellTxId":"55feb1db5611e8c8fd9ec370d9283db430d9efa9"}
{"index": {"_index":"leo","_id":"3461789"}}
	{"id":3461789,"type":"buy","buyer":"zerace","seller":"rimosbot","symbol":"LEO","quantity":"339.245","price":"0.16999996","timestamp":1652882619,"volume":"57.67163643","buyTxId":"adf35486a911b6697dfd7364374594a26dcb3eb5","sellTxId":"d8152dc653ad19e718fe02cffecfdac0a6c2d395"}
{"index": {"_index":"leo","_id":"3461790"}}
	{"id":3461790,"type":"buy","buyer":"zerace","seller":"hive-combine","symbol":"LEO","quantity":"388.096","price":"0.16999996","timestamp":1652882646,"volume":"65.97630448","buyTxId":"516c595aa30bc142dea324105ac3ee8ab558ca20","sellTxId":"cf1cdd73e905495ccb736948661483b57276f171"}
{"index": {"_index":"leo","_id":"3461796"}}
	{"id":3461796,"type":"buy","buyer":"zerace","seller":"leomaker","symbol":"LEO","quantity":"0.326","price":"0.17299100","timestamp":1652882694,"volume":"0.05639507","buyTxId":"523710307f16bd792cbd991b984a8e60dd444eef","sellTxId":"9316f450398f48e51275154921ddd07114c873e0"}
{"index": {"_index":"leo","_id":"3461797"}}
	{"id":3461797,"type":"buy","buyer":"zerace","seller":"leomaker","symbol":"LEO","quantity":"0.334","price":"0.17299200","timestamp":1652882694,"volume":"0.05777933","buyTxId":"523710307f16bd792cbd991b984a8e60dd444eef","sellTxId":"fde953106e28f55d32c61b9ff46d3cd02d46bca7"}
{"index": {"_index":"leo","_id":"3461798"}}
	{"id":3461798,"type":"buy","buyer":"zerace","seller":"leomaker","symbol":"LEO","quantity":"0.342","price":"0.17299300","timestamp":1652882694,"volume":"0.05916361","buyTxId":"523710307f16bd792cbd991b984a8e60dd444eef","sellTxId":"08789e05ae3228b82372e25906a680c0515b3f02"}
{"index": {"_index":"leo","_id":"3461799"}}
	{"id":3461799,"type":"buy","buyer":"zerace","seller":"leomaker","symbol":"LEO","quantity":"0.349","price":"0.17299400","timestamp":1652882694,"volume":"0.06037491","buyTxId":"523710307f16bd792cbd991b984a8e60dd444eef","sellTxId":"21e232306aa45351d07de6103b353656bde96987"}
{"index": {"_index":"leo","_id":"3461800"}}
	{"id":3461800,"type":"buy","buyer":"zerace","seller":"leomaker","symbol":"LEO","quantity":"0.358","price":"0.17299500","timestamp":1652882694,"volume":"0.06193221","buyTxId":"523710307f16bd792cbd991b984a8e60dd444eef","sellTxId":"0c991bc9fae4d776dbf4f8e92809477e423360a8"}
{"index": {"_index":"leo","_id":"3461801"}}
	{"id":3461801,"type":"buy","buyer":"zerace","seller":"leomaker","symbol":"LEO","quantity":"0.366","price":"0.17299600","timestamp":1652882694,"volume":"0.06331654","buyTxId":"523710307f16bd792cbd991b984a8e60dd444eef","sellTxId":"19f1e0cebd688fabbb7b8caa7c88d7a765ed68af"}
{"index": {"_index":"leo","_id":"3461802"}}
	{"id":3461802,"type":"buy","buyer":"zerace","seller":"leomaker","symbol":"LEO","quantity":"0.376","price":"0.17299700","timestamp":1652882694,"volume":"0.06504687","buyTxId":"523710307f16bd792cbd991b984a8e60dd444eef","sellTxId":"b4674b628dfccd4e76539a880ab87449001c29ac"}
{"index": {"_index":"leo","_id":"3461803"}}
	{"id":3461803,"type":"buy","buyer":"zerace","seller":"leomaker","symbol":"LEO","quantity":"0.479","price":"0.17299800","timestamp":1652882694,"volume":"0.08286604","buyTxId":"523710307f16bd792cbd991b984a8e60dd444eef","sellTxId":"d98044bc4f7891dda0dd40debd38be45c71dc0e9"}
{"index": {"_index":"leo","_id":"3461804"}}
	{"id":3461804,"type":"buy","buyer":"zerace","seller":"leomaker","symbol":"LEO","quantity":"0.397","price":"0.17299900","timestamp":1652882694,"volume":"0.06868060","buyTxId":"523710307f16bd792cbd991b984a8e60dd444eef","sellTxId":"3a912f54ca44a071e3aab8da39e8eca6f25b1e69"}
{"index": {"_index":"leo","_id":"3461807"}}
	{"id":3461807,"type":"sell","buyer":"mazurbits","seller":"svirus","symbol":"LEO","quantity":"410.640","price":"0.17299904","timestamp":1652882718,"volume":"71.04032579","buyTxId":"656284128ff4ed2a87db448ba21ef36191a1d2e6","sellTxId":"a689330e4fe318cb6d47538b8c426b56b9540382-1"}
{"index": {"_index":"leo","_id":"3461809"}}
	{"id":3461809,"type":"sell","buyer":"mazurbits","seller":"konvik","symbol":"LEO","quantity":"0.009","price":"0.17299904","timestamp":1652882745,"volume":"0.00155699","buyTxId":"656284128ff4ed2a87db448ba21ef36191a1d2e6","sellTxId":"deb2bf6cbbf3d8bafff1879fe571f76fde81874a-1"}
{"index": {"_index":"leo","_id":"3461810"}}
	{"id":3461810,"type":"sell","buyer":"ricksens85","seller":"konvik","symbol":"LEO","quantity":"429.124","price":"0.17299904","timestamp":1652882745,"volume":"74.23804004","buyTxId":"db041aa779a6c544054cf420e55387b9b251bc92","sellTxId":"deb2bf6cbbf3d8bafff1879fe571f76fde81874a-1"}
{"index": {"_index":"leo","_id":"3461811"}}
	{"id":3461811,"type":"sell","buyer":"zerace","seller":"konvik","symbol":"LEO","quantity":"6.239","price":"0.17299900","timestamp":1652882745,"volume":"1.07934076","buyTxId":"523710307f16bd792cbd991b984a8e60dd444eef","sellTxId":"deb2bf6cbbf3d8bafff1879fe571f76fde81874a-1"}
{"index": {"_index":"leo","_id":"3461817"}}
	{"id":3461817,"type":"sell","buyer":"barmus81","seller":"zerace","symbol":"LEO","quantity":"313.378","price":"0.17299904","timestamp":1652882796,"volume":"54.21409316","buyTxId":"ab218a4e8200bd17c24222422ccae5452f7eb38e","sellTxId":"a7090c9bda3013054608a3a4b19af4ae7ff6c23d"}
{"index": {"_index":"leo","_id":"3461828"}}
	{"id":3461828,"type":"sell","buyer":"zerace","seller":"leomaker","symbol":"LEO","quantity":"0.319","price":"0.17299900","timestamp":1652882895,"volume":"0.05518668","buyTxId":"523710307f16bd792cbd991b984a8e60dd444eef","sellTxId":"77f7858db5fc54ec0e122b557ffe766a7679cf74"}
{"index": {"_index":"leo","_id":"3461843"}}
	{"id":3461843,"type":"sell","buyer":"rimosbot","seller":"zerace","symbol":"LEO","quantity":"345.285","price":"0.17299904","timestamp":1652882970,"volume":"59.73397353","buyTxId":"9f161467d922d71afdee28af718c05579ac476b8","sellTxId":"76285ed10c63119258f05015625f817256c46da3"}
{"index": {"_index":"leo","_id":"3461846"}}
	{"id":3461846,"type":"sell","buyer":"rimosbot","seller":"zerace","symbol":"LEO","quantity":"24.636","price":"0.17299904","timestamp":1652882991,"volume":"4.26200435","buyTxId":"9f161467d922d71afdee28af718c05579ac476b8","sellTxId":"f8db2e000f29ef945a0f99774f954ea3e0eb3531"}
{"index": {"_index":"leo","_id":"3461848"}}
	{"id":3461848,"type":"sell","buyer":"hivemaker","seller":"zerace","symbol":"LEO","quantity":"359.459","price":"0.17299904","timestamp":1652883012,"volume":"62.18606192","buyTxId":"2096a9e51528a0edc4c9dce2cbd8a9f78bf80c4e","sellTxId":"7ff65841901c931129eafb6a4449eeb7787830ea"}
{"index": {"_index":"leo","_id":"3461851"}}
	{"id":3461851,"type":"buy","buyer":"beststart","seller":"leomaker","symbol":"LEO","quantity":"0.338","price":"0.17921300","timestamp":1652883030,"volume":"0.06057399","buyTxId":"2ec8cde808815114dbcd1765184e84a84217c420","sellTxId":"3771f2c88414715982e86092f32ca40c66b87797"}
{"index": {"_index":"leo","_id":"3461852"}}
	{"id":3461852,"type":"buy","buyer":"beststart","seller":"leomaker","symbol":"LEO","quantity":"0.346","price":"0.17921400","timestamp":1652883030,"volume":"0.06200804","buyTxId":"2ec8cde808815114dbcd1765184e84a84217c420","sellTxId":"0a180ddddf2fb93036d17ecd7d4578cfb009cb60"}
{"index": {"_index":"leo","_id":"3461853"}}
	{"id":3461853,"type":"buy","buyer":"beststart","seller":"ricksens85","symbol":"LEO","quantity":"410.948","price":"0.17921480","timestamp":1652883030,"volume":"73.64796363","buyTxId":"2ec8cde808815114dbcd1765184e84a84217c420","sellTxId":"0caead0a36cc90e1912c0d47d199311b057e136e"}
{"index": {"_index":"leo","_id":"3461854"}}
	{"id":3461854,"type":"sell","buyer":"hive-combine","seller":"zerace","symbol":"LEO","quantity":"404.488","price":"0.17299904","timestamp":1652883036,"volume":"69.97603569","buyTxId":"2943bef5de2407e4567c6e9f282b85d001f774cd","sellTxId":"2955f1f25980c8a7d4cf3c1decb4a27f5633b02d"}
{"index": {"_index":"leo","_id":"3461857"}}
	{"id":3461857,"type":"buy","buyer":"beststart","seller":"mazurbits","symbol":"LEO","quantity":"411.632","price":"0.17921475","timestamp":1652883081,"volume":"73.77052597","buyTxId":"be5b29d479ab524da1d28e044dc2cf161b897ba3","sellTxId":"a7483087a53f884b32ecaa2c751884ca985a3789"}
{"index": {"_index":"leo","_id":"3461858"}}
	{"id":3461858,"type":"buy","buyer":"beststart","seller":"pi-trader","symbol":"LEO","quantity":"100.000","price":"0.17921479","timestamp":1652883081,"volume":"17.92147900","buyTxId":"be5b29d479ab524da1d28e044dc2cf161b897ba3","sellTxId":"a625112609e35fc95026dcab6a53adf5119576b0-4"}
{"index": {"_index":"leo","_id":"3461859"}}
	{"id":3461859,"type":"buy","buyer":"beststart","seller":"barmus81","symbol":"LEO","quantity":"313.379","price":"0.17921480","timestamp":1652883081,"volume":"56.16215481","buyTxId":"be5b29d479ab524da1d28e044dc2cf161b897ba3","sellTxId":"295a17b573947b3d2d527e29a2a277fef19b66e7"}
{"index": {"_index":"leo","_id":"3461860"}}
	{"id":3461860,"type":"buy","buyer":"beststart","seller":"rimosbot","symbol":"LEO","quantity":"235.924","price":"0.17921480","timestamp":1652883081,"volume":"42.28107248","buyTxId":"be5b29d479ab524da1d28e044dc2cf161b897ba3","sellTxId":"5499be23603ef722418cbaf7629feb1a97d74366"}
{"index": {"_index":"leo","_id":"3461875"}}
	{"id":3461875,"type":"sell","buyer":"barmus81","seller":"svirus","symbol":"LEO","quantity":"308.590","price":"0.17400004","timestamp":1652883270,"volume":"53.69467234","buyTxId":"188b91d893cfa3c49a9ccf9a29aee231fdfedf96","sellTxId":"1f7be1aece1e27eb69e2cd61bb2ae4dafa456673-1"}
{"index": {"_index":"leo","_id":"3461876"}}
	{"id":3461876,"type":"sell","buyer":"barmus81","seller":"konvik","symbol":"LEO","quantity":"0.006","price":"0.17400004","timestamp":1652883276,"volume":"0.00104400","buyTxId":"188b91d893cfa3c49a9ccf9a29aee231fdfedf96","sellTxId":"e39ce9955ee11c1527fd37934b021e2be03b2295-1"}
{"index": {"_index":"leo","_id":"3461877"}}
	{"id":3461877,"type":"buy","buyer":"solovey6o2","seller":"konvik","symbol":"LEO","quantity":"289.808","price":"0.17400004","timestamp":1652883276,"volume":"50.42660359","buyTxId":"1a5c7d32c48ba876912ae2ef05725be28f1aae67","sellTxId":"e39ce9955ee11c1527fd37934b021e2be03b2295-1"}
{"index": {"_index":"leo","_id":"3461879"}}
	{"id":3461879,"type":"sell","buyer":"solovey6o2","seller":"frawdielp","symbol":"LEO","quantity":"9.999","price":"0.17400004","timestamp":1652883282,"volume":"1.73982640","buyTxId":"1a5c7d32c48ba876912ae2ef05725be28f1aae67","sellTxId":"b070e7168d57f005f1dceacddcc0b8c47f546826"}
{"index": {"_index":"leo","_id":"3461881"}}
	{"id":3461881,"type":"sell","buyer":"solovey6o2","seller":"pjansen","symbol":"LEO","quantity":"9.999","price":"0.17400004","timestamp":1652883291,"volume":"1.73982640","buyTxId":"1a5c7d32c48ba876912ae2ef05725be28f1aae67","sellTxId":"bd2f35576819f16c8186f10eff1e9b6f880b7e5a"}
{"index": {"_index":"leo","_id":"3461885"}}
	{"id":3461885,"type":"sell","buyer":"mazurbits","seller":"svirus","symbol":"LEO","quantity":"397.400","price":"0.17500004","timestamp":1652883366,"volume":"69.54501590","buyTxId":"00f6bf409ad80895e28fe648421a8c525564ed9b","sellTxId":"02972910b34a312566e5d13a404a7b6399b86e43-1"}
{"index": {"_index":"leo","_id":"3461887"}}
	{"id":3461887,"type":"sell","buyer":"zerace","seller":"frawdielp","symbol":"LEO","quantity":"9.999","price":"0.17500000","timestamp":1652883375,"volume":"1.74982500","buyTxId":"46af0ac55168627b8b015c6298d42265742f279c","sellTxId":"2aff83de9f5b24768396cfda989180ae36026a2c"}
{"index": {"_index":"leo","_id":"3461892"}}
	{"id":3461892,"type":"sell","buyer":"rimosbot","seller":"konvik","symbol":"LEO","quantity":"213.045","price":"0.17500001","timestamp":1652883429,"volume":"37.28287713","buyTxId":"694135018ae591ad4918e20564c9d6807b97d741","sellTxId":"da40527b7690a7d48d925c579560e4918f43033c-1"}
{"index": {"_index":"leo","_id":"3461893"}}
	{"id":3461893,"type":"sell","buyer":"zerace","seller":"konvik","symbol":"LEO","quantity":"0.001","price":"0.17500000","timestamp":1652883429,"volume":"0.00017500","buyTxId":"46af0ac55168627b8b015c6298d42265742f279c","sellTxId":"da40527b7690a7d48d925c579560e4918f43033c-1"}
{"index": {"_index":"leo","_id":"3461894"}}
	{"id":3461894,"type":"sell","buyer":"zerace","seller":"konvik","symbol":"LEO","quantity":"9.778","price":"0.17500000","timestamp":1652883429,"volume":"1.71115000","buyTxId":"700ee644281a6f524a508857f57503fbd2c6e043","sellTxId":"da40527b7690a7d48d925c579560e4918f43033c-1"}
{"index": {"_index":"leo","_id":"3461905"}}
	{"id":3461905,"type":"sell","buyer":"zerace","seller":"frawdielp","symbol":"LEO","quantity":"9.999","price":"0.17600000","timestamp":1652883594,"volume":"1.75982400","buyTxId":"e9bc84a01d5f1214d523b4ad3a7b5eaf6d9b6875","sellTxId":"b4f3895a5cc5716c21f9ff84bcc695e22cd876f2"}
{"index": {"_index":"leo","_id":"3461908"}}
	{"id":3461908,"type":"sell","buyer":"zerace","seller":"frawdielp","symbol":"LEO","quantity":"0.001","price":"0.17600000","timestamp":1652883624,"volume":"0.00017600","buyTxId":"e9bc84a01d5f1214d523b4ad3a7b5eaf6d9b6875","sellTxId":"5016e46efd4a486fba623355ef3a753e677c9c4d"}
{"index": {"_index":"leo","_id":"3461910"}}
	{"id":3461910,"type":"sell","buyer":"ricksens85","seller":"konvik","symbol":"LEO","quantity":"402.071","price":"0.17600001","timestamp":1652883645,"volume":"70.76450002","buyTxId":"4ba4f162eb83f0798f65864e174f76e84d9a4df9","sellTxId":"c0f9b780c296714edc42a9a0c989393cf9f3a4d8-1"}
{"index": {"_index":"leo","_id":"3461911"}}
	{"id":3461911,"type":"sell","buyer":"zerace","seller":"konvik","symbol":"LEO","quantity":"9.589","price":"0.17600000","timestamp":1652883645,"volume":"1.68766400","buyTxId":"c2bf1a69066c5fa640448203e111f0a8844d5c2a","sellTxId":"c0f9b780c296714edc42a9a0c989393cf9f3a4d8-1"}
{"index": {"_index":"leo","_id":"3461921"}}
	{"id":3461921,"type":"buy","buyer":"frawdielp","seller":"zerace","symbol":"LEO","quantity":"9.999","price":"0.17290000","timestamp":1652883768,"volume":"1.72882710","buyTxId":"c72bec1a5e7c5a5e060b53528f501d7ddb65d66f","sellTxId":"1a94c7afa3a9b00374c6cba7f28dfd51b57b7ca0"}
{"index": {"_index":"leo","_id":"3461923"}}
	{"id":3461923,"type":"buy","buyer":"frawdielp","seller":"zerace","symbol":"LEO","quantity":"0.001","price":"0.17200000","timestamp":1652883798,"volume":"0.00017200","buyTxId":"d457b29dda986f7b7165240f4626b5a6d11c53ed","sellTxId":"71868e5d5c6ec2d13f7d73fa4aaa693947366e7d"}
{"index": {"_index":"leo","_id":"3461924"}}
	{"id":3461924,"type":"buy","buyer":"svirus","seller":"mazurbits","symbol":"LEO","quantity":"397.400","price":"0.17199996","timestamp":1652883813,"volume":"68.35278410","buyTxId":"9a0157f840fd43906e701882953580f5ac863a62-0","sellTxId":"1fd43472b1803eab100ddeaa1ae82248ab964cff"}
{"index": {"_index":"leo","_id":"3461925"}}
	{"id":3461925,"type":"buy","buyer":"konvik","seller":"mazurbits","symbol":"LEO","quantity":"0.001","price":"0.17199996","timestamp":1652883813,"volume":"0.00017200","buyTxId":"aa62a561b8ebc878e8e0b101b70458f736a68359-0","sellTxId":"1fd43472b1803eab100ddeaa1ae82248ab964cff"}
{"index": {"_index":"leo","_id":"3461926"}}
	{"id":3461926,"type":"buy","buyer":"konvik","seller":"zerace","symbol":"LEO","quantity":"9.999","price":"0.17200000","timestamp":1652883813,"volume":"1.71982800","buyTxId":"aa62a561b8ebc878e8e0b101b70458f736a68359-0","sellTxId":"71868e5d5c6ec2d13f7d73fa4aaa693947366e7d"}
{"index": {"_index":"leo","_id":"3461927"}}
	{"id":3461927,"type":"buy","buyer":"konvik","seller":"zerace","symbol":"LEO","quantity":"0.001","price":"0.17290000","timestamp":1652883813,"volume":"0.00017290","buyTxId":"aa62a561b8ebc878e8e0b101b70458f736a68359-0","sellTxId":"1a94c7afa3a9b00374c6cba7f28dfd51b57b7ca0"}
{"index": {"_index":"leo","_id":"3461928"}}
	{"id":3461928,"type":"sell","buyer":"konvik","seller":"ricksens85","symbol":"LEO","quantity":"397.404","price":"0.17290000","timestamp":1652883813,"volume":"68.71115160","buyTxId":"aa62a561b8ebc878e8e0b101b70458f736a68359-0","sellTxId":"783f8789a5005bdd68c29c1f920d2aca3fd43c9b"}
{"index": {"_index":"leo","_id":"3461929"}}
	{"id":3461929,"type":"sell","buyer":"pi-trader","seller":"berthold","symbol":"LEO","quantity":"0.588","price":"0.16525501","timestamp":1652883819,"volume":"0.09716995","buyTxId":"37560f815835f796825c059e7dc5fb4313b4233e","sellTxId":"1321733a8d4b863f99b77f29f663b511924c44a8"}
{"index": {"_index":"leo","_id":"3461934"}}
	{"id":3461934,"type":"buy","buyer":"frawdielp","seller":"ricksens85","symbol":"LEO","quantity":"22.842","price":"0.17199996","timestamp":1652883831,"volume":"3.92882309","buyTxId":"0e848cfbbff2b87f007a468d79cf1afe38d48ee1","sellTxId":"783f8789a5005bdd68c29c1f920d2aca3fd43c9b"}
{"index": {"_index":"leo","_id":"3461935"}}
	{"id":3461935,"type":"buy","buyer":"konvik","seller":"ricksens85","symbol":"LEO","quantity":"0.001","price":"0.17199996","timestamp":1652883837,"volume":"0.00017200","buyTxId":"58e56fe6960f4226328a26a4b16c302059aaef8d-0","sellTxId":"783f8789a5005bdd68c29c1f920d2aca3fd43c9b"}
{"index": {"_index":"leo","_id":"3461936"}}
	{"id":3461936,"type":"buy","buyer":"konvik","seller":"hivemaker","symbol":"LEO","quantity":"359.459","price":"0.17199996","timestamp":1652883837,"volume":"61.82693362","buyTxId":"58e56fe6960f4226328a26a4b16c302059aaef8d-0","sellTxId":"eef97ae651b397f8a03439788a597b803679f959"}
{"index": {"_index":"leo","_id":"3461937"}}
	{"id":3461937,"type":"sell","buyer":"svirus","seller":"solovey6o2","symbol":"LEO","quantity":"319.915","price":"0.17199996","timestamp":1652883849,"volume":"55.02536720","buyTxId":"3953f1a85d0f0daa6039fd1f16b5416442c4bf20-0","sellTxId":"f020327162867adf96445c6ac250fb9d4dfb47fb"}
{"index": {"_index":"leo","_id":"3461942"}}
	{"id":3461942,"type":"buy","buyer":"konvik","seller":"hive-combine","symbol":"LEO","quantity":"267.249","price":"0.17149996","timestamp":1652883921,"volume":"45.83319281","buyTxId":"4835ec74d793322426b0819d990979d8fd0162dc-0","sellTxId":"5ce2a60ebb001cb4b18343e911de89a9956276f7"}
{"index": {"_index":"leo","_id":"3461943"}}
	{"id":3461943,"type":"buy","buyer":"svirus","seller":"zerace","symbol":"LEO","quantity":"30.000","price":"0.17010000","timestamp":1652883954,"volume":"5.10300000","buyTxId":"6934be807e0c1c028dce31c105f3935a7dcb455d-0","sellTxId":"739631c4c98d2549e3c69b4ccd8ba28580427b78"}
{"index": {"_index":"leo","_id":"3461946"}}
	{"id":3461946,"type":"buy","buyer":"konvik","seller":"rimosbot","symbol":"LEO","quantity":"347.041","price":"0.17009996","timestamp":1652883972,"volume":"59.03166022","buyTxId":"bd82eaaf0f20c188129f9ff3fad4b158b954f518-0","sellTxId":"f23f124496f3b62d60b56708aa38e0b59734b7b1"}
{"index": {"_index":"leo","_id":"3461958"}}
