{"index": {"_index":"lolz","_id":"3822461"}}
	{"id":3822461,"type":"sell","buyer":"onlydoge","seller":"laritheghost","symbol":"LOLZ","quantity":"0.68744013","price":"0.05113000","timestamp":1656715860,"volume":"0.03514881","buyTxId":"f9653fc36c6600c03feb4dcc6d8dd1f6d7eabb09","sellTxId":"4d25d841923a2245075a1a3b638a5b51cbf9a634"}
{"index": {"_index":"lolz","_id":"3822489"}}
	{"id":3822489,"type":"sell","buyer":"onlydoge","seller":"pjansen","symbol":"LOLZ","quantity":"1","price":"0.05113000","timestamp":1656716352,"volume":"0.05113000","buyTxId":"f9653fc36c6600c03feb4dcc6d8dd1f6d7eabb09","sellTxId":"4aa25876714526d230121a058f5decfb02780538"}
{"index": {"_index":"lolz","_id":"3822986"}}
	{"id":3822986,"type":"sell","buyer":"onlydoge","seller":"truth2","symbol":"LOLZ","quantity":"1","price":"0.05114000","timestamp":1656721680,"volume":"0.05114000","buyTxId":"4aa72aab68c35917ee36bccbdca1854eaa613b17","sellTxId":"081c14de575bcb4bece4ebb813f511489e5bafd1"}
{"index": {"_index":"lolz","_id":"3824098"}}
	{"id":3824098,"type":"sell","buyer":"onlydoge","seller":"lanny0938","symbol":"LOLZ","quantity":"0.25029299","price":"0.05120000","timestamp":1656739716,"volume":"0.01281500","buyTxId":"131a86e44aabedac9096b3c7159c8f1378a3ed90","sellTxId":"79095e04eccefcf0839197ca15405d5602872a8a"}
{"index": {"_index":"lolz","_id":"3825137"}}
	{"id":3825137,"type":"sell","buyer":"onlydoge","seller":"hive-143869","symbol":"LOLZ","quantity":"4.00004593","price":"0.05132000","timestamp":1656756777,"volume":"0.20528236","buyTxId":"7f6c28032f96a254a237eff79aaa4637fde80ccb","sellTxId":"4c6c95be8bdc943d5f1a4fe91ec09985c9ad6cc2"}
{"index": {"_index":"lolz","_id":"3825293"}}
	{"id":3825293,"type":"sell","buyer":"onlydoge","seller":"entraide.rewards","symbol":"LOLZ","quantity":"0.00001317","price":"0.05132000","timestamp":1656758352,"volume":"0.00000068","buyTxId":"7f6c28032f96a254a237eff79aaa4637fde80ccb","sellTxId":"bd42b16ad9414c8245df638df912dd47c747fa79"}
{"index": {"_index":"lolz","_id":"3825320"}}
	{"id":3825320,"type":"sell","buyer":"onlydoge","seller":"synergie","symbol":"LOLZ","quantity":"0.00002921","price":"0.05132000","timestamp":1656759051,"volume":"0.00000150","buyTxId":"7f6c28032f96a254a237eff79aaa4637fde80ccb","sellTxId":"9e48cdf4e54814b19ddec0b6c610beb1503985e4"}
{"index": {"_index":"lolz","_id":"3825396"}}
	{"id":3825396,"type":"sell","buyer":"onlydoge","seller":"quotidien","symbol":"LOLZ","quantity":"2.00000000","price":"0.05132000","timestamp":1656759891,"volume":"0.10264000","buyTxId":"7f6c28032f96a254a237eff79aaa4637fde80ccb","sellTxId":"c41ce98d24136822898b621e2713fd2fa7430837"}
{"index": {"_index":"lolz","_id":"3825731"}}
	{"id":3825731,"type":"sell","buyer":"onlydoge","seller":"clixmoney","symbol":"LOLZ","quantity":"1.00000000","price":"0.05132000","timestamp":1656765366,"volume":"0.05132000","buyTxId":"7f6c28032f96a254a237eff79aaa4637fde80ccb","sellTxId":"d4cea44948c851f19d17dbd78935b77f761eefa1"}
{"index": {"_index":"lolz","_id":"3826031"}}
	{"id":3826031,"type":"buy","buyer":"dechuck","seller":"onlydoge","symbol":"LOLZ","quantity":"4.00000000","price":"0.06999000","timestamp":1656769710,"volume":"0.27996000","buyTxId":"288a7dbdad1cc8940d6ea18247382ae0302e8ff6","sellTxId":"3e5fa2dc41e23d387a737c89a38c36d5715f413f"}
{"index": {"_index":"lolz","_id":"3826095"}}
	{"id":3826095,"type":"sell","buyer":"hatke","seller":"forsakensushi","symbol":"LOLZ","quantity":"122.03684406","price":"0.05191000","timestamp":1656770685,"volume":"6.33493258","buyTxId":"0596c9f33f0b3f802941ca0c1d1b8e4d1c981b50","sellTxId":"0d84b3deddfc10b9fac3b13f05a032d2b4afa4e4"}
{"index": {"_index":"lolz","_id":"3826212"}}
	{"id":3826212,"type":"sell","buyer":"hatke","seller":"captainquack22","symbol":"LOLZ","quantity":"3","price":"0.05191000","timestamp":1656772068,"volume":"0.15573000","buyTxId":"0596c9f33f0b3f802941ca0c1d1b8e4d1c981b50","sellTxId":"55b99d12860e7ec11b53581b6e608cb4f67ed0a4"}
{"index": {"_index":"lolz","_id":"3826809"}}
	{"id":3826809,"type":"sell","buyer":"hatke","seller":"barski","symbol":"LOLZ","quantity":"1.00063646","price":"0.05191000","timestamp":1656776508,"volume":"0.05194304","buyTxId":"0596c9f33f0b3f802941ca0c1d1b8e4d1c981b50","sellTxId":"ff89562cf6d0f433f1308a26471a58088242b435"}
{"index": {"_index":"lolz","_id":"3826935"}}
	{"id":3826935,"type":"sell","buyer":"hatke","seller":"nevies","symbol":"LOLZ","quantity":"8.00000000","price":"0.05191000","timestamp":1656777990,"volume":"0.41528000","buyTxId":"0596c9f33f0b3f802941ca0c1d1b8e4d1c981b50","sellTxId":"8921abd5cecfa1474e9a65854cfc178543330421"}
{"index": {"_index":"lolz","_id":"3827014"}}
	{"id":3827014,"type":"sell","buyer":"hatke","seller":"dswap","symbol":"LOLZ","quantity":"8","price":"0.05191000","timestamp":1656779187,"volume":"0.41528000","buyTxId":"0596c9f33f0b3f802941ca0c1d1b8e4d1c981b50","sellTxId":"11551086d9adcb8b904b5415afcf7cd6b43ab0e6"}
{"index": {"_index":"lolz","_id":"3827248"}}
	{"id":3827248,"type":"buy","buyer":"hatke","seller":"onlydoge","symbol":"LOLZ","quantity":"2.00000000","price":"0.06999000","timestamp":1656781314,"volume":"0.13998000","buyTxId":"0911f9a9932b12bfbe21f1ae57d06a044331cd6f","sellTxId":"3e5fa2dc41e23d387a737c89a38c36d5715f413f"}
{"index": {"_index":"lolz","_id":"3827623"}}
	{"id":3827623,"type":"sell","buyer":"steem82868","seller":"actifit.mmplayer","symbol":"LOLZ","quantity":"21.00000000","price":"0.05190000","timestamp":1656785049,"volume":"1.08990000","buyTxId":"36d54854f42a4a1ea900a7b1cf921ce9fd12292b","sellTxId":"063fe76b52a6961274531a9c9638cf9a860388e9"}
{"index": {"_index":"lolz","_id":"3827693"}}
	{"id":3827693,"type":"sell","buyer":"steem82868","seller":"hive.phyowinkoko","symbol":"LOLZ","quantity":"41.00000000","price":"0.05190000","timestamp":1656786057,"volume":"2.12790000","buyTxId":"36d54854f42a4a1ea900a7b1cf921ce9fd12292b","sellTxId":"8a3bfb78ba21cd5ae87b0f1d2e39883eec362e69"}
{"index": {"_index":"lolz","_id":"3827699"}}
	{"id":3827699,"type":"sell","buyer":"brianhuang","seller":"hive.phyowinkoko","symbol":"LOLZ","quantity":"156.28176085","price":"0.05113011","timestamp":1656786099,"volume":"7.99070362","buyTxId":"1d3bd5273e1fc5b879171988a508e902db7ba477","sellTxId":"af42d8236623bbb6f08e0d2b5c30a6c94029aede"}
{"index": {"_index":"lolz","_id":"3827756"}}
	{"id":3827756,"type":"sell","buyer":"brianhuang","seller":"learningenglish","symbol":"LOLZ","quantity":"34.07200778","price":"0.05113011","timestamp":1656786669,"volume":"1.74210551","buyTxId":"1d3bd5273e1fc5b879171988a508e902db7ba477","sellTxId":"d09e20751934c2a907155488dce8ca2655d9223e"}
{"index": {"_index":"lolz","_id":"3827969"}}
	{"id":3827969,"type":"buy","buyer":"benthomaswwd","seller":"onlydoge","symbol":"LOLZ","quantity":"2.93782100","price":"0.06999000","timestamp":1656788325,"volume":"0.20561809","buyTxId":"c00397376e9286b736cee8df26ff72d39afdea7c","sellTxId":"3e5fa2dc41e23d387a737c89a38c36d5715f413f"}
{"index": {"_index":"lolz","_id":"3827980"}}
	{"id":3827980,"type":"buy","buyer":"benthomaswwd","seller":"onlydoge","symbol":"LOLZ","quantity":"0.00000043","price":"0.06999000","timestamp":1656788436,"volume":"0.00000003","buyTxId":"4e6a9c6d36aa86908a83e87ef593b40c64de8468","sellTxId":"3e5fa2dc41e23d387a737c89a38c36d5715f413f"}
{"index": {"_index":"lolz","_id":"3827981"}}
	{"id":3827981,"type":"buy","buyer":"benthomaswwd","seller":"ben.haase","symbol":"LOLZ","quantity":"0.05931389","price":"0.07000000","timestamp":1656788436,"volume":"0.00415197","buyTxId":"4e6a9c6d36aa86908a83e87ef593b40c64de8468","sellTxId":"96173c073f0ed7e5e926ee2cb1e1311efb71ea83"}
{"index": {"_index":"lolz","_id":"3827982"}}
	{"id":3827982,"type":"buy","buyer":"benthomaswwd","seller":"bilidrg","symbol":"LOLZ","quantity":"9.99999868","price":"0.07000000","timestamp":1656788436,"volume":"0.69999991","buyTxId":"4e6a9c6d36aa86908a83e87ef593b40c64de8468","sellTxId":"6da84dff6c5128603b697fd39af0ce7d54b43874"}
{"index": {"_index":"lolz","_id":"3827986"}}
	{"id":3827986,"type":"buy","buyer":"benthomaswwd","seller":"bilidrg","symbol":"LOLZ","quantity":"0.00000132","price":"0.07000000","timestamp":1656788466,"volume":"0.00000009","buyTxId":"66d99c1633fd0a9f89c19f1d003d6c3497cd633f","sellTxId":"6da84dff6c5128603b697fd39af0ce7d54b43874"}
{"index": {"_index":"lolz","_id":"3827987"}}
	{"id":3827987,"type":"buy","buyer":"benthomaswwd","seller":"walarhein","symbol":"LOLZ","quantity":"19.18438168","price":"0.07000100","timestamp":1656788466,"volume":"1.34292590","buyTxId":"66d99c1633fd0a9f89c19f1d003d6c3497cd633f","sellTxId":"79cfef637156b28f80ed3328496ef19d1406313e"}
{"index": {"_index":"lolz","_id":"3827996"}}
	{"id":3827996,"type":"buy","buyer":"benthomaswwd","seller":"walarhein","symbol":"LOLZ","quantity":"0.00000155","price":"0.07000100","timestamp":1656788499,"volume":"0.00000011","buyTxId":"4b90ff17869a00bc9d34e04cd209803755467970","sellTxId":"79cfef637156b28f80ed3328496ef19d1406313e"}
{"index": {"_index":"lolz","_id":"3827997"}}
	{"id":3827997,"type":"buy","buyer":"benthomaswwd","seller":"erhan92","symbol":"LOLZ","quantity":"10.00990745","price":"0.22700000","timestamp":1656788499,"volume":"2.27224899","buyTxId":"4b90ff17869a00bc9d34e04cd209803755467970","sellTxId":"7596734672bb2c10ba86455e7b964f7e17ed8b42"}
{"index": {"_index":"lolz","_id":"3828000"}}
	{"id":3828000,"type":"buy","buyer":"benthomaswwd","seller":"erhan92","symbol":"LOLZ","quantity":"0.00000194","price":"0.22700000","timestamp":1656788562,"volume":"0.00000044","buyTxId":"309240222402be366373221c36f7ec4ed02d9c46","sellTxId":"7596734672bb2c10ba86455e7b964f7e17ed8b42"}
{"index": {"_index":"lolz","_id":"3828001"}}
	{"id":3828001,"type":"buy","buyer":"benthomaswwd","seller":"imno","symbol":"LOLZ","quantity":"5.99999806","price":"0.25000000","timestamp":1656788562,"volume":"1.49999952","buyTxId":"309240222402be366373221c36f7ec4ed02d9c46","sellTxId":"196df3c383305e3604ca258de76a6101e0cde127"}
{"index": {"_index":"lolz","_id":"3828157"}}
	{"id":3828157,"type":"sell","buyer":"onlydoge","seller":"ydaiznfts","symbol":"LOLZ","quantity":"2.00351261","price":"0.05120000","timestamp":1656789594,"volume":"0.10257985","buyTxId":"5f9465c239de027597f1818fa1a1d890ecf6dfa6","sellTxId":"7be90b2d9a314c3484fdb0329874f4d49c888e4e"}
{"index": {"_index":"lolz","_id":"3828808"}}
	{"id":3828808,"type":"sell","buyer":"onlydoge","seller":"quotidien","symbol":"LOLZ","quantity":"3.00000000","price":"0.05120000","timestamp":1656796902,"volume":"0.15360000","buyTxId":"5f9465c239de027597f1818fa1a1d890ecf6dfa6","sellTxId":"ff30cdda0b75c01bbff927b18d8d872cbf709037"}
{"index": {"_index":"lolz","_id":"3829007"}}
	{"id":3829007,"type":"sell","buyer":"onlydoge","seller":"gestion.alive","symbol":"LOLZ","quantity":"8.01712644","price":"0.05120000","timestamp":1656799440,"volume":"0.41047687","buyTxId":"5f9465c239de027597f1818fa1a1d890ecf6dfa6","sellTxId":"d725deb49228595461679a6c37f79e1e057e6c46"}
