{"index": {"_index":"lolz","_id":"4028461"}}
	{"id":4028461,"type":"sell","buyer":"magicbeans","seller":"dswap","symbol":"LOLZ","quantity":"1.30288648","price":"0.03030006","timestamp":1659238980,"volume":"0.03947754","buyTxId":"92474aa28de51bf4b416c0d140fc23d56a92082e","sellTxId":"6387a191aa8760f8338a50e7deaa8e029aacbdc3"}
{"index": {"_index":"lolz","_id":"4028737"}}
	{"id":4028737,"type":"sell","buyer":"magicbeans","seller":"ydaiznfts","symbol":"LOLZ","quantity":"2.05554270","price":"0.03030006","timestamp":1659243123,"volume":"0.06228307","buyTxId":"92474aa28de51bf4b416c0d140fc23d56a92082e","sellTxId":"2be7f2036804d4f2def0c49d0b62a85388dce30a"}
{"index": {"_index":"lolz","_id":"4029157"}}
	{"id":4029157,"type":"sell","buyer":"magicbeans","seller":"nathen007","symbol":"LOLZ","quantity":"1","price":"0.03030006","timestamp":1659249366,"volume":"0.03030006","buyTxId":"92474aa28de51bf4b416c0d140fc23d56a92082e","sellTxId":"19c9fd942166c98ff6b9c7933f703fe5efbe21de"}
{"index": {"_index":"lolz","_id":"4029442"}}
	{"id":4029442,"type":"sell","buyer":"magicbeans","seller":"quinnertronics","symbol":"LOLZ","quantity":"0.66000000","price":"0.03030006","timestamp":1659253506,"volume":"0.01999804","buyTxId":"92474aa28de51bf4b416c0d140fc23d56a92082e","sellTxId":"ab034a9348f8c524b014b8ae75ec7ef78c9c3863"}
{"index": {"_index":"lolz","_id":"4030738"}}
	{"id":4030738,"type":"sell","buyer":"brianhuang","seller":"monsterjamgold","symbol":"LOLZ","quantity":"0.06356170","price":"0.03030007","timestamp":1659268797,"volume":"0.00192592","buyTxId":"6668bb709714e13f9e4834b709ea6cc04710ac4f","sellTxId":"2d39309e61d66c94945f9540d482c175aeff3553"}
{"index": {"_index":"lolz","_id":"4030995"}}
	{"id":4030995,"type":"sell","buyer":"brianhuang","seller":"n15m0","symbol":"LOLZ","quantity":"1.15200259","price":"0.03030007","timestamp":1659272097,"volume":"0.03490576","buyTxId":"6668bb709714e13f9e4834b709ea6cc04710ac4f","sellTxId":"523c968ef06984eb702e98366944c9bbf8ddd36f"}
{"index": {"_index":"lolz","_id":"4031021"}}
	{"id":4031021,"type":"sell","buyer":"brianhuang","seller":"nayfull","symbol":"LOLZ","quantity":"0.54877117","price":"0.03030007","timestamp":1659272613,"volume":"0.01662780","buyTxId":"6668bb709714e13f9e4834b709ea6cc04710ac4f","sellTxId":"25f8c81475f7f22e71cccd726ace2ad1de7f0db9"}
{"index": {"_index":"lolz","_id":"4031031"}}
	{"id":4031031,"type":"sell","buyer":"brianhuang","seller":"anikekirsten","symbol":"LOLZ","quantity":"0.00000613","price":"0.03030007","timestamp":1659272754,"volume":"0.00000019","buyTxId":"6668bb709714e13f9e4834b709ea6cc04710ac4f","sellTxId":"d71a5f783b8d5c63b3ead01d07dbba94da4d978e"}
{"index": {"_index":"lolz","_id":"4031225"}}
	{"id":4031225,"type":"sell","buyer":"brianhuang","seller":"cliffagreen","symbol":"LOLZ","quantity":"1.58900000","price":"0.03030007","timestamp":1659274632,"volume":"0.04814681","buyTxId":"6668bb709714e13f9e4834b709ea6cc04710ac4f","sellTxId":"9aa412050590461a347ed1428af3628d35aebdb6"}
{"index": {"_index":"lolz","_id":"4031453"}}
	{"id":4031453,"type":"sell","buyer":"wazock","seller":"lightcaptured","symbol":"LOLZ","quantity":"2.01294118","price":"0.04000000","timestamp":1659277197,"volume":"0.08051765","buyTxId":"e02d2c5aaec03894fa44457d4268c39337805edb","sellTxId":"3c291ba963e1b00d84b00335edfd64797e0f5f49"}
{"index": {"_index":"lolz","_id":"4031470"}}
	{"id":4031470,"type":"buy","buyer":"wazock","seller":"onlydoge","symbol":"LOLZ","quantity":"7.44158000","price":"0.06719000","timestamp":1659277395,"volume":"0.49999976","buyTxId":"ba26f1e7a8316979a5bd622d0f6338a51b86d834","sellTxId":"c5ffdbe408a3e296767de4cdee90fb5120700cb2"}
{"index": {"_index":"lolz","_id":"4031471"}}
	{"id":4031471,"type":"buy","buyer":"wazock","seller":"gestion.alive","symbol":"LOLZ","quantity":"3.03773613","price":"0.06719000","timestamp":1659277395,"volume":"0.20410549","buyTxId":"ba26f1e7a8316979a5bd622d0f6338a51b86d834","sellTxId":"36593e238dfcb696486ab4613c0e12982790c24f"}
{"index": {"_index":"lolz","_id":"4031472"}}
	{"id":4031472,"type":"buy","buyer":"wazock","seller":"indiebandguru","symbol":"LOLZ","quantity":"1.52068387","price":"0.06770000","timestamp":1659277395,"volume":"0.10295030","buyTxId":"ba26f1e7a8316979a5bd622d0f6338a51b86d834","sellTxId":"0a2dd57edf9d5d91c069088968f8415e961d7971"}
{"index": {"_index":"lolz","_id":"4031535"}}
	{"id":4031535,"type":"sell","buyer":"magicbeans","seller":"zottone444","symbol":"LOLZ","quantity":"44.98157082","price":"0.04000001","timestamp":1659278019,"volume":"1.79926328","buyTxId":"6bc4362450a8824fb4c21cb182b64ab0189029fa","sellTxId":"a85c63f7dd842e3b2f07493ad3fa874b2f7bca09"}
{"index": {"_index":"lolz","_id":"4031622"}}
	{"id":4031622,"type":"buy","buyer":"nyinyiwin","seller":"zottone444","symbol":"LOLZ","quantity":"3.72467052","price":"0.04000001","timestamp":1659278823,"volume":"0.14898686","buyTxId":"a4c605f34eb3a884379764781a2cc3c4f8af4eb5","sellTxId":"a85c63f7dd842e3b2f07493ad3fa874b2f7bca09"}
{"index": {"_index":"lolz","_id":"4031673"}}
	{"id":4031673,"type":"sell","buyer":"onlydoge","seller":"laritheghost","symbol":"LOLZ","quantity":"0.4433333","price":"0.04001000","timestamp":1659279603,"volume":"0.01773777","buyTxId":"1bcb3269396b7c78720ec8522835b04c732035bb","sellTxId":"45d13ba7d8a2343bf4c4adedd153c29df7e4b0ee"}
{"index": {"_index":"lolz","_id":"4031794"}}
	{"id":4031794,"type":"sell","buyer":"onlydoge","seller":"mann0000","symbol":"LOLZ","quantity":"5.80583402","price":"0.04001000","timestamp":1659280980,"volume":"0.23229142","buyTxId":"1bcb3269396b7c78720ec8522835b04c732035bb","sellTxId":"0bdef683da036d03bd7be319bb4682ee650c23ca"}
{"index": {"_index":"lolz","_id":"4031875"}}
	{"id":4031875,"type":"sell","buyer":"onlydoge","seller":"xplosive","symbol":"LOLZ","quantity":"1.00233858","price":"0.04001000","timestamp":1659281697,"volume":"0.04010357","buyTxId":"1bcb3269396b7c78720ec8522835b04c732035bb","sellTxId":"8a466feae49724bdcfc5a7c5204914bdd7ddb138"}
{"index": {"_index":"lolz","_id":"4032220"}}
	{"id":4032220,"type":"sell","buyer":"onlydoge","seller":"felixgarciap","symbol":"LOLZ","quantity":"19.00000000","price":"0.04001000","timestamp":1659285630,"volume":"0.76019000","buyTxId":"1bcb3269396b7c78720ec8522835b04c732035bb","sellTxId":"4457d0d9b016a04f36ae4c70b4e8c8635c5d105d"}
{"index": {"_index":"lolz","_id":"4033481"}}
	{"id":4033481,"type":"sell","buyer":"onlydoge","seller":"weldmaster","symbol":"LOLZ","quantity":"7.09072621","price":"0.04001000","timestamp":1659299883,"volume":"0.28369996","buyTxId":"1bcb3269396b7c78720ec8522835b04c732035bb","sellTxId":"2e9544651fb7063b78dbedca9c1179549925e530"}
{"index": {"_index":"lolz","_id":"4033530"}}
	{"id":4033530,"type":"buy","buyer":"definethedollar","seller":"sentipl","symbol":"LOLZ","quantity":"3.00004520","price":"0.06100000","timestamp":1659300423,"volume":"0.18300276","buyTxId":"1a2195c90f0ef18cd082cbc258f18023a874d79b","sellTxId":"ee7e867bcad9f6b1fb4582d92ec7c9dfb35ad222"}
{"index": {"_index":"lolz","_id":"4033544"}}
	{"id":4033544,"type":"buy","buyer":"definethedollar","seller":"onlydoge","symbol":"LOLZ","quantity":"95.30852443","price":"0.06757000","timestamp":1659300555,"volume":"6.43999700","buyTxId":"17f4e5a5d093f6b2ea486c7a75cadcfd643d807d","sellTxId":"8aea238895512fdf1cc4839fcd70538715116ff7"}
{"index": {"_index":"lolz","_id":"4033571"}}
	{"id":4033571,"type":"sell","buyer":"onlydoge","seller":"submo","symbol":"LOLZ","quantity":"3","price":"0.04001000","timestamp":1659300780,"volume":"0.12003000","buyTxId":"1bcb3269396b7c78720ec8522835b04c732035bb","sellTxId":"001854333d572b86c6b28c9f6271812be0cc653f"}
{"index": {"_index":"lolz","_id":"4033607"}}
	{"id":4033607,"type":"sell","buyer":"onlydoge","seller":"jingo-submo","symbol":"LOLZ","quantity":"19.00000000","price":"0.04001000","timestamp":1659301266,"volume":"0.76019000","buyTxId":"1bcb3269396b7c78720ec8522835b04c732035bb","sellTxId":"e8edda7c3bb07bab550fd51d4d4c640fefc15af6"}
{"index": {"_index":"lolz","_id":"4033794"}}
	{"id":4033794,"type":"buy","buyer":"hiq.redaktion","seller":"ruralio","symbol":"LOLZ","quantity":"6.00000000","price":"0.06757800","timestamp":1659303618,"volume":"0.40546800","buyTxId":"ac832463bf5fd69238e7d31711486a9f8f092cd4","sellTxId":"4632a6923611e09a93d68eb886da67429aca13a0"}
{"index": {"_index":"lolz","_id":"4033798"}}
	{"id":4033798,"type":"buy","buyer":"hiq.redaktion","seller":"magicbeans","symbol":"LOLZ","quantity":"20.00000000","price":"0.06757999","timestamp":1659303648,"volume":"1.35159980","buyTxId":"cf3a15a1cb268b84b87352644aedc89f2c9750a4","sellTxId":"8de5025ec4d5932e366793b522f125992bbc2506"}
{"index": {"_index":"lolz","_id":"4034088"}}
	{"id":4034088,"type":"sell","buyer":"onlydoge","seller":"cryptoarchive","symbol":"LOLZ","quantity":"7.00000000","price":"0.04001000","timestamp":1659308064,"volume":"0.28007000","buyTxId":"1bcb3269396b7c78720ec8522835b04c732035bb","sellTxId":"bd580bcc5415817192a8eae9283ea0cd22703e76"}
{"index": {"_index":"lolz","_id":"4035109"}}
	{"id":4035109,"type":"sell","buyer":"onlydoge","seller":"gaboamc2393","symbol":"LOLZ","quantity":"1.00000000","price":"0.04001000","timestamp":1659313995,"volume":"0.04001000","buyTxId":"1bcb3269396b7c78720ec8522835b04c732035bb","sellTxId":"dda60450a6f7fcb6396be0bda32c3fb83027232d"}
{"index": {"_index":"lolz","_id":"4036135"}}
	{"id":4036135,"type":"sell","buyer":"onlydoge","seller":"underlock","symbol":"LOLZ","quantity":"18.00000000","price":"0.04001000","timestamp":1659315423,"volume":"0.72018000","buyTxId":"1bcb3269396b7c78720ec8522835b04c732035bb","sellTxId":"08c2118d0bd147e0ade343e3d795f3ac9b21b4ce"}
{"index": {"_index":"lolz","_id":"4036303"}}
	{"id":4036303,"type":"sell","buyer":"onlydoge","seller":"xheadhunterz","symbol":"LOLZ","quantity":"14.00000000","price":"0.04001000","timestamp":1659315789,"volume":"0.56014000","buyTxId":"1bcb3269396b7c78720ec8522835b04c732035bb","sellTxId":"808d7e613ef48093febeb396141a1e406b192897"}
{"index": {"_index":"lolz","_id":"4037410"}}
	{"id":4037410,"type":"sell","buyer":"onlydoge","seller":"tanzil2024","symbol":"LOLZ","quantity":"3.00000000","price":"0.04001000","timestamp":1659317946,"volume":"0.12003000","buyTxId":"1bcb3269396b7c78720ec8522835b04c732035bb","sellTxId":"a857b8ca22bf4fc95a09f988008da4bef78da8a3"}
