{"index": {"_index":"lolz","_id":"3850121"}}
	{"id":3850121,"type":"sell","buyer":"aliveprojects","seller":"invest-time","symbol":"LOLZ","quantity":"0.76775665","price":"0.04400000","timestamp":1657080147,"volume":"0.03378129","buyTxId":"3ccc49f30750d28fc477bc258d1b3a25e10c4643","sellTxId":"0deda1795444bde3469867868401f19dc90b4c17"}
{"index": {"_index":"lolz","_id":"3850177"}}
	{"id":3850177,"type":"sell","buyer":"blitzzzz","seller":"gestion.alive","symbol":"LOLZ","quantity":"13.02399102","price":"0.04300003","timestamp":1657081140,"volume":"0.56003200","buyTxId":"9ceef2ee4f280818884d6db01c5c99673f1cb7cf","sellTxId":"b64e8dd8991df38995ae121be50170795a3b35ec"}
{"index": {"_index":"lolz","_id":"3850733"}}
	{"id":3850733,"type":"sell","buyer":"blitzzzz","seller":"itharagaian","symbol":"LOLZ","quantity":"0.00041874","price":"0.04300003","timestamp":1657090905,"volume":"0.00001801","buyTxId":"9ceef2ee4f280818884d6db01c5c99673f1cb7cf","sellTxId":"5486f63c783fcc530157c1a99902c459efb0040f"}
{"index": {"_index":"lolz","_id":"3850762"}}
	{"id":3850762,"type":"sell","buyer":"blitzzzz","seller":"hive-143869","symbol":"LOLZ","quantity":"0.00004576","price":"0.04300003","timestamp":1657091439,"volume":"0.00000197","buyTxId":"9ceef2ee4f280818884d6db01c5c99673f1cb7cf","sellTxId":"a2d0e4352d2fa24c444339e858a5761dd242910a"}
{"index": {"_index":"lolz","_id":"3850818"}}
	{"id":3850818,"type":"sell","buyer":"blitzzzz","seller":"synergie","symbol":"LOLZ","quantity":"0.00002905","price":"0.04300003","timestamp":1657092492,"volume":"0.00000125","buyTxId":"9ceef2ee4f280818884d6db01c5c99673f1cb7cf","sellTxId":"492feb75aa0706336726e1f60e74ae78ab1254b9"}
{"index": {"_index":"lolz","_id":"3850964"}}
	{"id":3850964,"type":"buy","buyer":"blitzzzz","seller":"invest-time","symbol":"LOLZ","quantity":"2.37053800","price":"0.04324466","timestamp":1657094991,"volume":"0.10251311","buyTxId":"8a21fd46c214cca586fff03bda41c037478f079b","sellTxId":"0deda1795444bde3469867868401f19dc90b4c17"}
{"index": {"_index":"lolz","_id":"3851059"}}
	{"id":3851059,"type":"buy","buyer":"holovision.cash","seller":"kaunglay2","symbol":"LOLZ","quantity":"1.00000000","price":"0.06000000","timestamp":1657096413,"volume":"0.06000000","buyTxId":"5a001b7140b378f45368608b9fbbb92f69164995","sellTxId":"a638ec1bf3cc88fda306abb6f9f43a6fbcd0f558"}
{"index": {"_index":"lolz","_id":"3851374"}}
	{"id":3851374,"type":"buy","buyer":"arena10","seller":"kaunglay2","symbol":"LOLZ","quantity":"1.00000000","price":"0.06000000","timestamp":1657100907,"volume":"0.06000000","buyTxId":"3622a2d987689d9445d2ecfcbb6fb10312685ce7","sellTxId":"a638ec1bf3cc88fda306abb6f9f43a6fbcd0f558"}
{"index": {"_index":"lolz","_id":"3851375"}}
	{"id":3851375,"type":"buy","buyer":"arena10","seller":"xheadhunterz","symbol":"LOLZ","quantity":"3.00000000","price":"0.06000000","timestamp":1657100907,"volume":"0.18000000","buyTxId":"3622a2d987689d9445d2ecfcbb6fb10312685ce7","sellTxId":"66528f4ce8c00245752d9415ad5fbd495b5e8cd8"}
{"index": {"_index":"lolz","_id":"3851376"}}
	{"id":3851376,"type":"buy","buyer":"arena10","seller":"floki-skarsgaard","symbol":"LOLZ","quantity":"1.00000000","price":"0.06000000","timestamp":1657100907,"volume":"0.06000000","buyTxId":"3622a2d987689d9445d2ecfcbb6fb10312685ce7","sellTxId":"6943c8ebb2e9a091683c1a51913d4d9516214cac"}
{"index": {"_index":"lolz","_id":"3851674"}}
	{"id":3851674,"type":"sell","buyer":"blitzzzz","seller":"ydaiznfts","symbol":"LOLZ","quantity":"3.03471396","price":"0.04300003","timestamp":1657106217,"volume":"0.13049279","buyTxId":"9ceef2ee4f280818884d6db01c5c99673f1cb7cf","sellTxId":"27cb6e9d5954f2041093eae778e4975462fdbd4b"}
{"index": {"_index":"lolz","_id":"3851785"}}
	{"id":3851785,"type":"sell","buyer":"blitzzzz","seller":"quotidien","symbol":"LOLZ","quantity":"4.00000000","price":"0.04300003","timestamp":1657108203,"volume":"0.17200012","buyTxId":"9ceef2ee4f280818884d6db01c5c99673f1cb7cf","sellTxId":"4df1e3e522e381c903ee1462653e61ac39f85b1e"}
{"index": {"_index":"lolz","_id":"3851942"}}
	{"id":3851942,"type":"sell","buyer":"blitzzzz","seller":"dswap","symbol":"LOLZ","quantity":"1","price":"0.04300003","timestamp":1657110840,"volume":"0.04300003","buyTxId":"9ceef2ee4f280818884d6db01c5c99673f1cb7cf","sellTxId":"dca3960556ccee5b0cf8c4918463c551d098832b"}
{"index": {"_index":"lolz","_id":"3853569"}}
	{"id":3853569,"type":"sell","buyer":"blitzzzz","seller":"pablodare","symbol":"LOLZ","quantity":"18.94080147","price":"0.04300003","timestamp":1657130244,"volume":"0.81445503","buyTxId":"9ceef2ee4f280818884d6db01c5c99673f1cb7cf","sellTxId":"ac15e7f89ffc07b07c6b89b3f864826eaac1e6c8"}
{"index": {"_index":"lolz","_id":"3854416"}}
	{"id":3854416,"type":"sell","buyer":"arpuch","seller":"simplegame","symbol":"LOLZ","quantity":"2.00000000","price":"0.04300002","timestamp":1657139934,"volume":"0.08600004","buyTxId":"cffdcb4edf0b8457eabf29baca42f53c7cf4adbe","sellTxId":"61dcc29ff1a865dbed47d1cc456770c86b8548f9"}
{"index": {"_index":"lolz","_id":"3854426"}}
	{"id":3854426,"type":"sell","buyer":"arpuch","seller":"xplosive","symbol":"LOLZ","quantity":"1.00227951","price":"0.04300002","timestamp":1657140003,"volume":"0.04309804","buyTxId":"cffdcb4edf0b8457eabf29baca42f53c7cf4adbe","sellTxId":"c3a2528ca8227f7d98a99a2f49e1c66e77423d3d"}
{"index": {"_index":"lolz","_id":"3854595"}}
	{"id":3854595,"type":"sell","buyer":"arpuch","seller":"westgame","symbol":"LOLZ","quantity":"4.00000000","price":"0.04300002","timestamp":1657142433,"volume":"0.17200008","buyTxId":"cffdcb4edf0b8457eabf29baca42f53c7cf4adbe","sellTxId":"0bd79453b28cfefdefa431f0553cb81fa323ac45"}
{"index": {"_index":"lolz","_id":"3854610"}}
	{"id":3854610,"type":"sell","buyer":"arpuch","seller":"gringo94","symbol":"LOLZ","quantity":"7.00000000","price":"0.04300002","timestamp":1657142742,"volume":"0.30100014","buyTxId":"cffdcb4edf0b8457eabf29baca42f53c7cf4adbe","sellTxId":"05286ad3f87874e05af940d538f9c5ebc5d097f3"}
{"index": {"_index":"lolz","_id":"3854860"}}
	{"id":3854860,"type":"sell","buyer":"arpuch","seller":"urun","symbol":"LOLZ","quantity":"20.00000000","price":"0.04300002","timestamp":1657144422,"volume":"0.86000040","buyTxId":"cffdcb4edf0b8457eabf29baca42f53c7cf4adbe","sellTxId":"4b5fe6e1dc5d03b3351e87195fd3562c257aad1b"}
{"index": {"_index":"lolz","_id":"3854953"}}
	{"id":3854953,"type":"sell","buyer":"arpuch","seller":"antoniojoseha","symbol":"LOLZ","quantity":"1.00000000","price":"0.04300002","timestamp":1657145574,"volume":"0.04300002","buyTxId":"cffdcb4edf0b8457eabf29baca42f53c7cf4adbe","sellTxId":"5da9319d9646c356596b69fff09a03eef929eb78"}
{"index": {"_index":"lolz","_id":"3855492"}}
	{"id":3855492,"type":"sell","buyer":"arpuch","seller":"queen-silvia","symbol":"LOLZ","quantity":"5.00000000","price":"0.04300002","timestamp":1657151811,"volume":"0.21500010","buyTxId":"cffdcb4edf0b8457eabf29baca42f53c7cf4adbe","sellTxId":"4e81fb186a32fe73e4e559e3eb4e63e3693de6a0"}
{"index": {"_index":"lolz","_id":"3855707"}}
	{"id":3855707,"type":"buy","buyer":"captaincryptic","seller":"revideogf","symbol":"LOLZ","quantity":"0.00101593","price":"0.04300450","timestamp":1657154478,"volume":"0.00004369","buyTxId":"da55ddbd183e3739cdc09dc26f815f6bf74c7694","sellTxId":"1cbd32873ea1dc43a0512353ad911632321583af"}
{"index": {"_index":"lolz","_id":"3855708"}}
	{"id":3855708,"type":"buy","buyer":"captaincryptic","seller":"fernandosoder","symbol":"LOLZ","quantity":"3.00000000","price":"0.05000000","timestamp":1657154478,"volume":"0.15000000","buyTxId":"da55ddbd183e3739cdc09dc26f815f6bf74c7694","sellTxId":"dbeaef44d175f1dfdb1f1eb88466bd9622f2ff3e"}
{"index": {"_index":"lolz","_id":"3855709"}}
	{"id":3855709,"type":"buy","buyer":"captaincryptic","seller":"floki-skarsgaard","symbol":"LOLZ","quantity":"0.09380879","price":"0.06000000","timestamp":1657154478,"volume":"0.00562853","buyTxId":"da55ddbd183e3739cdc09dc26f815f6bf74c7694","sellTxId":"6943c8ebb2e9a091683c1a51913d4d9516214cac"}
{"index": {"_index":"lolz","_id":"3855710"}}
	{"id":3855710,"type":"buy","buyer":"captaincryptic","seller":"onlydoge","symbol":"LOLZ","quantity":"1.90517528","price":"0.07686000","timestamp":1657154478,"volume":"0.14643177","buyTxId":"da55ddbd183e3739cdc09dc26f815f6bf74c7694","sellTxId":"6ebc5d485ccad4bd1fb58ac8259c4a3ae6541c5f"}
{"index": {"_index":"lolz","_id":"3855957"}}
	{"id":3855957,"type":"sell","buyer":"magicbeans","seller":"wazock","symbol":"LOLZ","quantity":"36.58617222","price":"0.04300003","timestamp":1657158363,"volume":"1.57320650","buyTxId":"ae9a20e33f5aed8042f7e4df52eca0e002200c8f","sellTxId":"ea273bc06ec9f977781b4acd513344e6e4e9b015"}
{"index": {"_index":"lolz","_id":"3856146"}}
	{"id":3856146,"type":"sell","buyer":"magicbeans","seller":"dswap","symbol":"LOLZ","quantity":"36.001","price":"0.04300003","timestamp":1657160787,"volume":"1.54804408","buyTxId":"ae9a20e33f5aed8042f7e4df52eca0e002200c8f","sellTxId":"4850a6f458274c947d24fc65fc4e0efc0bdf517a"}
{"index": {"_index":"lolz","_id":"3856178"}}
	{"id":3856178,"type":"sell","buyer":"magicbeans","seller":"dswap","symbol":"LOLZ","quantity":"42.001","price":"0.04300003","timestamp":1657161246,"volume":"1.80604426","buyTxId":"ae9a20e33f5aed8042f7e4df52eca0e002200c8f","sellTxId":"2d6f536ffdf8f404657892e7164a38e5eabfa985"}
