{"index": {"_index":"lolz","_id":"3356881"}}
	{"id":3356881,"type":"sell","buyer":"forsakensushi","seller":"toofasteddie","symbol":"LOLZ","quantity":"7.00000000","price":"0.04541000","timestamp":1651783383,"volume":"0.31787000","buyTxId":"0f7e39ff2484f871644f46a270688aecde4ce98c","sellTxId":"95a5b1122eb4978474297b0ff8e2f10843e24d21"}
{"index": {"_index":"lolz","_id":"3357234"}}
	{"id":3357234,"type":"sell","buyer":"criptosectadepit","seller":"cflclosers","symbol":"LOLZ","quantity":"3.00000000","price":"0.04542000","timestamp":1651786815,"volume":"0.13626000","buyTxId":"36f3e87775965cd07cfaafa3616ece423c40cb46","sellTxId":"aa0307a029b33902d32c2e37f8ee69dabddc64dd"}
{"index": {"_index":"lolz","_id":"3357837"}}
	{"id":3357837,"type":"sell","buyer":"criptosectadepit","seller":"alexandrzombi","symbol":"LOLZ","quantity":"0.00002329","price":"0.04542000","timestamp":1651792548,"volume":"0.00000106","buyTxId":"36f3e87775965cd07cfaafa3616ece423c40cb46","sellTxId":"cd75b289e93b29a659d95156686a3134acac8fcc"}
{"index": {"_index":"lolz","_id":"3358208"}}
	{"id":3358208,"type":"sell","buyer":"criptosectadepit","seller":"nexus08","symbol":"LOLZ","quantity":"8.74140339","price":"0.04542000","timestamp":1651797135,"volume":"0.39703454","buyTxId":"36f3e87775965cd07cfaafa3616ece423c40cb46","sellTxId":"8d442ebdc271ec6eca095ede5f2bd102cf53d609"}
{"index": {"_index":"lolz","_id":"3358492"}}
	{"id":3358492,"type":"sell","buyer":"criptosectadepit","seller":"dracozauberer","symbol":"LOLZ","quantity":"1","price":"0.04542000","timestamp":1651800462,"volume":"0.04542000","buyTxId":"36f3e87775965cd07cfaafa3616ece423c40cb46","sellTxId":"463e5d5fc6badabfe2d6ab794b8a41b238a98e69"}
{"index": {"_index":"lolz","_id":"3358853"}}
	{"id":3358853,"type":"buy","buyer":"ianmcg","seller":"magicbeans","symbol":"LOLZ","quantity":"1.44453175","price":"0.07199990","timestamp":1651804593,"volume":"0.10400614","buyTxId":"15e111c0490b7fa4353d505213601afc5eb1a462","sellTxId":"eff93d7ca3abf2148421c0bc48e9e63a07909d0d"}
{"index": {"_index":"lolz","_id":"3358919"}}
	{"id":3358919,"type":"sell","buyer":"criptosectadepit","seller":"xplosive","symbol":"LOLZ","quantity":"1.00000000","price":"0.04542000","timestamp":1651805304,"volume":"0.04542000","buyTxId":"36f3e87775965cd07cfaafa3616ece423c40cb46","sellTxId":"0ac4f5088a45160dbd5c1dfc3fc0a2d03f9374f3"}
{"index": {"_index":"lolz","_id":"3359373"}}
	{"id":3359373,"type":"sell","buyer":"criptosectadepit","seller":"gestion.alive","symbol":"LOLZ","quantity":"13.00406580","price":"0.04542000","timestamp":1651812288,"volume":"0.59064467","buyTxId":"36f3e87775965cd07cfaafa3616ece423c40cb46","sellTxId":"5707340e7f62a86c819fa9e01ed3123030d3557d"}
{"index": {"_index":"lolz","_id":"3360313"}}
	{"id":3360313,"type":"sell","buyer":"criptosectadepit","seller":"jdike","symbol":"LOLZ","quantity":"3.00000000","price":"0.04542000","timestamp":1651826175,"volume":"0.13626000","buyTxId":"36f3e87775965cd07cfaafa3616ece423c40cb46","sellTxId":"b0e57d515cca8e1869de21b2466d54f720a9307c"}
{"index": {"_index":"lolz","_id":"3360348"}}
	{"id":3360348,"type":"buy","buyer":"dechuck","seller":"magicbeans","symbol":"LOLZ","quantity":"0.00150000","price":"0.07199990","timestamp":1651826703,"volume":"0.00010800","buyTxId":"275036c35f4a98ebe375aa650d8057b06dd88b39","sellTxId":"eff93d7ca3abf2148421c0bc48e9e63a07909d0d"}
{"index": {"_index":"lolz","_id":"3360558"}}
	{"id":3360558,"type":"sell","buyer":"criptosectadepit","seller":"captainquack22","symbol":"LOLZ","quantity":"9","price":"0.04542000","timestamp":1651828539,"volume":"0.40878000","buyTxId":"36f3e87775965cd07cfaafa3616ece423c40cb46","sellTxId":"c6b486b03db0d77caa1692c768b1b5cea6d36379"}
{"index": {"_index":"lolz","_id":"3360586"}}
	{"id":3360586,"type":"sell","buyer":"criptosectadepit","seller":"sentipl","symbol":"LOLZ","quantity":"1.00000000","price":"0.04542000","timestamp":1651829271,"volume":"0.04542000","buyTxId":"36f3e87775965cd07cfaafa3616ece423c40cb46","sellTxId":"f7674027e3d8bb9aceecc08369c23a007cefaea4"}
{"index": {"_index":"lolz","_id":"3360629"}}
	{"id":3360629,"type":"sell","buyer":"criptosectadepit","seller":"steem82868","symbol":"LOLZ","quantity":"4.55035805","price":"0.04542000","timestamp":1651829967,"volume":"0.20667726","buyTxId":"36f3e87775965cd07cfaafa3616ece423c40cb46","sellTxId":"9fcdc532f287110f69bd762a82a42414047e7135"}
{"index": {"_index":"lolz","_id":"3361086"}}
	{"id":3361086,"type":"sell","buyer":"h3m4n7","seller":"hive-143869","symbol":"LOLZ","quantity":"1.00000000","price":"0.04542100","timestamp":1651834962,"volume":"0.04542100","buyTxId":"fcceb654cc23d0f130e3f3ffefe1a86078847719","sellTxId":"8631fda85b52d367f484e9cd88a6620d1547cdde"}
{"index": {"_index":"lolz","_id":"3361518"}}
	{"id":3361518,"type":"sell","buyer":"ianmcg","seller":"suhlaing","symbol":"LOLZ","quantity":"3.00000000","price":"0.04550000","timestamp":1651840167,"volume":"0.13650000","buyTxId":"f27dfe6c53222612431a26d54c6fcdefc97a90ed","sellTxId":"7c0a649206c7f8d8ec50aedfa2c2b14d00ee658c"}
{"index": {"_index":"lolz","_id":"3361637"}}
	{"id":3361637,"type":"sell","buyer":"ianmcg","seller":"zottone444","symbol":"LOLZ","quantity":"40.00000000","price":"0.04550000","timestamp":1651841892,"volume":"1.82000000","buyTxId":"f27dfe6c53222612431a26d54c6fcdefc97a90ed","sellTxId":"fd8e6f797e5e82c9186df03946fb8c08b5c33fd7"}
{"index": {"_index":"lolz","_id":"3361726"}}
	{"id":3361726,"type":"buy","buyer":"edgerik","seller":"magicbeans","symbol":"LOLZ","quantity":"2.00000000","price":"0.07199990","timestamp":1651843209,"volume":"0.14399980","buyTxId":"2a02850491fbb407653bc748bfa1ea01b50f5873","sellTxId":"eff93d7ca3abf2148421c0bc48e9e63a07909d0d"}
{"index": {"_index":"lolz","_id":"3361961"}}
	{"id":3361961,"type":"sell","buyer":"ianmcg","seller":"pleo1542","symbol":"LOLZ","quantity":"13.00000000","price":"0.04550000","timestamp":1651845387,"volume":"0.59150000","buyTxId":"f27dfe6c53222612431a26d54c6fcdefc97a90ed","sellTxId":"90e5db0c55d52251725eec5339e7eba588bc7bc5"}
{"index": {"_index":"lolz","_id":"3362569"}}
	{"id":3362569,"type":"sell","buyer":"ianmcg","seller":"trliste","symbol":"LOLZ","quantity":"2.00000000","price":"0.04550000","timestamp":1651852629,"volume":"0.09100000","buyTxId":"f27dfe6c53222612431a26d54c6fcdefc97a90ed","sellTxId":"10884cc3c14be537777106277ac4b9435d048f73"}
{"index": {"_index":"lolz","_id":"3363605"}}
	{"id":3363605,"type":"buy","buyer":"thatcryptodave","seller":"yintercept","symbol":"LOLZ","quantity":"2.81559492","price":"0.07190000","timestamp":1651861164,"volume":"0.20244127","buyTxId":"eeea59d9ffabc1bdbce94ba3b7cd187f07381406","sellTxId":"54e383090862d569c06573a9964e893979638769"}
{"index": {"_index":"lolz","_id":"3363708"}}
	{"id":3363708,"type":"sell","buyer":"magicbeans","seller":"borjan","symbol":"LOLZ","quantity":"41.00000000","price":"0.05000001","timestamp":1651861911,"volume":"2.05000041","buyTxId":"35e97bcae6607bb9405ecd533b29066388395f63","sellTxId":"728a9fe3e7d13a17c86fbf5ce8d86f9333db2805"}
