{"index": {"_index":"lolz","_id":"3538883"}}
	{"id":3538883,"type":"sell","buyer":"amaari","seller":"weldmaster","symbol":"LOLZ","quantity":"2.36482327","price":"0.05800001","timestamp":1653624777,"volume":"0.13715977","buyTxId":"98800ea364725c9adf86c2006f787964f01ba9ff","sellTxId":"534d4f6721aa4de0916e875a1184788f821fc7e6"}
{"index": {"_index":"lolz","_id":"3539477"}}
	{"id":3539477,"type":"sell","buyer":"amaari","seller":"captainquack22","symbol":"LOLZ","quantity":"3","price":"0.05800001","timestamp":1653632634,"volume":"0.17400003","buyTxId":"98800ea364725c9adf86c2006f787964f01ba9ff","sellTxId":"d08b2a35d9bcd9bd8e134b654108165081109b35"}
{"index": {"_index":"lolz","_id":"3539676"}}
	{"id":3539676,"type":"sell","buyer":"amaari","seller":"itharagaian","symbol":"LOLZ","quantity":"2.00000000","price":"0.05800001","timestamp":1653635217,"volume":"0.11600002","buyTxId":"98800ea364725c9adf86c2006f787964f01ba9ff","sellTxId":"885fcb183115ac6a06ac7645bb2f85918d0e34e9"}
{"index": {"_index":"lolz","_id":"3540028"}}
	{"id":3540028,"type":"sell","buyer":"amaari","seller":"napolyon","symbol":"LOLZ","quantity":"1.00000000","price":"0.05800001","timestamp":1653639036,"volume":"0.05800001","buyTxId":"98800ea364725c9adf86c2006f787964f01ba9ff","sellTxId":"f1ca92f3b8757692e65051c61705616152ec951a"}
{"index": {"_index":"lolz","_id":"3540436"}}
	{"id":3540436,"type":"sell","buyer":"amaari","seller":"captainquack22","symbol":"LOLZ","quantity":"1","price":"0.05800001","timestamp":1653640494,"volume":"0.05800001","buyTxId":"98800ea364725c9adf86c2006f787964f01ba9ff","sellTxId":"197bec390acb1583af9a4603eb2e44eb0dd9e8ad"}
{"index": {"_index":"lolz","_id":"3540470"}}
	{"id":3540470,"type":"sell","buyer":"amaari","seller":"psychopumpkin","symbol":"LOLZ","quantity":"1.00000000","price":"0.05800001","timestamp":1653640905,"volume":"0.05800001","buyTxId":"98800ea364725c9adf86c2006f787964f01ba9ff","sellTxId":"bb6728164b862f929b9a951a511d19b000426944"}
{"index": {"_index":"lolz","_id":"3540547"}}
	{"id":3540547,"type":"sell","buyer":"amaari","seller":"horusisback","symbol":"LOLZ","quantity":"14","price":"0.05800001","timestamp":1653642078,"volume":"0.81200014","buyTxId":"98800ea364725c9adf86c2006f787964f01ba9ff","sellTxId":"aaf851b2d2017e36c8765a56bf86998e7e9f84f3"}
{"index": {"_index":"lolz","_id":"3540567"}}
	{"id":3540567,"type":"sell","buyer":"amaari","seller":"steem82868","symbol":"LOLZ","quantity":"5.00000000","price":"0.05800001","timestamp":1653642405,"volume":"0.29000005","buyTxId":"98800ea364725c9adf86c2006f787964f01ba9ff","sellTxId":"fbceccae5c9508a38a78e7598cf71b0848a770cc"}
{"index": {"_index":"lolz","_id":"3541009"}}
	{"id":3541009,"type":"buy","buyer":"thatcryptodave","seller":"alexandrzombi","symbol":"LOLZ","quantity":"0.00004670","price":"0.05802997","timestamp":1653646620,"volume":"0.00000271","buyTxId":"cca03babe04be567036fc41a83e8d6950d38461c","sellTxId":"fc89d6e66ed032844a28641d917bc7b57f5d9259"}
{"index": {"_index":"lolz","_id":"3541013"}}
	{"id":3541013,"type":"buy","buyer":"thatcryptodave","seller":"supriya.gupta","symbol":"LOLZ","quantity":"3.65895378","price":"0.05998980","timestamp":1653646683,"volume":"0.21949991","buyTxId":"7021b31204089127e80cb891b27b4f565c6971c1","sellTxId":"a2cf1b2a6c2fdfe96579e4ed589aa63698d598d3"}
{"index": {"_index":"lolz","_id":"3541313"}}
	{"id":3541313,"type":"sell","buyer":"ana-maria","seller":"zottone444","symbol":"LOLZ","quantity":"4.00000000","price":"0.05800002","timestamp":1653649983,"volume":"0.23200008","buyTxId":"9f759c8b215824875d02cbd541f2072a99d032d9","sellTxId":"edbbf48ca0d4226d29c6e7c8b002b5ff2623f34e"}
{"index": {"_index":"lolz","_id":"3541790"}}
	{"id":3541790,"type":"sell","buyer":"dstampede","seller":"steem82868","symbol":"LOLZ","quantity":"5.44000208","price":"0.05900000","timestamp":1653655419,"volume":"0.32096012","buyTxId":"aafab44c28eba4b0f2120d8cdd7c1dab82dd9184","sellTxId":"e5dbe99fea1c5417c94a93755419cbe404619d4c"}
{"index": {"_index":"lolz","_id":"3542061"}}
	{"id":3542061,"type":"buy","buyer":"invest-time","seller":"magicbeans","symbol":"LOLZ","quantity":"34.60588876","price":"0.05998979","timestamp":1653658359,"volume":"2.07600000","buyTxId":"5061e8683e82aaae8f26a378b9ead729de650fe2","sellTxId":"1033cdac5165bffe656af9cfc097b0a44b1abd10"}
{"index": {"_index":"lolz","_id":"3542218"}}
	{"id":3542218,"type":"buy","buyer":"dstampede","seller":"magicbeans","symbol":"LOLZ","quantity":"5.92000000","price":"0.05998979","timestamp":1653659814,"volume":"0.35513956","buyTxId":"3912b1ca81ebf5205d4cd323982b33b618e4cc24","sellTxId":"1033cdac5165bffe656af9cfc097b0a44b1abd10"}
{"index": {"_index":"lolz","_id":"3542261"}}
	{"id":3542261,"type":"buy","buyer":"todopoderoso","seller":"magicbeans","symbol":"LOLZ","quantity":"0.16669503","price":"0.05998979","timestamp":1653660213,"volume":"0.01","buyTxId":"c442b5fab4d4721f22c6a336e45b2a81b3fe15f4","sellTxId":"1033cdac5165bffe656af9cfc097b0a44b1abd10"}
{"index": {"_index":"lolz","_id":"3542546"}}
	{"id":3542546,"type":"sell","buyer":"amaari","seller":"arthursiq5","symbol":"LOLZ","quantity":"0.05251378","price":"0.05800003","timestamp":1653662907,"volume":"0.00304580","buyTxId":"f8ba49e454df89ef76d884c1879eb6d78af42ee0","sellTxId":"0c6a22e5b0946a1b2305f3d651b1f2fde0ff6021"}
{"index": {"_index":"lolz","_id":"3543322"}}
	{"id":3543322,"type":"sell","buyer":"amaari","seller":"lisamgentile1961","symbol":"LOLZ","quantity":"1.06649831","price":"0.05800003","timestamp":1653669291,"volume":"0.06185693","buyTxId":"f8ba49e454df89ef76d884c1879eb6d78af42ee0","sellTxId":"7407fd211e99af6ea1a35aa7256e2bd096029475"}
{"index": {"_index":"lolz","_id":"3543993"}}
	{"id":3543993,"type":"sell","buyer":"amaari","seller":"gregory-f","symbol":"LOLZ","quantity":"94.00003064","price":"0.05800003","timestamp":1653675018,"volume":"5.45200460","buyTxId":"f8ba49e454df89ef76d884c1879eb6d78af42ee0","sellTxId":"b5264da865958e0b40d568768bd09bf1333432ee"}
{"index": {"_index":"lolz","_id":"3544165"}}
	{"id":3544165,"type":"buy","buyer":"gestion.alive","seller":"magicbeans","symbol":"LOLZ","quantity":"7.43676548","price":"0.05998979","timestamp":1653676728,"volume":"0.44613000","buyTxId":"9ecfb84d09963dc3d5ec1410c1a4a653d95b3ef4","sellTxId":"1033cdac5165bffe656af9cfc097b0a44b1abd10"}
{"index": {"_index":"lolz","_id":"3544556"}}
	{"id":3544556,"type":"sell","buyer":"amaari","seller":"phusionphil","symbol":"LOLZ","quantity":"2.00007113","price":"0.05800003","timestamp":1653682065,"volume":"0.11600419","buyTxId":"f8ba49e454df89ef76d884c1879eb6d78af42ee0","sellTxId":"391ee3cf4618a8d5f92b0175c711884af2f4bc1a"}
{"index": {"_index":"lolz","_id":"3544603"}}
	{"id":3544603,"type":"sell","buyer":"amaari","seller":"scottcbusiness","symbol":"LOLZ","quantity":"1","price":"0.05800003","timestamp":1653682548,"volume":"0.05800003","buyTxId":"f8ba49e454df89ef76d884c1879eb6d78af42ee0","sellTxId":"cecebfc62838d234f48ec462a710403aaf2b5ddd"}
{"index": {"_index":"lolz","_id":"3544992"}}
	{"id":3544992,"type":"buy","buyer":"ironshield","seller":"magicbeans","symbol":"LOLZ","quantity":"20.49956231","price":"0.05998979","timestamp":1653686754,"volume":"1.22976444","buyTxId":"332e0d19bb424b94ebd928750c10f9e1fc6a5946","sellTxId":"1033cdac5165bffe656af9cfc097b0a44b1abd10"}
{"index": {"_index":"lolz","_id":"3545217"}}
	{"id":3545217,"type":"buy","buyer":"forsakensushi","seller":"supriya.gupta","symbol":"LOLZ","quantity":"43.55487057","price":"0.05998980","timestamp":1653689220,"volume":"2.61284797","buyTxId":"d29b891a999f211de6ed4a462fa1b5595c8c9353","sellTxId":"a2cf1b2a6c2fdfe96579e4ed589aa63698d598d3"}
{"index": {"_index":"lolz","_id":"3545218"}}
	{"id":3545218,"type":"buy","buyer":"forsakensushi","seller":"supriya.gupta","symbol":"LOLZ","quantity":"3.00009312","price":"0.05998980","timestamp":1653689220,"volume":"0.17997499","buyTxId":"d29b891a999f211de6ed4a462fa1b5595c8c9353","sellTxId":"8cdbda9b0b7329217f1117322b1996afd139e6d5"}
{"index": {"_index":"lolz","_id":"3545222"}}
	{"id":3545222,"type":"buy","buyer":"forsakensushi","seller":"glimpsytips.dex","symbol":"LOLZ","quantity":"0.19999900","price":"0.05999900","timestamp":1653689241,"volume":"0.01199974","buyTxId":"8cb9ef0be1913d8a3bfab338ab064d6b77e751c1","sellTxId":"a0669e25772fdd054afd2a74dc72a9488542a789"}
{"index": {"_index":"lolz","_id":"3545223"}}
	{"id":3545223,"type":"buy","buyer":"forsakensushi","seller":"glimpsytips.dex","symbol":"LOLZ","quantity":"0.20000000","price":"0.05999999","timestamp":1653689241,"volume":"0.01200000","buyTxId":"8cb9ef0be1913d8a3bfab338ab064d6b77e751c1","sellTxId":"10797473f008121b3e1f6a4aef21437ca0dbcd35"}
{"index": {"_index":"lolz","_id":"3545224"}}
	{"id":3545224,"type":"buy","buyer":"forsakensushi","seller":"glimpsytips.dex","symbol":"LOLZ","quantity":"0.30000000","price":"0.06000000","timestamp":1653689241,"volume":"0.01800000","buyTxId":"8cb9ef0be1913d8a3bfab338ab064d6b77e751c1","sellTxId":"6016f67131d664ec58474028a1440601001cd665"}
{"index": {"_index":"lolz","_id":"3545225"}}
	{"id":3545225,"type":"buy","buyer":"forsakensushi","seller":"onlydoge","symbol":"LOLZ","quantity":"110.33062539","price":"0.06283000","timestamp":1653689241,"volume":"6.93207319","buyTxId":"8cb9ef0be1913d8a3bfab338ab064d6b77e751c1","sellTxId":"4475a34783af49d1124dfa975e33473397075e04"}
{"index": {"_index":"lolz","_id":"3545227"}}
	{"id":3545227,"type":"buy","buyer":"forsakensushi","seller":"onlydoge","symbol":"LOLZ","quantity":"0.69999900","price":"0.06283000","timestamp":1653689271,"volume":"0.04398094","buyTxId":"d3080f5d1140e85ce9e1c5c699370cf900e32cb8","sellTxId":"4475a34783af49d1124dfa975e33473397075e04"}
{"index": {"_index":"lolz","_id":"3545229"}}
	{"id":3545229,"type":"buy","buyer":"forsakensushi","seller":"szmobacsi","symbol":"LOLZ","quantity":"50.00000000","price":"0.06284000","timestamp":1653689343,"volume":"3.14200000","buyTxId":"ade475ee2ac703d178b24b77c1a0c983da2ef270","sellTxId":"b297e65fa788c1c00de381b5077225f200b8b226"}
{"index": {"_index":"lolz","_id":"3545231"}}
	{"id":3545231,"type":"buy","buyer":"forsakensushi","seller":"glimpsytips.dex","symbol":"LOLZ","quantity":"0.30000000","price":"0.06287990","timestamp":1653689379,"volume":"0.01886397","buyTxId":"187cf35b75b7512216c83f73888cdada76e85606","sellTxId":"095fda56aa2568780c833f3d059abd7986f78f23"}
{"index": {"_index":"lolz","_id":"3545232"}}
	{"id":3545232,"type":"buy","buyer":"forsakensushi","seller":"glimpsytips.dex","symbol":"LOLZ","quantity":"0.17170112","price":"0.06290000","timestamp":1653689379,"volume":"0.01080000","buyTxId":"187cf35b75b7512216c83f73888cdada76e85606","sellTxId":"8e8a7063c33a5b1aa3e535ecf11f309965c8db75"}
{"index": {"_index":"lolz","_id":"3545233"}}
	{"id":3545233,"type":"buy","buyer":"forsakensushi","seller":"glimpsytips.dex","symbol":"LOLZ","quantity":"1.00000000","price":"0.06299000","timestamp":1653689379,"volume":"0.06299000","buyTxId":"187cf35b75b7512216c83f73888cdada76e85606","sellTxId":"465a6b5ea0520532626801821b952826dcae8ef0"}
{"index": {"_index":"lolz","_id":"3545234"}}
	{"id":3545234,"type":"buy","buyer":"forsakensushi","seller":"glimpsytips.dex","symbol":"LOLZ","quantity":"0.49999900","price":"0.06300000","timestamp":1653689379,"volume":"0.03149994","buyTxId":"187cf35b75b7512216c83f73888cdada76e85606","sellTxId":"7488b17879f1245fdddcc410bb22e568717aa90b"}
{"index": {"_index":"lolz","_id":"3545235"}}
	{"id":3545235,"type":"buy","buyer":"forsakensushi","seller":"glimpsytips.dex","symbol":"LOLZ","quantity":"1.00000200","price":"0.06400000","timestamp":1653689379,"volume":"0.06400013","buyTxId":"187cf35b75b7512216c83f73888cdada76e85606","sellTxId":"71dd1164c09f910fae951fadc5e797fbd14cb157"}
{"index": {"_index":"lolz","_id":"3545236"}}
	{"id":3545236,"type":"buy","buyer":"forsakensushi","seller":"glimpsytips.dex","symbol":"LOLZ","quantity":"0.50000000","price":"0.06500000","timestamp":1653689379,"volume":"0.03250000","buyTxId":"187cf35b75b7512216c83f73888cdada76e85606","sellTxId":"8d990614390753d1561da9c908f2620cfa325899"}
{"index": {"_index":"lolz","_id":"3545237"}}
	{"id":3545237,"type":"buy","buyer":"forsakensushi","seller":"glimpsytips.dex","symbol":"LOLZ","quantity":"0.50000000","price":"0.06600000","timestamp":1653689379,"volume":"0.03300000","buyTxId":"187cf35b75b7512216c83f73888cdada76e85606","sellTxId":"035882373eea53872c2f86e69502fc55b4f83429"}
{"index": {"_index":"lolz","_id":"3545238"}}
	{"id":3545238,"type":"buy","buyer":"forsakensushi","seller":"szmobacsi","symbol":"LOLZ","quantity":"21.02829788","price":"0.06740000","timestamp":1653689379,"volume":"1.41730728","buyTxId":"187cf35b75b7512216c83f73888cdada76e85606","sellTxId":"e8b09d2724b3b7347508fb37667030ab07526878"}
{"index": {"_index":"lolz","_id":"3545241"}}
	{"id":3545241,"type":"buy","buyer":"forsakensushi","seller":"szmobacsi","symbol":"LOLZ","quantity":"3.97170212","price":"0.06740000","timestamp":1653689418,"volume":"0.26769272","buyTxId":"5b4ead3097e764ead7c5b77ebf0b76946a885303","sellTxId":"e8b09d2724b3b7347508fb37667030ab07526878"}
{"index": {"_index":"lolz","_id":"3545242"}}
	{"id":3545242,"type":"buy","buyer":"forsakensushi","seller":"gaboamc2393","symbol":"LOLZ","quantity":"46.02829789","price":"0.06750000","timestamp":1653689418,"volume":"3.10691011","buyTxId":"5b4ead3097e764ead7c5b77ebf0b76946a885303","sellTxId":"5c4e1d64c7177aab06a1370f8d83e00454acbf8e"}
{"index": {"_index":"lolz","_id":"3545243"}}
	{"id":3545243,"type":"buy","buyer":"forsakensushi","seller":"gaboamc2393","symbol":"LOLZ","quantity":"3.97170212","price":"0.06750000","timestamp":1653689442,"volume":"0.26808989","buyTxId":"761180b09a06d2572d3fcf04c9f7b68b574bb93d","sellTxId":"5c4e1d64c7177aab06a1370f8d83e00454acbf8e"}
{"index": {"_index":"lolz","_id":"3545244"}}
	{"id":3545244,"type":"buy","buyer":"forsakensushi","seller":"szmobacsi","symbol":"LOLZ","quantity":"20.52423669","price":"0.07190000","timestamp":1653689442,"volume":"1.47569262","buyTxId":"761180b09a06d2572d3fcf04c9f7b68b574bb93d","sellTxId":"b129f5d0573ee655c10a5b5701dfb01e58c39015"}
{"index": {"_index":"lolz","_id":"3545342"}}
	{"id":3545342,"type":"sell","buyer":"onlydoge","seller":"jesustiano","symbol":"LOLZ","quantity":"2.00002812","price":"0.06285000","timestamp":1653690483,"volume":"0.12570177","buyTxId":"3ca632fab09ca77cd3998f45bc464c1215976808","sellTxId":"61b75850fc40f823a628af7d82f290b3a04c4818"}
{"index": {"_index":"lolz","_id":"3545365"}}
	{"id":3545365,"type":"sell","buyer":"onlydoge","seller":"laritheghost","symbol":"LOLZ","quantity":"0.26928955","price":"0.06285000","timestamp":1653690816,"volume":"0.01692485","buyTxId":"3ca632fab09ca77cd3998f45bc464c1215976808","sellTxId":"c5f38a197bc19d22ebbdf6006bfcebc76b53ffa7"}
{"index": {"_index":"lolz","_id":"3545439"}}
	{"id":3545439,"type":"buy","buyer":"heruvim1978","seller":"szmobacsi","symbol":"LOLZ","quantity":"3.49702211","price":"0.07190000","timestamp":1653691707,"volume":"0.25143589","buyTxId":"eb1f15fe5dc90331e95e009be9db022ca2d08608","sellTxId":"b129f5d0573ee655c10a5b5701dfb01e58c39015"}
{"index": {"_index":"lolz","_id":"3545666"}}
	{"id":3545666,"type":"buy","buyer":"heruvim1978","seller":"galaxikiller","symbol":"LOLZ","quantity":"1.00000000","price":"0.07189000","timestamp":1653694077,"volume":"0.07189000","buyTxId":"0c5cccba010639972013eed9aa2264d470a632d4","sellTxId":"908dbce07c0703ae3f9c8742d93f2bedd2b93e6e"}
{"index": {"_index":"lolz","_id":"3545722"}}
	{"id":3545722,"type":"sell","buyer":"heruvim1978","seller":"steem82868","symbol":"LOLZ","quantity":"0.46126874","price":"0.07189000","timestamp":1653694983,"volume":"0.03316061","buyTxId":"0c5cccba010639972013eed9aa2264d470a632d4","sellTxId":"b7c0cfc8a9f15a472da36290f650ea0faad860c2"}
{"index": {"_index":"lolz","_id":"3545723"}}
	{"id":3545723,"type":"sell","buyer":"onlydoge","seller":"steem82868","symbol":"LOLZ","quantity":"0.47344596","price":"0.06285000","timestamp":1653694983,"volume":"0.02975608","buyTxId":"3ca632fab09ca77cd3998f45bc464c1215976808","sellTxId":"b7c0cfc8a9f15a472da36290f650ea0faad860c2"}
{"index": {"_index":"lolz","_id":"3545836"}}
	{"id":3545836,"type":"sell","buyer":"onlydoge","seller":"bhelatnasudepan","symbol":"LOLZ","quantity":"2.00010878","price":"0.06285000","timestamp":1653696498,"volume":"0.12570684","buyTxId":"3ca632fab09ca77cd3998f45bc464c1215976808","sellTxId":"ccb29df23873b38185a877f9cb485c8841f167bb"}
{"index": {"_index":"lolz","_id":"3546159"}}
	{"id":3546159,"type":"sell","buyer":"onlydoge","seller":"imagenius.fund","symbol":"LOLZ","quantity":"2.19071102","price":"0.06285000","timestamp":1653699939,"volume":"0.13768619","buyTxId":"3ca632fab09ca77cd3998f45bc464c1215976808","sellTxId":"f33720a6ab0143f0d1646c637c5bd75bb5241ca5"}
{"index": {"_index":"lolz","_id":"3546196"}}
	{"id":3546196,"type":"buy","buyer":"gestion.alive","seller":"szmobacsi","symbol":"LOLZ","quantity":"0.47468001","price":"0.07190000","timestamp":1653700563,"volume":"0.03412949","buyTxId":"3f07ef60eb0a10b0106fdb8b285fa10e25d3d3e3","sellTxId":"b129f5d0573ee655c10a5b5701dfb01e58c39015"}
{"index": {"_index":"lolz","_id":"3546197"}}
	{"id":3546197,"type":"buy","buyer":"gestion.alive","seller":"marketroll","symbol":"LOLZ","quantity":"24.19565643","price":"0.07270727","timestamp":1653700563,"volume":"1.75920012","buyTxId":"3f07ef60eb0a10b0106fdb8b285fa10e25d3d3e3","sellTxId":"372fd7d96cd03dd0bfb1731e89c9d6078a2d202b"}
{"index": {"_index":"lolz","_id":"3546200"}}
	{"id":3546200,"type":"buy","buyer":"gestion.alive","seller":"marketroll","symbol":"LOLZ","quantity":"0.03672795","price":"0.07270727","timestamp":1653700620,"volume":"0.00267039","buyTxId":"678afa0f34d1453695e4f0207f8899196f22dceb","sellTxId":"372fd7d96cd03dd0bfb1731e89c9d6078a2d202b"}
{"index": {"_index":"lolz","_id":"3546205"}}
	{"id":3546205,"type":"sell","buyer":"onlydoge","seller":"pinkhub","symbol":"LOLZ","quantity":"5.01928293","price":"0.06285000","timestamp":1653700716,"volume":"0.31546193","buyTxId":"3ca632fab09ca77cd3998f45bc464c1215976808","sellTxId":"b8346b39e2c16ea53079c1ce73cfe49f805bd3b4"}
{"index": {"_index":"lolz","_id":"3546373"}}
	{"id":3546373,"type":"buy","buyer":"swearingradio","seller":"onlydoge","symbol":"LOLZ","quantity":"11.95286636","price":"0.07270000","timestamp":1653702066,"volume":"0.86897338","buyTxId":"b6bc5ad296ad9d93145b609bbbabfe9cc7f6e12f","sellTxId":"a59f0819fbb437c0885f8dcf3757dc7bbf2f2ff9"}
{"index": {"_index":"lolz","_id":"3546374"}}
	{"id":3546374,"type":"buy","buyer":"swearingradio","seller":"marketroll","symbol":"LOLZ","quantity":"4.05773205","price":"0.07270727","timestamp":1653702066,"volume":"0.29502662","buyTxId":"b6bc5ad296ad9d93145b609bbbabfe9cc7f6e12f","sellTxId":"372fd7d96cd03dd0bfb1731e89c9d6078a2d202b"}
{"index": {"_index":"lolz","_id":"3546434"}}
	{"id":3546434,"type":"sell","buyer":"onlydoge","seller":"bokica80","symbol":"LOLZ","quantity":"5.00000000","price":"0.06285000","timestamp":1653702717,"volume":"0.31425000","buyTxId":"3ca632fab09ca77cd3998f45bc464c1215976808","sellTxId":"3749ebc3003d271ed1f3720827e725a0f2aa8d99"}
{"index": {"_index":"lolz","_id":"3546526"}}
	{"id":3546526,"type":"sell","buyer":"onlydoge","seller":"wine-cellar","symbol":"LOLZ","quantity":"94.42341300","price":"0.06285000","timestamp":1653704013,"volume":"5.93451151","buyTxId":"3ca632fab09ca77cd3998f45bc464c1215976808","sellTxId":"007a2f272648e4cb984cc6f1704c5072ed82ef10"}
{"index": {"_index":"lolz","_id":"3546527"}}
	{"id":3546527,"type":"sell","buyer":"onlydoge","seller":"marketroll","symbol":"LOLZ","quantity":"0.00000064","price":"0.06285000","timestamp":1653704025,"volume":"0.00000004","buyTxId":"3ca632fab09ca77cd3998f45bc464c1215976808","sellTxId":"4c7d8735ba7b19d58c43b5d546eaf0e0c20c2989"}
{"index": {"_index":"lolz","_id":"3546538"}}
	{"id":3546538,"type":"sell","buyer":"forsakensushi","seller":"wine-cellar","symbol":"LOLZ","quantity":"50.00000000","price":"0.06283999","timestamp":1653704079,"volume":"3.14199950","buyTxId":"9c04e6ee52a33835923c04d8aec8e92471e614fa","sellTxId":"f04209dc0309aa31eaa09347e88bd0914dbad7f8"}
