{"index": {"_index":"lolz","_id":"3761560"}}
	{"id":3761560,"type":"sell","buyer":"rayius","seller":"itharagaian","symbol":"LOLZ","quantity":"1.00042318","price":"0.05123010","timestamp":1656055191,"volume":"0.05125178","buyTxId":"907c9a6cb524f3aa7153f5d8197ebbfef58b3d74","sellTxId":"f88dead18062c0f7c606804d50e8279c9542a351"}
{"index": {"_index":"lolz","_id":"3761593"}}
	{"id":3761593,"type":"sell","buyer":"rayius","seller":"hive-143869","symbol":"LOLZ","quantity":"2.00001557","price":"0.05123010","timestamp":1656055713,"volume":"0.10246100","buyTxId":"907c9a6cb524f3aa7153f5d8197ebbfef58b3d74","sellTxId":"848cc70339fec2a6dbb99ffbb93146abbc91140d"}
{"index": {"_index":"lolz","_id":"3761596"}}
	{"id":3761596,"type":"sell","buyer":"rayius","seller":"lipe100dedos","symbol":"LOLZ","quantity":"4.00000000","price":"0.05123010","timestamp":1656055806,"volume":"0.20492040","buyTxId":"907c9a6cb524f3aa7153f5d8197ebbfef58b3d74","sellTxId":"4b721db5743be9cae45f683b8e0bedc380ab6df0"}
{"index": {"_index":"lolz","_id":"3761735"}}
	{"id":3761735,"type":"sell","buyer":"rayius","seller":"quotidien","symbol":"LOLZ","quantity":"1.00000000","price":"0.05123010","timestamp":1656057525,"volume":"0.05123010","buyTxId":"907c9a6cb524f3aa7153f5d8197ebbfef58b3d74","sellTxId":"97f12fb4b539b873fb303d361ab3c62baf627a9b"}
{"index": {"_index":"lolz","_id":"3761913"}}
	{"id":3761913,"type":"buy","buyer":"pjansen","seller":"onlydoge","symbol":"LOLZ","quantity":"0.41255729","price":"0.07199000","timestamp":1656059679,"volume":"0.0297","buyTxId":"34027ca4b404d6d5d2f992cc5b26c04ee9186351","sellTxId":"f84fd04fe3d9e0a4e7e5a81df44ef2a2130fa6c3"}
{"index": {"_index":"lolz","_id":"3762088"}}
	{"id":3762088,"type":"sell","buyer":"rayius","seller":"funnyfunmemes","symbol":"LOLZ","quantity":"2.00000000","price":"0.05123010","timestamp":1656061491,"volume":"0.10246020","buyTxId":"907c9a6cb524f3aa7153f5d8197ebbfef58b3d74","sellTxId":"42c456dba4b5835383cd961ec8bc97a15c405d71"}
{"index": {"_index":"lolz","_id":"3762124"}}
	{"id":3762124,"type":"sell","buyer":"rayius","seller":"gestion.alive","symbol":"LOLZ","quantity":"8.00000000","price":"0.05123010","timestamp":1656062175,"volume":"0.40984080","buyTxId":"907c9a6cb524f3aa7153f5d8197ebbfef58b3d74","sellTxId":"f9fffa450b7e66898a93dd21195bbc7eee1225f5"}
{"index": {"_index":"lolz","_id":"3762152"}}
	{"id":3762152,"type":"sell","buyer":"rayius","seller":"token-thx","symbol":"LOLZ","quantity":"2.00002428","price":"0.05123010","timestamp":1656063045,"volume":"0.10246144","buyTxId":"907c9a6cb524f3aa7153f5d8197ebbfef58b3d74","sellTxId":"b9aa3928d39540b9cc799f2b7416d83eb33dc5c7"}
{"index": {"_index":"lolz","_id":"3762479"}}
	{"id":3762479,"type":"sell","buyer":"dechuck","seller":"femcy-willcy","symbol":"LOLZ","quantity":"4.11784151","price":"0.05123011","timestamp":1656067038,"volume":"0.21095747","buyTxId":"468ee01e184f5cec9c4cd44acafe9891f8a8c58d","sellTxId":"32402476408e9785a547eed9ec774163566c34e9"}
{"index": {"_index":"lolz","_id":"3763181"}}
	{"id":3763181,"type":"sell","buyer":"dechuck","seller":"arthursiq5","symbol":"LOLZ","quantity":"0.03285381","price":"0.05123011","timestamp":1656075654,"volume":"0.00168310","buyTxId":"468ee01e184f5cec9c4cd44acafe9891f8a8c58d","sellTxId":"5a7c2ae124cf60583d05dedb2c8d191e6c98f161"}
{"index": {"_index":"lolz","_id":"3763191"}}
	{"id":3763191,"type":"sell","buyer":"dechuck","seller":"kolbjorn","symbol":"LOLZ","quantity":"0.84930468","price":"0.05123011","timestamp":1656075825,"volume":"0.04350997","buyTxId":"468ee01e184f5cec9c4cd44acafe9891f8a8c58d","sellTxId":"3dec5585edde04acc7d4c4d4907f81d667a7e305"}
{"index": {"_index":"lolz","_id":"3763192"}}
	{"id":3763192,"type":"sell","buyer":"rayius","seller":"kolbjorn","symbol":"LOLZ","quantity":"8.15437403","price":"0.05123010","timestamp":1656075825,"volume":"0.41774940","buyTxId":"907c9a6cb524f3aa7153f5d8197ebbfef58b3d74","sellTxId":"3dec5585edde04acc7d4c4d4907f81d667a7e305"}
{"index": {"_index":"lolz","_id":"3763460"}}
	{"id":3763460,"type":"sell","buyer":"koussbar","seller":"ydaiznfts","symbol":"LOLZ","quantity":"8.07874226","price":"0.05125000","timestamp":1656079512,"volume":"0.41403554","buyTxId":"d31ab31d02580fee40a791efbf85627bb868f742","sellTxId":"ef07ed4c9608121233950338ae208c25987d9bbd"}
{"index": {"_index":"lolz","_id":"3763732"}}
	{"id":3763732,"type":"sell","buyer":"koussbar","seller":"robibasa","symbol":"LOLZ","quantity":"2.00000000","price":"0.05125000","timestamp":1656082644,"volume":"0.10250000","buyTxId":"d31ab31d02580fee40a791efbf85627bb868f742","sellTxId":"4d93d2b15cb0fcaa06e4ab12c149e33b2184983d"}
{"index": {"_index":"lolz","_id":"3764278"}}
	{"id":3764278,"type":"sell","buyer":"koussbar","seller":"barski","symbol":"LOLZ","quantity":"2.00032444","price":"0.05125000","timestamp":1656087312,"volume":"0.10251663","buyTxId":"d31ab31d02580fee40a791efbf85627bb868f742","sellTxId":"f589fe1e3231885c4a8b8385d15e29aca77f3bba"}
{"index": {"_index":"lolz","_id":"3764320"}}
	{"id":3764320,"type":"buy","buyer":"hankanon","seller":"master-lamps","symbol":"LOLZ","quantity":"1.00000000","price":"0.07188990","timestamp":1656087669,"volume":"0.07188990","buyTxId":"3cfaf07cd5cca73c33a34678fb2d25389875e6bd","sellTxId":"b74a9c6dcc516a42ecd1adcb292a1c62d7a25c73"}
{"index": {"_index":"lolz","_id":"3764321"}}
	{"id":3764321,"type":"buy","buyer":"hankanon","seller":"onlydoge","symbol":"LOLZ","quantity":"96.37098483","price":"0.07189000","timestamp":1656087669,"volume":"6.92811010","buyTxId":"3cfaf07cd5cca73c33a34678fb2d25389875e6bd","sellTxId":"c37c9a85785b495d41cc2720da8fb3ee29a7a401"}
{"index": {"_index":"lolz","_id":"3764564"}}
	{"id":3764564,"type":"sell","buyer":"koussbar","seller":"bionicpainter","symbol":"LOLZ","quantity":"1","price":"0.05125000","timestamp":1656089655,"volume":"0.05125000","buyTxId":"d31ab31d02580fee40a791efbf85627bb868f742","sellTxId":"3d3ea8c4a4a0722a2b8559bf176307f195465447"}
{"index": {"_index":"lolz","_id":"3764668"}}
	{"id":3764668,"type":"sell","buyer":"koussbar","seller":"lisamgentile1961","symbol":"LOLZ","quantity":"0.06304690","price":"0.05125000","timestamp":1656090888,"volume":"0.00323115","buyTxId":"d31ab31d02580fee40a791efbf85627bb868f742","sellTxId":"3e20ecb5f2c1a7d642c17bc200e103cce0256edf"}
{"index": {"_index":"lolz","_id":"3765025"}}
	{"id":3765025,"type":"sell","buyer":"koussbar","seller":"captainquack22","symbol":"LOLZ","quantity":"13","price":"0.05125000","timestamp":1656094155,"volume":"0.66625000","buyTxId":"d31ab31d02580fee40a791efbf85627bb868f742","sellTxId":"298bbe04af230632d7ff5625cd9567bbe074855d"}
{"index": {"_index":"lolz","_id":"3765131"}}
	{"id":3765131,"type":"sell","buyer":"koussbar","seller":"fnvdesigns","symbol":"LOLZ","quantity":"4.25404892","price":"0.05125000","timestamp":1656095511,"volume":"0.21802001","buyTxId":"d31ab31d02580fee40a791efbf85627bb868f742","sellTxId":"f0c4fff903f10dd490bf20a5a5654a597cafee80"}
{"index": {"_index":"lolz","_id":"3765917"}}
	{"id":3765917,"type":"sell","buyer":"koussbar","seller":"wil.metcalfe","symbol":"LOLZ","quantity":"14.00086516","price":"0.05125000","timestamp":1656106428,"volume":"0.71754434","buyTxId":"d31ab31d02580fee40a791efbf85627bb868f742","sellTxId":"a3d8ac76a9dcb1f80c76b4141621ce041a2f60a1"}
{"index": {"_index":"lolz","_id":"3766284"}}
	{"id":3766284,"type":"sell","buyer":"koussbar","seller":"cliffagreen","symbol":"LOLZ","quantity":"0.73296318","price":"0.05125000","timestamp":1656110193,"volume":"0.03756436","buyTxId":"d31ab31d02580fee40a791efbf85627bb868f742","sellTxId":"ae79852735621979403d2b5f225900644452b11c"}
{"index": {"_index":"lolz","_id":"3767181"}}
	{"id":3767181,"type":"sell","buyer":"koussbar","seller":"dswap","symbol":"LOLZ","quantity":"4","price":"0.05125000","timestamp":1656121224,"volume":"0.20500000","buyTxId":"d31ab31d02580fee40a791efbf85627bb868f742","sellTxId":"38f3bfe36663ade9c6b12a604bc90a73271b48f0"}
{"index": {"_index":"lolz","_id":"3767270"}}
	{"id":3767270,"type":"sell","buyer":"koussbar","seller":"pousinha","symbol":"LOLZ","quantity":"5","price":"0.05125000","timestamp":1656123009,"volume":"0.25625000","buyTxId":"d31ab31d02580fee40a791efbf85627bb868f742","sellTxId":"4c5993cc486d7b759161ead1fa40d8dcb9bd408a"}
