{"index": {"_index":"lolz","_id":"3327566"}}
	{"id":3327566,"type":"sell","buyer":"magicbeans","seller":"atyh","symbol":"LOLZ","quantity":"4.00000000","price":"0.04324001","timestamp":1651458201,"volume":"0.17296004","buyTxId":"23004f5c7592e5ecb1495198c4dca9e4a1609075","sellTxId":"e60f5a7ac5c890cc771b1081dff8ad9f3fe2a68e"}
{"index": {"_index":"lolz","_id":"3328140"}}
	{"id":3328140,"type":"sell","buyer":"magicbeans","seller":"xplosive","symbol":"LOLZ","quantity":"1.00000000","price":"0.04400001","timestamp":1651464882,"volume":"0.04400001","buyTxId":"5cb36831599c4e2e51fbda5d547854b223e97d8c","sellTxId":"d9f8deabbfffc479131a0171c72394713c30b2a8"}
{"index": {"_index":"lolz","_id":"3328308"}}
	{"id":3328308,"type":"buy","buyer":"edgerik","seller":"imno","symbol":"LOLZ","quantity":"2.00000000","price":"0.06279990","timestamp":1651467108,"volume":"0.12559980","buyTxId":"e078d2976856d7a13495b7b3be86be91b983fa5b","sellTxId":"878a01cacd75bd2c1e5bbb6de96c88a8fe54c54a"}
{"index": {"_index":"lolz","_id":"3328438"}}
	{"id":3328438,"type":"sell","buyer":"magicbeans","seller":"suhlaing","symbol":"LOLZ","quantity":"4.00000000","price":"0.04401001","timestamp":1651469139,"volume":"0.17604004","buyTxId":"5c00fc23905bf301a5fd45d4e84ca75d650aa4a8","sellTxId":"798b8d75c2b04d52deabba31c5c0834c14af64b2"}
{"index": {"_index":"lolz","_id":"3329182"}}
	{"id":3329182,"type":"sell","buyer":"magicbeans","seller":"networkallstar","symbol":"LOLZ","quantity":"1.00000000","price":"0.04402001","timestamp":1651479033,"volume":"0.04402001","buyTxId":"77a646410eb1d5f6f30b23b199bf9d3b9e9b1024","sellTxId":"5ee48a34537d0718f407cea2236ad17e733a340d"}
{"index": {"_index":"lolz","_id":"3329498"}}
	{"id":3329498,"type":"sell","buyer":"magicbeans","seller":"itharagaian","symbol":"LOLZ","quantity":"3.00000000","price":"0.04402101","timestamp":1651483263,"volume":"0.13206303","buyTxId":"6f39a432e579ead2d80ec2f2e974386402c860d1","sellTxId":"58d1d39ea83e3bce9b26f513f4fa595fb1a378e7"}
{"index": {"_index":"lolz","_id":"3329618"}}
	{"id":3329618,"type":"sell","buyer":"magicbeans","seller":"hive-143869","symbol":"LOLZ","quantity":"1.00000000","price":"0.04402101","timestamp":1651484457,"volume":"0.04402101","buyTxId":"6f39a432e579ead2d80ec2f2e974386402c860d1","sellTxId":"720b82ee60b3883b77fb5add32f6f5bff8ffa8a3"}
{"index": {"_index":"lolz","_id":"3329719"}}
	{"id":3329719,"type":"sell","buyer":"magicbeans","seller":"rsntpl","symbol":"LOLZ","quantity":"2.00000000","price":"0.04402101","timestamp":1651485492,"volume":"0.08804202","buyTxId":"6f39a432e579ead2d80ec2f2e974386402c860d1","sellTxId":"9d58012c02e856bf347cf270e7b79d6f3a4afdc5"}
{"index": {"_index":"lolz","_id":"3330122"}}
	{"id":3330122,"type":"sell","buyer":"magicbeans","seller":"mein-senf-dazu","symbol":"LOLZ","quantity":"22.50533735","price":"0.04402101","timestamp":1651490460,"volume":"0.99070768","buyTxId":"6f39a432e579ead2d80ec2f2e974386402c860d1","sellTxId":"0587934110c5014c5de4c88bd882fabfd351fc5e"}
{"index": {"_index":"lolz","_id":"3330123"}}
	{"id":3330123,"type":"sell","buyer":"onlydoge","seller":"mein-senf-dazu","symbol":"LOLZ","quantity":"4.94772507","price":"0.04402000","timestamp":1651490460,"volume":"0.21779886","buyTxId":"99bef25cc494e833ce162ab07f4691323f136690","sellTxId":"0587934110c5014c5de4c88bd882fabfd351fc5e"}
{"index": {"_index":"lolz","_id":"3330196"}}
	{"id":3330196,"type":"sell","buyer":"onlydoge","seller":"gestion.alive","symbol":"LOLZ","quantity":"15.00206140","price":"0.04402000","timestamp":1651491294,"volume":"0.66039074","buyTxId":"99bef25cc494e833ce162ab07f4691323f136690","sellTxId":"feb4e21d41422267ed3bf8026e0607cfa224e14e"}
{"index": {"_index":"lolz","_id":"3330278"}}
	{"id":3330278,"type":"sell","buyer":"onlydoge","seller":"andy4475","symbol":"LOLZ","quantity":"2.04612209","price":"0.04402000","timestamp":1651492188,"volume":"0.09007029","buyTxId":"99bef25cc494e833ce162ab07f4691323f136690","sellTxId":"3d6896682200fbf9edfa5b15a893ff4298a72a3e"}
{"index": {"_index":"lolz","_id":"3331747"}}
	{"id":3331747,"type":"sell","buyer":"onlydoge","seller":"duke77","symbol":"LOLZ","quantity":"0.72103144","price":"0.04402000","timestamp":1651507614,"volume":"0.03173980","buyTxId":"99bef25cc494e833ce162ab07f4691323f136690","sellTxId":"00de4cf4d3b42d0ec5fa1fe8d044f90d20ef9506"}
{"index": {"_index":"lolz","_id":"3331751"}}
	{"id":3331751,"type":"sell","buyer":"davidxxl","seller":"duke77","symbol":"LOLZ","quantity":"3.28896856","price":"0.04400000","timestamp":1651507665,"volume":"0.14471462","buyTxId":"7e32ac256dd9bc8a2cbad30b384f0581b17d964a","sellTxId":"0fc918ce3e093d350e6c8d69ac4c794f1cd71171"}
{"index": {"_index":"lolz","_id":"3332609"}}
	{"id":3332609,"type":"buy","buyer":"worldfinances","seller":"magicbeans","symbol":"LOLZ","quantity":"6.00000000","price":"0.05277999","timestamp":1651515534,"volume":"0.31667994","buyTxId":"9e9c1682c0e9f78697529c792b0af48e3116cf1e","sellTxId":"600f157bcc0688ac033f773a1092bda4740c7442"}
{"index": {"_index":"lolz","_id":"3334412"}}
	{"id":3334412,"type":"sell","buyer":"hoosie","seller":"alexandrzombi","symbol":"LOLZ","quantity":"0.00002369","price":"0.04650000","timestamp":1651533264,"volume":"0.00000110","buyTxId":"caf7b58cfaa001440c48044505c291ef19cb672f","sellTxId":"795c152209b9ba378feab2218b6a241a7d51b0b9"}
{"index": {"_index":"lolz","_id":"3334477"}}
	{"id":3334477,"type":"sell","buyer":"davidxxl","seller":"amanda.yrr","symbol":"LOLZ","quantity":"4.00000000","price":"0.04700000","timestamp":1651534047,"volume":"0.18800000","buyTxId":"17d0d4cbcea3b0d79236f756285470aef966c3bd","sellTxId":"671d6d566ab4a8bd689d489d493e4c2d57c9a226"}
{"index": {"_index":"lolz","_id":"3334478"}}
	{"id":3334478,"type":"sell","buyer":"hoosie","seller":"amanda.yrr","symbol":"LOLZ","quantity":"11.00000000","price":"0.04650000","timestamp":1651534077,"volume":"0.51150000","buyTxId":"caf7b58cfaa001440c48044505c291ef19cb672f","sellTxId":"6d0a88cafb31e807f49a14c1524b16edb10a51d1"}
{"index": {"_index":"lolz","_id":"3334764"}}
	{"id":3334764,"type":"sell","buyer":"hoosie","seller":"criptosectadepit","symbol":"LOLZ","quantity":"1.00000000","price":"0.04650000","timestamp":1651538247,"volume":"0.04650000","buyTxId":"caf7b58cfaa001440c48044505c291ef19cb672f","sellTxId":"71ba05eb1dc1ef62f78124f93819a7467f397263"}
{"index": {"_index":"lolz","_id":"3335119"}}
	{"id":3335119,"type":"sell","buyer":"hoosie","seller":"dswap","symbol":"LOLZ","quantity":"0.11504023","price":"0.04650000","timestamp":1651542456,"volume":"0.00534937","buyTxId":"caf7b58cfaa001440c48044505c291ef19cb672f","sellTxId":"1aa7123dab03e1c89bf6526ae60c123349ceb6f9"}
{"index": {"_index":"lolz","_id":"3335264"}}
	{"id":3335264,"type":"sell","buyer":"hoosie","seller":"steem82868","symbol":"LOLZ","quantity":"9.21421107","price":"0.04650000","timestamp":1651543431,"volume":"0.42846081","buyTxId":"caf7b58cfaa001440c48044505c291ef19cb672f","sellTxId":"ddcd72273f73a27b0e8829bd9a1b9858514ad0d6"}
