{"index": {"_index":"lolz","_id":"3439320"}}
	{"id":3439320,"type":"sell","buyer":"magicbeans","seller":"tin.aung.soe","symbol":"LOLZ","quantity":"27.00000000","price":"0.05500001","timestamp":1652656800,"volume":"1.48500027","buyTxId":"a9e47ef5aa39043018246f49b571e3705fcc3e9a","sellTxId":"43b273b32b093f0e57eceba87cf3d854dbaabc71"}
{"index": {"_index":"lolz","_id":"3439346"}}
	{"id":3439346,"type":"sell","buyer":"magicbeans","seller":"alexandrzombi","symbol":"LOLZ","quantity":"0.00002572","price":"0.05500001","timestamp":1652657205,"volume":"0.00000141","buyTxId":"a9e47ef5aa39043018246f49b571e3705fcc3e9a","sellTxId":"4c36fd19c5347466855036d490e193b649ae9f11"}
{"index": {"_index":"lolz","_id":"3439635"}}
	{"id":3439635,"type":"buy","buyer":"andy4475","seller":"cryptofiloz","symbol":"LOLZ","quantity":"6.77795668","price":"0.07279988","timestamp":1652661270,"volume":"0.49343443","buyTxId":"cefb3419e56935dfc1db003ac723dcf38cc71258","sellTxId":"e041cb487d588e454905f7093262e27dbd397f6e"}
{"index": {"_index":"lolz","_id":"3439636"}}
	{"id":3439636,"type":"buy","buyer":"andy4475","seller":"pinkhub","symbol":"LOLZ","quantity":"3.00000000","price":"0.07999995","timestamp":1652661270,"volume":"0.23999985","buyTxId":"cefb3419e56935dfc1db003ac723dcf38cc71258","sellTxId":"4a7383d61e46d41d807d74cf0cda50b78cfc46b6"}
{"index": {"_index":"lolz","_id":"3439656"}}
	{"id":3439656,"type":"buy","buyer":"magicbeans","seller":"baconface","symbol":"LOLZ","quantity":"0.01240448","price":"0.09360000","timestamp":1652661768,"volume":"0.00116106","buyTxId":"874994433021507cc6585d341b3062a4d39e4278","sellTxId":"e72a6a1e8ea0d37d7227c4884bd1538b26e5c7da"}
{"index": {"_index":"lolz","_id":"3439657"}}
	{"id":3439657,"type":"buy","buyer":"magicbeans","seller":"baconface","symbol":"LOLZ","quantity":"0.01240448","price":"0.12168000","timestamp":1652661768,"volume":"0.00150938","buyTxId":"874994433021507cc6585d341b3062a4d39e4278","sellTxId":"2dd6c30243f1f7e6ab9aa2584e0e5b1a7df6607c"}
{"index": {"_index":"lolz","_id":"3439740"}}
	{"id":3439740,"type":"sell","buyer":"andy4475","seller":"jacksonizer","symbol":"LOLZ","quantity":"0.22204332","price":"0.07999995","timestamp":1652663313,"volume":"0.01776345","buyTxId":"cefb3419e56935dfc1db003ac723dcf38cc71258","sellTxId":"57535fdd6b2b2e5c63a28402c040f66e31016ab9"}
{"index": {"_index":"lolz","_id":"3439741"}}
	{"id":3439741,"type":"sell","buyer":"magicbeans","seller":"jacksonizer","symbol":"LOLZ","quantity":"1.77795668","price":"0.05500001","timestamp":1652663313,"volume":"0.09778764","buyTxId":"a9e47ef5aa39043018246f49b571e3705fcc3e9a","sellTxId":"57535fdd6b2b2e5c63a28402c040f66e31016ab9"}
{"index": {"_index":"lolz","_id":"3439917"}}
	{"id":3439917,"type":"sell","buyer":"magicbeans","seller":"bearbear613","symbol":"LOLZ","quantity":"1.00000000","price":"0.05500001","timestamp":1652665656,"volume":"0.05500001","buyTxId":"a9e47ef5aa39043018246f49b571e3705fcc3e9a","sellTxId":"2b6fcc612c7a9da6b0d1890aa4719309c7689b48"}
{"index": {"_index":"lolz","_id":"3441394"}}
	{"id":3441394,"type":"sell","buyer":"magicbeans","seller":"itharagaian","symbol":"LOLZ","quantity":"1.41704746","price":"0.05500001","timestamp":1652683395,"volume":"0.07793762","buyTxId":"a9e47ef5aa39043018246f49b571e3705fcc3e9a","sellTxId":"e639e42cfb00ab164be1ae742256465d053bd2c8"}
{"index": {"_index":"lolz","_id":"3441833"}}
	{"id":3441833,"type":"sell","buyer":"steem82868","seller":"splinter100dedos","symbol":"LOLZ","quantity":"3.00000000","price":"0.04768000","timestamp":1652688954,"volume":"0.14304000","buyTxId":"e94a331fc59557469435f301ff3be2feaef32889","sellTxId":"49f33f4dfefe0c32bfdb1d7355e533404863f36d"}
{"index": {"_index":"lolz","_id":"3442182"}}
	{"id":3442182,"type":"buy","buyer":"rayius","seller":"itharagaian","symbol":"LOLZ","quantity":"0.58295254","price":"0.05500001","timestamp":1652692935,"volume":"0.03206240","buyTxId":"2f958fcf3146f082c9b1dd618aa9232b13462a7b","sellTxId":"e639e42cfb00ab164be1ae742256465d053bd2c8"}
{"index": {"_index":"lolz","_id":"3442306"}}
	{"id":3442306,"type":"sell","buyer":"steem82868","seller":"themarkymark","symbol":"LOLZ","quantity":"1.00000000","price":"0.04768000","timestamp":1652693967,"volume":"0.04768000","buyTxId":"e94a331fc59557469435f301ff3be2feaef32889","sellTxId":"d791e1bc9cf0e9391ec6a502a5d38c203a4206d3"}
{"index": {"_index":"lolz","_id":"3442813"}}
	{"id":3442813,"type":"sell","buyer":"steem82868","seller":"gestion.alive","symbol":"LOLZ","quantity":"16.00000000","price":"0.04768000","timestamp":1652699820,"volume":"0.76288000","buyTxId":"e94a331fc59557469435f301ff3be2feaef32889","sellTxId":"fcd492548df9edbff80ff53da3124abb01133bbe"}
{"index": {"_index":"lolz","_id":"3442907"}}
	{"id":3442907,"type":"buy","buyer":"hutorou","seller":"magicbeans","symbol":"LOLZ","quantity":"33.37079390","price":"0.08989897","timestamp":1652700534,"volume":"3","buyTxId":"165f708b4166b2d4d99e3c80018d93de4138a2f0","sellTxId":"10af11b7c8bd9a973c6052589543cc90dd796f24"}
{"index": {"_index":"lolz","_id":"3443701"}}
	{"id":3443701,"type":"sell","buyer":"dechuck","seller":"captainquack22","symbol":"LOLZ","quantity":"12","price":"0.04768000","timestamp":1652709495,"volume":"0.57216000","buyTxId":"ca9cd7bd7c5e61153c6f5984d26302d2100409c1","sellTxId":"69fe94cf6e205b758c4f75ecc31ddc8fb63b9181"}
{"index": {"_index":"lolz","_id":"3443823"}}
	{"id":3443823,"type":"sell","buyer":"dechuck","seller":"zottone444","symbol":"LOLZ","quantity":"13.00000000","price":"0.04768000","timestamp":1652710785,"volume":"0.61984000","buyTxId":"ca9cd7bd7c5e61153c6f5984d26302d2100409c1","sellTxId":"801465f7344513a3e7632b301ec11092d86ddf62"}
{"index": {"_index":"lolz","_id":"3444320"}}
	{"id":3444320,"type":"buy","buyer":"rayius","seller":"magicbeans","symbol":"LOLZ","quantity":"100.00000000","price":"0.08279999","timestamp":1652715051,"volume":"8.27999900","buyTxId":"85b65ae682f87583f51ffe15067adbffe54f49e5","sellTxId":"165734c299262261cfb3ff4a4ab4da6c01470f57"}
{"index": {"_index":"lolz","_id":"3444323"}}
	{"id":3444323,"type":"buy","buyer":"rayius","seller":"steem82868","symbol":"LOLZ","quantity":"1.84949147","price":"0.08280000","timestamp":1652715096,"volume":"0.15313789","buyTxId":"181c10e791fb9956e174ca4ac99475cf019f7461","sellTxId":"b812117c96836379fb1de8deef020d951fa2eea8"}
{"index": {"_index":"lolz","_id":"3444324"}}
	{"id":3444324,"type":"buy","buyer":"rayius","seller":"szmobacsi","symbol":"LOLZ","quantity":"10.00000000","price":"0.08590000","timestamp":1652715096,"volume":"0.85900000","buyTxId":"181c10e791fb9956e174ca4ac99475cf019f7461","sellTxId":"c8bc9f664e873d001c04499c770b692ba1ac0d81"}
{"index": {"_index":"lolz","_id":"3444325"}}
	{"id":3444325,"type":"buy","buyer":"rayius","seller":"steem82868","symbol":"LOLZ","quantity":"25.15776980","price":"0.08600000","timestamp":1652715096,"volume":"2.16356820","buyTxId":"181c10e791fb9956e174ca4ac99475cf019f7461","sellTxId":"c005d5f813b92cdacd4d3fa63f45741d858c0f32"}
{"index": {"_index":"lolz","_id":"3444328"}}
	{"id":3444328,"type":"buy","buyer":"rayius","seller":"steem82868","symbol":"LOLZ","quantity":"11.84949147","price":"0.08600000","timestamp":1652715126,"volume":"1.01905627","buyTxId":"d10d41330db19966ea5d4d5f66c42760d9620821","sellTxId":"c005d5f813b92cdacd4d3fa63f45741d858c0f32"}
{"index": {"_index":"lolz","_id":"3444888"}}
	{"id":3444888,"type":"sell","buyer":"magicbeans","seller":"captainquack22","symbol":"LOLZ","quantity":"5","price":"0.04777001","timestamp":1652720394,"volume":"0.23885005","buyTxId":"47ff4a7aaf7f35939bb98a8651a204ea532e21a3","sellTxId":"cdf9fbc173103ac6cb7f12d0da40ffe204632b14"}
{"index": {"_index":"lolz","_id":"3446845"}}
	{"id":3446845,"type":"sell","buyer":"magicbeans","seller":"jongolson","symbol":"LOLZ","quantity":"9.00000000","price":"0.04777001","timestamp":1652730600,"volume":"0.42993009","buyTxId":"47ff4a7aaf7f35939bb98a8651a204ea532e21a3","sellTxId":"d367db337cae452b6f4c4525a783459d51bad65a"}
{"index": {"_index":"lolz","_id":"3447325"}}
	{"id":3447325,"type":"sell","buyer":"magicbeans","seller":"thisisawesome","symbol":"LOLZ","quantity":"1","price":"0.04777003","timestamp":1652735673,"volume":"0.04777003","buyTxId":"7b3b8d073194c9f8586f75a7230593e0fedebc0f","sellTxId":"7bc3bd075f90bab8a6729ea9e7c37056d22bea4c"}
{"index": {"_index":"lolz","_id":"3447437"}}
	{"id":3447437,"type":"sell","buyer":"magicbeans","seller":"pousinha","symbol":"LOLZ","quantity":"1","price":"0.04777003","timestamp":1652737059,"volume":"0.04777003","buyTxId":"7b3b8d073194c9f8586f75a7230593e0fedebc0f","sellTxId":"de08cefecb9c49eb0892b2cbed9282a9c3a4f122"}
{"index": {"_index":"lolz","_id":"3448039"}}
	{"id":3448039,"type":"sell","buyer":"magicbeans","seller":"alexandrzombi","symbol":"LOLZ","quantity":"0.00002586","price":"0.04777003","timestamp":1652742720,"volume":"0.00000124","buyTxId":"7b3b8d073194c9f8586f75a7230593e0fedebc0f","sellTxId":"5639f380b372fa99eb599708844ccd4896358e4a"}
