{"index": {"_index":"lolz","_id":"3305069"}}
	{"id":3305069,"type":"sell","buyer":"hoosie","seller":"arthursiq5","symbol":"LOLZ","quantity":"6.01259971","price":"0.04300000","timestamp":1651198362,"volume":"0.25854179","buyTxId":"8552afd7f019d334eca5429ffb177906af4a1a50","sellTxId":"37eea4c36581329d367522a438f3f2a80e3d2716"}
{"index": {"_index":"lolz","_id":"3305418"}}
	{"id":3305418,"type":"sell","buyer":"hoosie","seller":"tin.aung.soe","symbol":"LOLZ","quantity":"31.17934975","price":"0.04300000","timestamp":1651202295,"volume":"1.34071204","buyTxId":"8552afd7f019d334eca5429ffb177906af4a1a50","sellTxId":"bcb4b167fde6fba012fb58db97b429af42deed58"}
{"index": {"_index":"lolz","_id":"3305554"}}
	{"id":3305554,"type":"sell","buyer":"onlydoge","seller":"gabrielrr17","symbol":"LOLZ","quantity":"4.00000000","price":"0.04202000","timestamp":1651203960,"volume":"0.16808000","buyTxId":"a5b5de1db34d7ebe80bbcb5190783a4e25774c3a","sellTxId":"58dc293bb2d6f0d38cf4513b10be1810dcac49e0"}
{"index": {"_index":"lolz","_id":"3306210"}}
	{"id":3306210,"type":"sell","buyer":"onlydoge","seller":"itharagaian","symbol":"LOLZ","quantity":"1.00000000","price":"0.04202000","timestamp":1651214688,"volume":"0.04202000","buyTxId":"a5b5de1db34d7ebe80bbcb5190783a4e25774c3a","sellTxId":"894b124267859d4cdb72bbe1a1250668f800286c"}
{"index": {"_index":"lolz","_id":"3306297"}}
	{"id":3306297,"type":"sell","buyer":"onlydoge","seller":"zuerich","symbol":"LOLZ","quantity":"1.00000000","price":"0.04202000","timestamp":1651216242,"volume":"0.04202000","buyTxId":"a5b5de1db34d7ebe80bbcb5190783a4e25774c3a","sellTxId":"bae13166f2bd3dbfc344c6b6f47a041a990d0903"}
{"index": {"_index":"lolz","_id":"3306684"}}
	{"id":3306684,"type":"sell","buyer":"onlydoge","seller":"mypathtofire","symbol":"LOLZ","quantity":"1.00000000","price":"0.04202000","timestamp":1651222080,"volume":"0.04202000","buyTxId":"a5b5de1db34d7ebe80bbcb5190783a4e25774c3a","sellTxId":"7cd0d5d9301c32e6bc29e7bfd183b170f328a931"}
{"index": {"_index":"lolz","_id":"3306795"}}
	{"id":3306795,"type":"sell","buyer":"onlydoge","seller":"sentipl","symbol":"LOLZ","quantity":"2.00000000","price":"0.04202000","timestamp":1651224351,"volume":"0.08404000","buyTxId":"a5b5de1db34d7ebe80bbcb5190783a4e25774c3a","sellTxId":"67ff041c8ff7a41dd0b6ec5cfd1c9006f11c0df3"}
{"index": {"_index":"lolz","_id":"3307316"}}
	{"id":3307316,"type":"sell","buyer":"onlydoge","seller":"funnyvideostv","symbol":"LOLZ","quantity":"1.00000000","price":"0.04202000","timestamp":1651232253,"volume":"0.04202000","buyTxId":"a5b5de1db34d7ebe80bbcb5190783a4e25774c3a","sellTxId":"5c1cf11b5347b7f6ebb775c9f958d91c8e5ce479"}
{"index": {"_index":"lolz","_id":"3307547"}}
	{"id":3307547,"type":"sell","buyer":"onlydoge","seller":"jakkal","symbol":"LOLZ","quantity":"5.00000000","price":"0.04202000","timestamp":1651234635,"volume":"0.21010000","buyTxId":"a5b5de1db34d7ebe80bbcb5190783a4e25774c3a","sellTxId":"6ad241c6d82477e7f738a217ca49efb527154cfd"}
{"index": {"_index":"lolz","_id":"3307639"}}
	{"id":3307639,"type":"sell","buyer":"onlydoge","seller":"steem82868","symbol":"LOLZ","quantity":"0.47886680","price":"0.04202000","timestamp":1651235961,"volume":"0.02012198","buyTxId":"a5b5de1db34d7ebe80bbcb5190783a4e25774c3a","sellTxId":"a23d56aa284ff140139d8992dec2486f8b315f71"}
{"index": {"_index":"lolz","_id":"3307667"}}
	{"id":3307667,"type":"sell","buyer":"onlydoge","seller":"forexbrokr","symbol":"LOLZ","quantity":"3.00000000","price":"0.04202000","timestamp":1651236390,"volume":"0.12606000","buyTxId":"a5b5de1db34d7ebe80bbcb5190783a4e25774c3a","sellTxId":"411a07304f659a89709a85260ec4ea8fe7300266"}
{"index": {"_index":"lolz","_id":"3307704"}}
	{"id":3307704,"type":"sell","buyer":"onlydoge","seller":"gestion.alive","symbol":"LOLZ","quantity":"5.31931320","price":"0.04202000","timestamp":1651237032,"volume":"0.22351754","buyTxId":"a5b5de1db34d7ebe80bbcb5190783a4e25774c3a","sellTxId":"15fc66c6851fb0bd5da4ddbf978c247a754e3bfb"}
{"index": {"_index":"lolz","_id":"3307705"}}
	{"id":3307705,"type":"sell","buyer":"meesterboom","seller":"gestion.alive","symbol":"LOLZ","quantity":"4.68220285","price":"0.04202000","timestamp":1651237032,"volume":"0.19674616","buyTxId":"f7770a7d4c6d9a9c141a00cc4f7025dd87765ee4","sellTxId":"15fc66c6851fb0bd5da4ddbf978c247a754e3bfb"}
{"index": {"_index":"lolz","_id":"3308001"}}
	{"id":3308001,"type":"sell","buyer":"meesterboom","seller":"steem82868","symbol":"LOLZ","quantity":"0.63942842","price":"0.04202000","timestamp":1651241361,"volume":"0.02686878","buyTxId":"f7770a7d4c6d9a9c141a00cc4f7025dd87765ee4","sellTxId":"576646e7e5d83c410100468095fc63971a36f899"}
{"index": {"_index":"lolz","_id":"3309149"}}
	{"id":3309149,"type":"buy","buyer":"dechuck","seller":"tin.aung.soe","symbol":"LOLZ","quantity":"0.00050000","price":"0.04300000","timestamp":1651251306,"volume":"0.00002150","buyTxId":"2ca0bcb0e37f29183cfc1f9f43fcfe6c7a0dfb19","sellTxId":"bcb4b167fde6fba012fb58db97b429af42deed58"}
{"index": {"_index":"lolz","_id":"3309497"}}
	{"id":3309497,"type":"sell","buyer":"meesterboom","seller":"themarkymark","symbol":"LOLZ","quantity":"1.00000000","price":"0.04202000","timestamp":1651256256,"volume":"0.04202000","buyTxId":"f7770a7d4c6d9a9c141a00cc4f7025dd87765ee4","sellTxId":"7cb406a3f200d0810b982765b18406f3cdc33e26"}
{"index": {"_index":"lolz","_id":"3309872"}}
	{"id":3309872,"type":"sell","buyer":"meesterboom","seller":"engilhramn","symbol":"LOLZ","quantity":"2.00000000","price":"0.04202000","timestamp":1651260180,"volume":"0.08404000","buyTxId":"f7770a7d4c6d9a9c141a00cc4f7025dd87765ee4","sellTxId":"9d726660d54be3375b1f2e65bec0a7e450fa9708"}
{"index": {"_index":"lolz","_id":"3309921"}}
	{"id":3309921,"type":"sell","buyer":"meesterboom","seller":"dwinblood","symbol":"LOLZ","quantity":"1.00000000","price":"0.04202000","timestamp":1651260642,"volume":"0.04202000","buyTxId":"f7770a7d4c6d9a9c141a00cc4f7025dd87765ee4","sellTxId":"7dc3f3d289c4d649a5ad9b1db6f395a1c09ad25e"}
{"index": {"_index":"lolz","_id":"3309940"}}
	{"id":3309940,"type":"sell","buyer":"meesterboom","seller":"itharagaian","symbol":"LOLZ","quantity":"2.00000000","price":"0.04202000","timestamp":1651261110,"volume":"0.08404000","buyTxId":"f7770a7d4c6d9a9c141a00cc4f7025dd87765ee4","sellTxId":"3a8557d59a1920587b0c1d18f6f44e408ccd5418"}
{"index": {"_index":"lolz","_id":"3310437"}}
	{"id":3310437,"type":"sell","buyer":"dstampede","seller":"andy4475","symbol":"LOLZ","quantity":"2.03722173","price":"0.04299000","timestamp":1651267224,"volume":"0.08758016","buyTxId":"37b2b42cbbe7779c566b225ae7774e0b75c6678f","sellTxId":"155bd6e8d4222af3ea2b9b670b6b1bf2fe2ef5ff"}
{"index": {"_index":"lolz","_id":"3310616"}}
	{"id":3310616,"type":"sell","buyer":"dstampede","seller":"onlydoge","symbol":"LOLZ","quantity":"1.96277827","price":"0.04299000","timestamp":1651269027,"volume":"0.08437984","buyTxId":"37b2b42cbbe7779c566b225ae7774e0b75c6678f","sellTxId":"c039cde0a72bcfd78fde8637358b13be3590e0be"}
{"index": {"_index":"lolz","_id":"3310679"}}
	{"id":3310679,"type":"buy","buyer":"ruralio","seller":"magicbeans","symbol":"LOLZ","quantity":"12.00000000","price":"0.04298999","timestamp":1651269708,"volume":"0.51587988","buyTxId":"8f052c7ca84daf8dc28ef8d710f653aac65c9c44","sellTxId":"27d1761878085a6c4565caf6e92d6315d5cd0004"}
{"index": {"_index":"lolz","_id":"3310925"}}
	{"id":3310925,"type":"buy","buyer":"edgerik","seller":"magicbeans","symbol":"LOLZ","quantity":"3.00000000","price":"0.04298999","timestamp":1651272387,"volume":"0.12896997","buyTxId":"46965e81fc00e17ea8d2ca857a7397db19344cfb","sellTxId":"27d1761878085a6c4565caf6e92d6315d5cd0004"}
{"index": {"_index":"lolz","_id":"3311043"}}
	{"id":3311043,"type":"sell","buyer":"meesterboom","seller":"steem82868","symbol":"LOLZ","quantity":"0.22410735","price":"0.04202000","timestamp":1651273854,"volume":"0.00941699","buyTxId":"f7770a7d4c6d9a9c141a00cc4f7025dd87765ee4","sellTxId":"ad65d6ebd0349badbd9af89f1973d4985bd91be9"}
{"index": {"_index":"lolz","_id":"3311173"}}
	{"id":3311173,"type":"sell","buyer":"meesterboom","seller":"awah","symbol":"LOLZ","quantity":"1.00000000","price":"0.04202000","timestamp":1651275198,"volume":"0.04202000","buyTxId":"f7770a7d4c6d9a9c141a00cc4f7025dd87765ee4","sellTxId":"5de230a8791b55a38cfc278248b149d210728b59"}
{"index": {"_index":"lolz","_id":"3311560"}}
	{"id":3311560,"type":"buy","buyer":"forsakensushi","seller":"alexandrzombi","symbol":"LOLZ","quantity":"0.00002374","price":"0.04212299","timestamp":1651279179,"volume":"0.00000100","buyTxId":"25771952a5feb8bc285950e017677494da918ed6","sellTxId":"c534eb0e98a446fdd7b2ae2b0e52babc33492440"}
{"index": {"_index":"lolz","_id":"3311561"}}
	{"id":3311561,"type":"buy","buyer":"forsakensushi","seller":"magicbeans","symbol":"LOLZ","quantity":"69.78974312","price":"0.04298999","timestamp":1651279179,"volume":"3.00026036","buyTxId":"25771952a5feb8bc285950e017677494da918ed6","sellTxId":"27d1761878085a6c4565caf6e92d6315d5cd0004"}
{"index": {"_index":"lolz","_id":"3311821"}}
	{"id":3311821,"type":"buy","buyer":"thatcryptodave","seller":"magicbeans","symbol":"LOLZ","quantity":"7.11751214","price":"0.04298999","timestamp":1651282641,"volume":"0.30598178","buyTxId":"ef81ec7ebc8080ac10188bf2e76866236f09b879","sellTxId":"27d1761878085a6c4565caf6e92d6315d5cd0004"}
{"index": {"_index":"lolz","_id":"3311823"}}
	{"id":3311823,"type":"sell","buyer":"meesterboom","seller":"onewolfe","symbol":"LOLZ","quantity":"1.04511947","price":"0.04202000","timestamp":1651282662,"volume":"0.04391592","buyTxId":"f7770a7d4c6d9a9c141a00cc4f7025dd87765ee4","sellTxId":"5e439bb91c748ff614e7c0a85f2d575a3619b187"}
