{"index": {"_index":"lolz","_id":"3790836"}}
	{"id":3790836,"type":"sell","buyer":"steem82868","seller":"humblebeast","symbol":"LOLZ","quantity":"3.67222885","price":"0.04506800","timestamp":1656379998,"volume":"0.16550001","buyTxId":"6fd80ad107531baddae7ddaf46eafa301fb6d50e","sellTxId":"7a3c43a8bd937fcda1950cbee3203cfcb0c30c00"}
{"index": {"_index":"lolz","_id":"3792392"}}
	{"id":3792392,"type":"sell","buyer":"steem82868","seller":"mateodm03","symbol":"LOLZ","quantity":"4.00111152","price":"0.04506800","timestamp":1656388089,"volume":"0.18032209","buyTxId":"6fd80ad107531baddae7ddaf46eafa301fb6d50e","sellTxId":"90e5567d114a81fd3377c0736635f3a0fb9f9af9"}
{"index": {"_index":"lolz","_id":"3792793"}}
	{"id":3792793,"type":"buy","buyer":"pjansen","seller":"noblebright","symbol":"LOLZ","quantity":"0.17007029","price":"0.04506801","timestamp":1656390924,"volume":"0.00766473","buyTxId":"842c219e75e355509eda50448543aae93a55194f","sellTxId":"1c2355b137fca3fb53493fb8dbeb4b0a2ec7ca2d"}
{"index": {"_index":"lolz","_id":"3792794"}}
	{"id":3792794,"type":"buy","buyer":"pjansen","seller":"skgcrypto","symbol":"LOLZ","quantity":"0.03634731","price":"0.06700000","timestamp":1656390924,"volume":"0.00243527","buyTxId":"842c219e75e355509eda50448543aae93a55194f","sellTxId":"e7b00a9e44b01d250aa50bf19b95380b2cbd2aca"}
{"index": {"_index":"lolz","_id":"3792919"}}
	{"id":3792919,"type":"sell","buyer":"steem82868","seller":"silentwill","symbol":"LOLZ","quantity":"3.00000000","price":"0.04506800","timestamp":1656391614,"volume":"0.13520400","buyTxId":"6fd80ad107531baddae7ddaf46eafa301fb6d50e","sellTxId":"006bb2f582bd2643b58ff7ca4236b5972c757307"}
{"index": {"_index":"lolz","_id":"3794198"}}
	{"id":3794198,"type":"sell","buyer":"cookaiss","seller":"dswap","symbol":"LOLZ","quantity":"1","price":"0.04500000","timestamp":1656407298,"volume":"0.04500000","buyTxId":"88482d517879c552e284049f325d33816dbe03da","sellTxId":"2a57e9030992cf94db3651551f86901c0cade095"}
{"index": {"_index":"lolz","_id":"3794405"}}
	{"id":3794405,"type":"sell","buyer":"dechuck","seller":"rzc24-nftbbg","symbol":"LOLZ","quantity":"1.00000000","price":"0.04510000","timestamp":1656409308,"volume":"0.04510000","buyTxId":"c192f60189055272fc52a0821e558d2d0b668e83","sellTxId":"d9acb59827f96ab3838518f1f9d990b501ac041e"}
{"index": {"_index":"lolz","_id":"3794406"}}
	{"id":3794406,"type":"sell","buyer":"cookaiss","seller":"rzc24-nftbbg","symbol":"LOLZ","quantity":"23.00161910","price":"0.04500000","timestamp":1656409308,"volume":"1.03507286","buyTxId":"88482d517879c552e284049f325d33816dbe03da","sellTxId":"d9acb59827f96ab3838518f1f9d990b501ac041e"}
{"index": {"_index":"lolz","_id":"3794457"}}
	{"id":3794457,"type":"sell","buyer":"cookaiss","seller":"zirochka","symbol":"LOLZ","quantity":"5.00141249","price":"0.04500000","timestamp":1656409743,"volume":"0.22506356","buyTxId":"88482d517879c552e284049f325d33816dbe03da","sellTxId":"d7457a98ca3d9e04729293e71add0152aeac956c"}
{"index": {"_index":"lolz","_id":"3794835"}}
	{"id":3794835,"type":"sell","buyer":"andy4475","seller":"itharagaian","symbol":"LOLZ","quantity":"0.00042202","price":"0.04600000","timestamp":1656414039,"volume":"0.00001941","buyTxId":"9b2db9fc04dec67affec777e3bee7ec58c531437","sellTxId":"460443935d1343890dd6b1457901efebb60d0595"}
{"index": {"_index":"lolz","_id":"3795191"}}
	{"id":3795191,"type":"sell","buyer":"holovision.cash","seller":"entraide.rewards","symbol":"LOLZ","quantity":"0.00001327","price":"0.05000000","timestamp":1656417015,"volume":"0.00000066","buyTxId":"197af971c9a83b56434dc2988e3da237315805ee","sellTxId":"447a783c04f577818c2a40e7f88595be3fb7f858"}
{"index": {"_index":"lolz","_id":"3795335"}}
	{"id":3795335,"type":"sell","buyer":"holovision.cash","seller":"synergie","symbol":"LOLZ","quantity":"0.00002947","price":"0.05000000","timestamp":1656418251,"volume":"0.00000147","buyTxId":"197af971c9a83b56434dc2988e3da237315805ee","sellTxId":"0ff963876aa7704464d42a2705c58125b35dd5b9"}
{"index": {"_index":"lolz","_id":"3795447"}}
	{"id":3795447,"type":"sell","buyer":"holovision.cash","seller":"antor2024","symbol":"LOLZ","quantity":"19.00000000","price":"0.05000000","timestamp":1656419109,"volume":"0.95000000","buyTxId":"197af971c9a83b56434dc2988e3da237315805ee","sellTxId":"695dab373db0c3a93a56ea6f990ea70c15476c01"}
{"index": {"_index":"lolz","_id":"3795794"}}
	{"id":3795794,"type":"sell","buyer":"holovision.cash","seller":"quotidien","symbol":"LOLZ","quantity":"4.00000000","price":"0.05000000","timestamp":1656422586,"volume":"0.20000000","buyTxId":"197af971c9a83b56434dc2988e3da237315805ee","sellTxId":"a25f66b920db5bb3f8ec5c30a00578239cdecbd0"}
{"index": {"_index":"lolz","_id":"3795842"}}
	{"id":3795842,"type":"sell","buyer":"holovision.cash","seller":"jlufer","symbol":"LOLZ","quantity":"18.94936865","price":"0.05000000","timestamp":1656423474,"volume":"0.94746843","buyTxId":"197af971c9a83b56434dc2988e3da237315805ee","sellTxId":"1d8a2667520e7715a1c85bc383860f7ce5682176"}
{"index": {"_index":"lolz","_id":"3796151"}}
	{"id":3796151,"type":"sell","buyer":"holovision.cash","seller":"dwinblood","symbol":"LOLZ","quantity":"1.00000000","price":"0.05000000","timestamp":1656426873,"volume":"0.05000000","buyTxId":"197af971c9a83b56434dc2988e3da237315805ee","sellTxId":"9b3ab8929091dc710f8ac5538095a4e9024cc358"}
{"index": {"_index":"lolz","_id":"3796483"}}
	{"id":3796483,"type":"sell","buyer":"holovision.cash","seller":"lipe100dedos","symbol":"LOLZ","quantity":"3.00000000","price":"0.05000000","timestamp":1656429627,"volume":"0.15000000","buyTxId":"197af971c9a83b56434dc2988e3da237315805ee","sellTxId":"4936b5c23ce40b6c283a9a2184e6eaca52d183de"}
{"index": {"_index":"lolz","_id":"3796501"}}
	{"id":3796501,"type":"buy","buyer":"aliveprojects","seller":"ben.haase","symbol":"LOLZ","quantity":"0.01971788","price":"0.06699900","timestamp":1656429972,"volume":"0.00132108","buyTxId":"48dc9361b6ebed7adad15ca8650c6be5fd8c0bb2","sellTxId":"03f5488ee700e31552575e603c3ac5ece24e9ab6"}
{"index": {"_index":"lolz","_id":"3796502"}}
	{"id":3796502,"type":"buy","buyer":"aliveprojects","seller":"skgcrypto","symbol":"LOLZ","quantity":"2.96365269","price":"0.06700000","timestamp":1656429972,"volume":"0.19856473","buyTxId":"48dc9361b6ebed7adad15ca8650c6be5fd8c0bb2","sellTxId":"e7b00a9e44b01d250aa50bf19b95380b2cbd2aca"}
{"index": {"_index":"lolz","_id":"3796503"}}
	{"id":3796503,"type":"buy","buyer":"aliveprojects","seller":"onlydoge","symbol":"LOLZ","quantity":"13.56249727","price":"0.06799000","timestamp":1656429972,"volume":"0.92211419","buyTxId":"48dc9361b6ebed7adad15ca8650c6be5fd8c0bb2","sellTxId":"9fdf649fdd4fad295d5845be56d4cbaf8b54b52d"}
{"index": {"_index":"lolz","_id":"3796534"}}
	{"id":3796534,"type":"sell","buyer":"holovision.cash","seller":"x9ed1732b","symbol":"LOLZ","quantity":"0.85911978","price":"0.05000000","timestamp":1656430497,"volume":"0.04295599","buyTxId":"197af971c9a83b56434dc2988e3da237315805ee","sellTxId":"403d71df9f71faef12527f0c252b1093053f85f2"}
{"index": {"_index":"lolz","_id":"3797083"}}
	{"id":3797083,"type":"buy","buyer":"clairemobey","seller":"onlydoge","symbol":"LOLZ","quantity":"9.00000000","price":"0.06799000","timestamp":1656436485,"volume":"0.61191000","buyTxId":"3d5055efc7c2be1d5180347f8f02ea1705575053","sellTxId":"9fdf649fdd4fad295d5845be56d4cbaf8b54b52d"}
{"index": {"_index":"lolz","_id":"3797416"}}
	{"id":3797416,"type":"sell","buyer":"holovision.cash","seller":"fnvdesigns","symbol":"LOLZ","quantity":"4.98782940","price":"0.05000000","timestamp":1656440016,"volume":"0.24939147","buyTxId":"197af971c9a83b56434dc2988e3da237315805ee","sellTxId":"41f64fec5e9ea3919a2090de7ea6938f2727c3f7"}
{"index": {"_index":"lolz","_id":"3797533"}}
	{"id":3797533,"type":"sell","buyer":"holovision.cash","seller":"sentipl","symbol":"LOLZ","quantity":"2.00003528","price":"0.05000000","timestamp":1656440868,"volume":"0.10000176","buyTxId":"197af971c9a83b56434dc2988e3da237315805ee","sellTxId":"fa58a5f8313b805d23c2123cb670ccd972a7e9d8"}
{"index": {"_index":"lolz","_id":"3797815"}}
	{"id":3797815,"type":"sell","buyer":"holovision.cash","seller":"silvertop","symbol":"LOLZ","quantity":"2.00000000","price":"0.05000000","timestamp":1656444165,"volume":"0.10000000","buyTxId":"197af971c9a83b56434dc2988e3da237315805ee","sellTxId":"1e5e480535a23662b4e8b98a5e995bb185c76237"}
{"index": {"_index":"lolz","_id":"3797940"}}
	{"id":3797940,"type":"sell","buyer":"holovision.cash","seller":"kolbjorn","symbol":"LOLZ","quantity":"6.31366510","price":"0.05000000","timestamp":1656445470,"volume":"0.31568326","buyTxId":"197af971c9a83b56434dc2988e3da237315805ee","sellTxId":"44fbbb814dc7faa4b72b2ef83740341d47151dc9"}
{"index": {"_index":"lolz","_id":"3798141"}}
	{"id":3798141,"type":"sell","buyer":"holovision.cash","seller":"makeitreal95","symbol":"LOLZ","quantity":"5","price":"0.05000000","timestamp":1656448968,"volume":"0.25000000","buyTxId":"197af971c9a83b56434dc2988e3da237315805ee","sellTxId":"a68ea4f6ec86d7c27e49a2843cd7469a0ff36cdd"}
{"index": {"_index":"lolz","_id":"3798427"}}
	{"id":3798427,"type":"sell","buyer":"holovision.cash","seller":"laritheghost","symbol":"LOLZ","quantity":"0.54252226","price":"0.05000000","timestamp":1656451593,"volume":"0.02712611","buyTxId":"197af971c9a83b56434dc2988e3da237315805ee","sellTxId":"3146d1e95ff05e07f405c32a848c21a299fc151b"}
{"index": {"_index":"lolz","_id":"3798479"}}
	{"id":3798479,"type":"sell","buyer":"holovision.cash","seller":"cursephantom","symbol":"LOLZ","quantity":"1.00000000","price":"0.05000000","timestamp":1656452406,"volume":"0.05000000","buyTxId":"197af971c9a83b56434dc2988e3da237315805ee","sellTxId":"5ba5e99921d097405c54fc28692eb9573c00f57b"}
{"index": {"_index":"lolz","_id":"3799335"}}
	{"id":3799335,"type":"sell","buyer":"holovision.cash","seller":"truth2","symbol":"LOLZ","quantity":"1","price":"0.05000000","timestamp":1656460341,"volume":"0.05000000","buyTxId":"197af971c9a83b56434dc2988e3da237315805ee","sellTxId":"b9e3e7f0ebaeb1b2b3ea09b67c8af880d0e434d2"}
{"index": {"_index":"lolz","_id":"3799718"}}
	{"id":3799718,"type":"sell","buyer":"holovision.cash","seller":"osomar357","symbol":"LOLZ","quantity":"1.00000000","price":"0.05000000","timestamp":1656463173,"volume":"0.05000000","buyTxId":"197af971c9a83b56434dc2988e3da237315805ee","sellTxId":"d72ab3d2620dd640ab2fbdc3b8863db38d4e4d85"}
{"index": {"_index":"lolz","_id":"3799862"}}
	{"id":3799862,"type":"sell","buyer":"holovision.cash","seller":"ydaiznfts","symbol":"LOLZ","quantity":"5.00339305","price":"0.05000000","timestamp":1656464883,"volume":"0.25016965","buyTxId":"197af971c9a83b56434dc2988e3da237315805ee","sellTxId":"a503158115ae73a18556aec40635a3da1fd5859f"}
