{"index": {"_index":"lolz","_id":"4109382"}}
	{"id":4109382,"type":"sell","buyer":"zionazrael","seller":"ydaiznfts","symbol":"LOLZ","quantity":"7.08882719","price":"0.03344603","timestamp":1660188138,"volume":"0.23709313","buyTxId":"73ceca30f43c21eb6317789874f6af237be0dbcb","sellTxId":"54e77af76e3c63d1134c3ec9b0cef4e8516a45a1"}
{"index": {"_index":"lolz","_id":"4110181"}}
	{"id":4110181,"type":"sell","buyer":"zionazrael","seller":"kaminchan","symbol":"LOLZ","quantity":"2.00000000","price":"0.03344603","timestamp":1660201383,"volume":"0.06689206","buyTxId":"73ceca30f43c21eb6317789874f6af237be0dbcb","sellTxId":"299c94bde7230a7e6796e27e3d1a4a36008d7da2"}
{"index": {"_index":"lolz","_id":"4110833"}}
	{"id":4110833,"type":"sell","buyer":"zealous4ever","seller":"lightcaptured","symbol":"LOLZ","quantity":"2.01303001","price":"0.03344633","timestamp":1660210608,"volume":"0.06732847","buyTxId":"bf8b741ab328b69d62715ffa3e537fc1ad4dbb46","sellTxId":"3b7ae95e7beb3c52e3ec83c2f924d085a476dae7"}
{"index": {"_index":"lolz","_id":"4110875"}}
	{"id":4110875,"type":"sell","buyer":"zealous4ever","seller":"steem82868","symbol":"LOLZ","quantity":"6.97406906","price":"0.03344633","timestamp":1660211397,"volume":"0.23325702","buyTxId":"bf8b741ab328b69d62715ffa3e537fc1ad4dbb46","sellTxId":"3f06ad053980cb22e7b252b8f90ce23e194977e5"}
{"index": {"_index":"lolz","_id":"4110922"}}
	{"id":4110922,"type":"sell","buyer":"zionazrael","seller":"steem82868","symbol":"LOLZ","quantity":"80.00000000","price":"0.03344634","timestamp":1660212789,"volume":"2.67570720","buyTxId":"0fa15aff22627a2e5aeb32fad6fd4bb16f576122","sellTxId":"d88ea024527ac0f7e31041c91242b30875cf42f7"}
{"index": {"_index":"lolz","_id":"4111243"}}
	{"id":4111243,"type":"sell","buyer":"zionazrael","seller":"dswap","symbol":"LOLZ","quantity":"3","price":"0.03344634","timestamp":1660217985,"volume":"0.10033902","buyTxId":"0fa15aff22627a2e5aeb32fad6fd4bb16f576122","sellTxId":"57907a0bc865d0e9a2d112cdbfd5578e2fcdd1a7"}
{"index": {"_index":"lolz","_id":"4111289"}}
	{"id":4111289,"type":"sell","buyer":"zionazrael","seller":"hankanon","symbol":"LOLZ","quantity":"0.01159601","price":"0.03344634","timestamp":1660218300,"volume":"0.00038784","buyTxId":"0fa15aff22627a2e5aeb32fad6fd4bb16f576122","sellTxId":"9aa3b7cd2e81e6593e8d8ba2ab509267bc299abf"}
{"index": {"_index":"lolz","_id":"4111339"}}
	{"id":4111339,"type":"sell","buyer":"zionazrael","seller":"lxsxl","symbol":"LOLZ","quantity":"20.05000000","price":"0.03344634","timestamp":1660219350,"volume":"0.67059912","buyTxId":"0fa15aff22627a2e5aeb32fad6fd4bb16f576122","sellTxId":"0b4ae5fb455eedc34a12142c8ee0eb61df1759d7"}
{"index": {"_index":"lolz","_id":"4111551"}}
	{"id":4111551,"type":"sell","buyer":"zionazrael","seller":"slicense","symbol":"LOLZ","quantity":"3.00000000","price":"0.03344634","timestamp":1660222188,"volume":"0.10033902","buyTxId":"0fa15aff22627a2e5aeb32fad6fd4bb16f576122","sellTxId":"03886c3706791ef1231acf4a451e94edc97624ea"}
{"index": {"_index":"lolz","_id":"4111567"}}
	{"id":4111567,"type":"sell","buyer":"zionazrael","seller":"steem82868","symbol":"LOLZ","quantity":"4.87398321","price":"0.03344634","timestamp":1660222434,"volume":"0.16301690","buyTxId":"0fa15aff22627a2e5aeb32fad6fd4bb16f576122","sellTxId":"add1e0645ab2b3d10fb2e8b55f6297edb929c22f"}
{"index": {"_index":"lolz","_id":"4111594"}}
	{"id":4111594,"type":"sell","buyer":"zionazrael","seller":"projectmamabg","symbol":"LOLZ","quantity":"1.00479355","price":"0.03344634","timestamp":1660222782,"volume":"0.03360667","buyTxId":"0fa15aff22627a2e5aeb32fad6fd4bb16f576122","sellTxId":"bc9a554da4f95a22b8a582fb5d9ddb8509ee0228"}
{"index": {"_index":"lolz","_id":"4111758"}}
	{"id":4111758,"type":"sell","buyer":"zionazrael","seller":"princekham","symbol":"LOLZ","quantity":"40.00000000","price":"0.03344634","timestamp":1660225236,"volume":"1.33785360","buyTxId":"0fa15aff22627a2e5aeb32fad6fd4bb16f576122","sellTxId":"c3eadaa394431c37346cfb326fd1a2b3e32c5159"}
{"index": {"_index":"lolz","_id":"4111838"}}
	{"id":4111838,"type":"sell","buyer":"zionazrael","seller":"hive-143869","symbol":"LOLZ","quantity":"2.00002731","price":"0.03344634","timestamp":1660225965,"volume":"0.06689359","buyTxId":"0fa15aff22627a2e5aeb32fad6fd4bb16f576122","sellTxId":"eaf0bfa0cab0e720a00e0cc24d2389b5b501c58c"}
{"index": {"_index":"lolz","_id":"4111896"}}
	{"id":4111896,"type":"sell","buyer":"zionazrael","seller":"cliffagreen","symbol":"LOLZ","quantity":"1.06600000","price":"0.03344634","timestamp":1660226502,"volume":"0.03565380","buyTxId":"0fa15aff22627a2e5aeb32fad6fd4bb16f576122","sellTxId":"dddbb7b83727f14cd30f419fb12a066b4a7d6625"}
{"index": {"_index":"lolz","_id":"4112047"}}
	{"id":4112047,"type":"sell","buyer":"zealous4ever","seller":"dswap","symbol":"LOLZ","quantity":"5","price":"0.03354634","timestamp":1660228407,"volume":"0.16773170","buyTxId":"59946af40927dd50a690f0b7eccd58a1ee512924","sellTxId":"17411e99b7df745a85b564ec97814a7a378d5e8c"}
{"index": {"_index":"lolz","_id":"4112809"}}
	{"id":4112809,"type":"sell","buyer":"filosof103","seller":"captainquack22","symbol":"LOLZ","quantity":"16","price":"0.03500000","timestamp":1660235181,"volume":"0.56000000","buyTxId":"b311d4113c60bc18b118e97bb6c218ce47501cd1","sellTxId":"934777257b77e3d536aebacc05d771fdae641b8e"}
{"index": {"_index":"lolz","_id":"4112929"}}
	{"id":4112929,"type":"sell","buyer":"zionazrael","seller":"arthursiq5","symbol":"LOLZ","quantity":"4.42476085","price":"0.03500001","timestamp":1660237065,"volume":"0.15486667","buyTxId":"fae358b1560a79f9ad95e9587f05047230fb6207","sellTxId":"e26a2d3edab7353a0cf6cc6f1c19dcdd48039866"}
{"index": {"_index":"lolz","_id":"4113063"}}
	{"id":4113063,"type":"buy","buyer":"zionazrael","seller":"lorddiablo","symbol":"LOLZ","quantity":"50.00000000","price":"0.04179999","timestamp":1660239243,"volume":"2.08999950","buyTxId":"247cabd1985577792b9a2e4eaee4d1fcbfa2fa9e","sellTxId":"01baf22076d5a57886a63feb909e8db6f2f87350"}
{"index": {"_index":"lolz","_id":"4113064"}}
	{"id":4113064,"type":"buy","buyer":"zionazrael","seller":"demotruk","symbol":"LOLZ","quantity":"1.00000000","price":"0.04190000","timestamp":1660239261,"volume":"0.04190000","buyTxId":"b65b0382a01b724c3d45c99f40b693749ccd3fa5","sellTxId":"c273b1802bde9dbedde7f47885a1138773c98115"}
{"index": {"_index":"lolz","_id":"4113343"}}
	{"id":4113343,"type":"sell","buyer":"zionazrael","seller":"tjnew14","symbol":"LOLZ","quantity":"0.18029079","price":"0.03500001","timestamp":1660241181,"volume":"0.00631018","buyTxId":"fae358b1560a79f9ad95e9587f05047230fb6207","sellTxId":"bd9889de0999877b8ae97b4cf2f77dfcf27105e6"}
{"index": {"_index":"lolz","_id":"4113636"}}
	{"id":4113636,"type":"buy","buyer":"synergized","seller":"astym","symbol":"LOLZ","quantity":"1.10000000","price":"0.04588800","timestamp":1660243530,"volume":"0.05047680","buyTxId":"9016817b60e0d80eba0d2df276e922b3953d2ac1","sellTxId":"01de4b8a611166fb408357e3e4652eb480dd9cd5"}
{"index": {"_index":"lolz","_id":"4113963"}}
	{"id":4113963,"type":"sell","buyer":"zionazrael","seller":"kuhnchun","symbol":"LOLZ","quantity":"1.00000000","price":"0.03650002","timestamp":1660247502,"volume":"0.03650002","buyTxId":"a873344df3450ff343ec455f77b93cae89bae657","sellTxId":"c49be8a5242dabde53a39e44b9f497f287599182"}
{"index": {"_index":"lolz","_id":"4114038"}}
	{"id":4114038,"type":"sell","buyer":"zionazrael","seller":"weldmaster","symbol":"LOLZ","quantity":"22.74560566","price":"0.03650002","timestamp":1660248621,"volume":"0.83021506","buyTxId":"a873344df3450ff343ec455f77b93cae89bae657","sellTxId":"d417221967011e390dfa95614aa48a1f8922e428"}
{"index": {"_index":"lolz","_id":"4114057"}}
	{"id":4114057,"type":"sell","buyer":"zionazrael","seller":"ianmcg","symbol":"LOLZ","quantity":"40.00000000","price":"0.03650002","timestamp":1660248858,"volume":"1.46000080","buyTxId":"a873344df3450ff343ec455f77b93cae89bae657","sellTxId":"662bd1480a69b72fcf0027bca2dff4585e48bb75"}
{"index": {"_index":"lolz","_id":"4114388"}}
	{"id":4114388,"type":"sell","buyer":"zealous4ever","seller":"synergized","symbol":"LOLZ","quantity":"0.09995607","price":"0.03650001","timestamp":1660253916,"volume":"0.00364840","buyTxId":"652e7a06b9a5046081e87aee0351acbd8feed3ec","sellTxId":"345fce97f4d23263e51c91e224fde1f6f9a27b39"}
{"index": {"_index":"lolz","_id":"4114646"}}
	{"id":4114646,"type":"buy","buyer":"degagneiv","seller":"astym","symbol":"LOLZ","quantity":"9.90000000","price":"0.04588800","timestamp":1660257450,"volume":"0.45429120","buyTxId":"42125eb76399676bfc9513fad29bd2d6f75242d5","sellTxId":"01de4b8a611166fb408357e3e4652eb480dd9cd5"}
{"index": {"_index":"lolz","_id":"4114647"}}
	{"id":4114647,"type":"buy","buyer":"degagneiv","seller":"quinnertronics","symbol":"LOLZ","quantity":"3.00000000","price":"0.04588800","timestamp":1660257450,"volume":"0.13766400","buyTxId":"42125eb76399676bfc9513fad29bd2d6f75242d5","sellTxId":"eaed8b09eed91a1a54726824b2fb12c8efe80f30"}
{"index": {"_index":"lolz","_id":"4114648"}}
	{"id":4114648,"type":"buy","buyer":"degagneiv","seller":"onlydoge","symbol":"LOLZ","quantity":"29.45700418","price":"0.04780000","timestamp":1660257450,"volume":"1.40804480","buyTxId":"42125eb76399676bfc9513fad29bd2d6f75242d5","sellTxId":"ee1419c9c19667b87283aadc6b2670d283bb11b2"}
{"index": {"_index":"lolz","_id":"4115108"}}
	{"id":4115108,"type":"sell","buyer":"zealous4ever","seller":"noblebright","symbol":"LOLZ","quantity":"0.03303935","price":"0.03560000","timestamp":1660262895,"volume":"0.00117620","buyTxId":"89e5ca60f54070b8de0c2498b2794fe5beaa2419","sellTxId":"bc8a9ccbf0f204114a20f9723a17d81536ad46f9"}
{"index": {"_index":"lolz","_id":"4115883"}}
	{"id":4115883,"type":"sell","buyer":"zealous4ever","seller":"synergized","symbol":"LOLZ","quantity":"0.00000066","price":"0.03560000","timestamp":1660271187,"volume":"0.00000002","buyTxId":"89e5ca60f54070b8de0c2498b2794fe5beaa2419","sellTxId":"4f5e2ae87af791a58dcacbdef0fd06c31b045880"}
{"index": {"_index":"lolz","_id":"4115984"}}
	{"id":4115984,"type":"buy","buyer":"dswap","seller":"onlydoge","symbol":"LOLZ","quantity":"3.63690871","price":"0.04669900","timestamp":1660272372,"volume":"0.16984000","buyTxId":"ff993af8f55588072f53a88436aeb9a3f3982139","sellTxId":"5db6bd07b1b4a04d7c8daa688e0de3e4ee70eef2"}
{"index": {"_index":"lolz","_id":"4115992"}}
	{"id":4115992,"type":"buy","buyer":"dswap","seller":"onlydoge","symbol":"LOLZ","quantity":"1.26416175","price":"0.04669900","timestamp":1660272414,"volume":"0.05903509","buyTxId":"73307bb872970b4c7d4130667c0c0e9b4b0e5097","sellTxId":"5db6bd07b1b4a04d7c8daa688e0de3e4ee70eef2"}
