{"index": {"_index":"lolz","_id":"3164576"}}=	{"id":3164576,"type":"sell","buyer":"forsakensushi","seller":"cibersk8","symbol":"LOLZ","quantity":"1.00000000","price":"0.02750000","timestamp":1649562552,"volume":"0.02750000","buyTxId":"24694bd1d7c1c84d72e4e80f719f1900f87c842b","sellTxId":"e37d07d8ccd24287dbdb75540ac9a42c9e3539cb"}
{"index": {"_index":"lolz","_id":"3165281"}}=	{"id":3165281,"type":"buy","buyer":"thatgermandude","seller":"hive-103505","symbol":"LOLZ","quantity":"0.00000013","price":"0.04310000","timestamp":1649575074,"volume":"0.00000001","buyTxId":"dfb84ff963cc143b978f4fc713fc084d625ad9c2","sellTxId":"9a94df845893c1abed0a5e232a92430e1780f729"}
{"index": {"_index":"lolz","_id":"3165282"}}=	{"id":3165282,"type":"buy","buyer":"thatgermandude","seller":"arpuch","symbol":"LOLZ","quantity":"24.99999987","price":"0.04869999","timestamp":1649575074,"volume":"1.21749974","buyTxId":"dfb84ff963cc143b978f4fc713fc084d625ad9c2","sellTxId":"07e202fdb4e4a4ba3727457ae3626fa8f8621f1a"}
{"index": {"_index":"lolz","_id":"3165622"}}=	{"id":3165622,"type":"sell","buyer":"arpuch","seller":"itharagaian","symbol":"LOLZ","quantity":"1.00000000","price":"0.02660011","timestamp":1649579943,"volume":"0.02660011","buyTxId":"5f5a1ed6b59e919efb0e508e33e2a46a2fb29746","sellTxId":"9ba108d307e9f0c08271dd8bb8b5e1b6ae9c2d13"}
{"index": {"_index":"lolz","_id":"3165634"}}=	{"id":3165634,"type":"sell","buyer":"arpuch","seller":"itharagaian","symbol":"LOLZ","quantity":"1.00000000","price":"0.02660011","timestamp":1649580207,"volume":"0.02660011","buyTxId":"5f5a1ed6b59e919efb0e508e33e2a46a2fb29746","sellTxId":"304276601387a32edccaac69ffc5fe72e7d2fc53"}
{"index": {"_index":"lolz","_id":"3165819"}}=	{"id":3165819,"type":"sell","buyer":"arpuch","seller":"victa1","symbol":"LOLZ","quantity":"1","price":"0.02660011","timestamp":1649583213,"volume":"0.02660011","buyTxId":"5f5a1ed6b59e919efb0e508e33e2a46a2fb29746","sellTxId":"10abaa933523766d74793e3bd4aacb0b8e0e76fd"}
{"index": {"_index":"lolz","_id":"3166311"}}=	{"id":3166311,"type":"sell","buyer":"arpuch","seller":"andy4475","symbol":"LOLZ","quantity":"2.09437505","price":"0.02660011","timestamp":1649591676,"volume":"0.05571061","buyTxId":"5f5a1ed6b59e919efb0e508e33e2a46a2fb29746","sellTxId":"45f88f0376bd3f891a7498066fc953232886ec22"}
{"index": {"_index":"lolz","_id":"3166326"}}=	{"id":3166326,"type":"sell","buyer":"arpuch","seller":"andy4475","symbol":"LOLZ","quantity":"1.12372026","price":"0.02660011","timestamp":1649591751,"volume":"0.02989108","buyTxId":"5f5a1ed6b59e919efb0e508e33e2a46a2fb29746","sellTxId":"125945b5a03f1e96b766d3d3355a57935612f6ef"}
{"index": {"_index":"lolz","_id":"3166535"}}=	{"id":3166535,"type":"sell","buyer":"arpuch","seller":"fnvdesigns","symbol":"LOLZ","quantity":"0.31597385","price":"0.02660011","timestamp":1649594508,"volume":"0.00840494","buyTxId":"5f5a1ed6b59e919efb0e508e33e2a46a2fb29746","sellTxId":"41ede3702491dab6f66588eafa09104e410c13f0"}
{"index": {"_index":"lolz","_id":"3167085"}}=	{"id":3167085,"type":"sell","buyer":"rentmoney","seller":"invest-time","symbol":"LOLZ","quantity":"1.00000000","price":"0.02660012","timestamp":1649600895,"volume":"0.02660012","buyTxId":"0618e03e1295d18aee211df502a3664b567a790a","sellTxId":"28623e53d4124f8fd267d197363bbc66172fc8d5"}
{"index": {"_index":"lolz","_id":"3167352"}}=	{"id":3167352,"type":"sell","buyer":"rentmoney","seller":"zakludick","symbol":"LOLZ","quantity":"10.00000000","price":"0.02660012","timestamp":1649603871,"volume":"0.26600120","buyTxId":"0618e03e1295d18aee211df502a3664b567a790a","sellTxId":"3327bd3a43fa35fa4d8fb48af972a44c7062b61c"}
{"index": {"_index":"lolz","_id":"3167591"}}=	{"id":3167591,"type":"sell","buyer":"rentmoney","seller":"zeruxanime","symbol":"LOLZ","quantity":"9.00000000","price":"0.02660012","timestamp":1649607012,"volume":"0.23940108","buyTxId":"0618e03e1295d18aee211df502a3664b567a790a","sellTxId":"eb8427368d464cbd33ffc0e95ef7173d428cf183"}
{"index": {"_index":"lolz","_id":"3167743"}}=	{"id":3167743,"type":"sell","buyer":"rentmoney","seller":"cursephantom","symbol":"LOLZ","quantity":"2.00000000","price":"0.02660012","timestamp":1649608722,"volume":"0.05320024","buyTxId":"0618e03e1295d18aee211df502a3664b567a790a","sellTxId":"8c5641f751edeb7a07ee06569f744b4eb87f9ff6"}
{"index": {"_index":"lolz","_id":"3168039"}}=	{"id":3168039,"type":"sell","buyer":"arpuch","seller":"guiltyparties","symbol":"LOLZ","quantity":"1.00000000","price":"0.02700000","timestamp":1649610774,"volume":"0.02700000","buyTxId":"e19299f4dc338aaa210b362cec1ff1bb99a58b07","sellTxId":"2a095125a43d29f137dbaeeb89628037c73346a5"}
{"index": {"_index":"lolz","_id":"3168572"}}=	{"id":3168572,"type":"sell","buyer":"arpuch","seller":"laritheghost","symbol":"LOLZ","quantity":"0.77547972","price":"0.02700000","timestamp":1649615070,"volume":"0.02093795","buyTxId":"e19299f4dc338aaa210b362cec1ff1bb99a58b07","sellTxId":"793db9f7f29b006a0d6d4f709a11e3a6025370e9"}
{"index": {"_index":"lolz","_id":"3168769"}}=	{"id":3168769,"type":"sell","buyer":"arpuch","seller":"dswap","symbol":"LOLZ","quantity":"3","price":"0.02700000","timestamp":1649617773,"volume":"0.08100000","buyTxId":"e19299f4dc338aaa210b362cec1ff1bb99a58b07","sellTxId":"c28b9d8facfd88f52140bcbe5e2e3819bc6e112a"}
{"index": {"_index":"lolz","_id":"3169102"}}=	{"id":3169102,"type":"sell","buyer":"arpuch","seller":"andy4475","symbol":"LOLZ","quantity":"0.02707556","price":"0.02700000","timestamp":1649620977,"volume":"0.00073104","buyTxId":"e19299f4dc338aaa210b362cec1ff1bb99a58b07","sellTxId":"5ee4eb881c9aad32e86d4ba4d2561eaf84e23a0f"}
{"index": {"_index":"lolz","_id":"3170067"}}=	{"id":3170067,"type":"sell","buyer":"arpuch","seller":"andy4475","symbol":"LOLZ","quantity":"1.00000000","price":"0.02700000","timestamp":1649629485,"volume":"0.02700000","buyTxId":"e19299f4dc338aaa210b362cec1ff1bb99a58b07","sellTxId":"246f774809b6a2d215fe02de9211bf01e28a40ca"}
{"index": {"_index":"lolz","_id":"3170087"}}=	{"id":3170087,"type":"sell","buyer":"arpuch","seller":"flipflopcrypto","symbol":"LOLZ","quantity":"1.00000000","price":"0.02700000","timestamp":1649629749,"volume":"0.02700000","buyTxId":"e19299f4dc338aaa210b362cec1ff1bb99a58b07","sellTxId":"e4661eb466abcb4da67109f579daba3b2b8ee7e0"}
{"index": {"_index":"lolz","_id":"3170102"}}=	{"id":3170102,"type":"sell","buyer":"arpuch","seller":"fnvdesigns","symbol":"LOLZ","quantity":"2.00546366","price":"0.02700000","timestamp":1649629929,"volume":"0.05414752","buyTxId":"e19299f4dc338aaa210b362cec1ff1bb99a58b07","sellTxId":"2d3775f2b86cfa639b76b46a174ccec2a6f4f7b5"}
{"index": {"_index":"lolz","_id":"3170351"}}=	{"id":3170351,"type":"sell","buyer":"arpuch","seller":"powerpaul","symbol":"LOLZ","quantity":"4.13395231","price":"0.02700000","timestamp":1649632983,"volume":"0.11161671","buyTxId":"e19299f4dc338aaa210b362cec1ff1bb99a58b07","sellTxId":"e058e9fab5b73b72d9f27d098db4685b95ae02cf"}
{"index": {"_index":"lolz","_id":"3170955"}}=	{"id":3170955,"type":"sell","buyer":"arpuch","seller":"eforucom","symbol":"LOLZ","quantity":"1.00000000","price":"0.02700000","timestamp":1649640849,"volume":"0.02700000","buyTxId":"e19299f4dc338aaa210b362cec1ff1bb99a58b07","sellTxId":"87095f6152219b33e0645cde5613530ec1f6e0e7"}
{"index": {"_index":"lolz","_id":"3171073"}}=	{"id":3171073,"type":"sell","buyer":"arpuch","seller":"pousinha","symbol":"LOLZ","quantity":"6","price":"0.02700000","timestamp":1649642220,"volume":"0.16200000","buyTxId":"e19299f4dc338aaa210b362cec1ff1bb99a58b07","sellTxId":"6d9f6220a74032b621664cd66b65e9f6abed0365"}
