{"index": {"_index":"lolz","_id":"3419262"}}
	{"id":3419262,"type":"sell","buyer":"magicbeans","seller":"itharagaian","symbol":"LOLZ","quantity":"1.00000000","price":"0.04700001","timestamp":1652418009,"volume":"0.04700001","buyTxId":"3f965e7e165e5f5f1e54e869d0f0ecf8e8362644","sellTxId":"f26d36006179415a5d346f7f624aff0be83f8816"}
{"index": {"_index":"lolz","_id":"3419309"}}
	{"id":3419309,"type":"sell","buyer":"magicbeans","seller":"xplosive","symbol":"LOLZ","quantity":"2.00000000","price":"0.04700001","timestamp":1652418486,"volume":"0.09400002","buyTxId":"3f965e7e165e5f5f1e54e869d0f0ecf8e8362644","sellTxId":"4578b3881bc88bbd121b5d9be0888f521102f471"}
{"index": {"_index":"lolz","_id":"3419639"}}
	{"id":3419639,"type":"buy","buyer":"hoosie","seller":"bokica80","symbol":"LOLZ","quantity":"1.00000000","price":"0.07099998","timestamp":1652422128,"volume":"0.07099998","buyTxId":"9f7305659546a8eeb93c20f828d396d19f5a8e39","sellTxId":"aac1ec9f7c8b485960c3c48136f438951154f5fc"}
{"index": {"_index":"lolz","_id":"3419985"}}
	{"id":3419985,"type":"sell","buyer":"magicbeans","seller":"gestion.alive","symbol":"LOLZ","quantity":"14.00578136","price":"0.04700001","timestamp":1652425617,"volume":"0.65827186","buyTxId":"3f965e7e165e5f5f1e54e869d0f0ecf8e8362644","sellTxId":"59d13458f1781252fdcb065a985c407c66797cf8"}
{"index": {"_index":"lolz","_id":"3420084"}}
	{"id":3420084,"type":"buy","buyer":"thatcryptodave","seller":"fnvdesigns","symbol":"LOLZ","quantity":"0.12003161","price":"0.07099998","timestamp":1652426586,"volume":"0.00852224","buyTxId":"ddd5fb46a5aa8c876f31dfd8e487df1110581b1c","sellTxId":"a32a3aa9b232e8077e897430d83681e2dde72597"}
{"index": {"_index":"lolz","_id":"3420085"}}
	{"id":3420085,"type":"buy","buyer":"thatcryptodave","seller":"gaboamc2393","symbol":"LOLZ","quantity":"1.97498368","price":"0.07099999","timestamp":1652426586,"volume":"0.14022382","buyTxId":"ddd5fb46a5aa8c876f31dfd8e487df1110581b1c","sellTxId":"83021094994741ee2094e11b260939e9a7f6dfd1"}
{"index": {"_index":"lolz","_id":"3420088"}}
	{"id":3420088,"type":"sell","buyer":"magicbeans","seller":"oadissin","symbol":"LOLZ","quantity":"8.00086918","price":"0.04700001","timestamp":1652426655,"volume":"0.37604093","buyTxId":"3f965e7e165e5f5f1e54e869d0f0ecf8e8362644","sellTxId":"7fe4f925c7429055972ee1dbcf473fe14520f031"}
{"index": {"_index":"lolz","_id":"3420179"}}
	{"id":3420179,"type":"sell","buyer":"magicbeans","seller":"lammbock","symbol":"LOLZ","quantity":"1.07360618","price":"0.04700001","timestamp":1652427690,"volume":"0.05045950","buyTxId":"3f965e7e165e5f5f1e54e869d0f0ecf8e8362644","sellTxId":"40b8b34fa20fe8308ef0fce2f2a8b39448b1c2ea"}
{"index": {"_index":"lolz","_id":"3420604"}}
	{"id":3420604,"type":"sell","buyer":"magicbeans","seller":"hive-143869","symbol":"LOLZ","quantity":"1.00000000","price":"0.04700001","timestamp":1652432103,"volume":"0.04700001","buyTxId":"3f965e7e165e5f5f1e54e869d0f0ecf8e8362644","sellTxId":"0c9bc0e3f89eb0bdac339eb8a4a65db937cb0502"}
{"index": {"_index":"lolz","_id":"3420875"}}
	{"id":3420875,"type":"buy","buyer":"criptosectadepit","seller":"metronet","symbol":"LOLZ","quantity":"2.00000000","price":"0.07099998","timestamp":1652436234,"volume":"0.14199996","buyTxId":"646786dff94b3a84718de61a40610aa8faf5f121","sellTxId":"1ffeb3806ae043f20546467720e8d7674247ebe1"}
{"index": {"_index":"lolz","_id":"3420876"}}
	{"id":3420876,"type":"buy","buyer":"criptosectadepit","seller":"gaboamc2393","symbol":"LOLZ","quantity":"47.02501632","price":"0.07099999","timestamp":1652436234,"volume":"3.33877569","buyTxId":"646786dff94b3a84718de61a40610aa8faf5f121","sellTxId":"83021094994741ee2094e11b260939e9a7f6dfd1"}
{"index": {"_index":"lolz","_id":"3420877"}}
	{"id":3420877,"type":"buy","buyer":"criptosectadepit","seller":"forsakensushi","symbol":"LOLZ","quantity":"50.97498368","price":"0.07099999","timestamp":1652436234,"volume":"3.61922333","buyTxId":"646786dff94b3a84718de61a40610aa8faf5f121","sellTxId":"17283059d9ab5912320ef2cf7672491b932ad0c0"}
{"index": {"_index":"lolz","_id":"3420879"}}
	{"id":3420879,"type":"buy","buyer":"criptosectadepit","seller":"forsakensushi","symbol":"LOLZ","quantity":"29.30000000","price":"0.07099999","timestamp":1652436282,"volume":"2.08029971","buyTxId":"f0ce2bed0370458ba6c61a9949a7686233bc7c85","sellTxId":"17283059d9ab5912320ef2cf7672491b932ad0c0"}
{"index": {"_index":"lolz","_id":"3420982"}}
	{"id":3420982,"type":"buy","buyer":"dechuck","seller":"forsakensushi","symbol":"LOLZ","quantity":"0.00150000","price":"0.07099999","timestamp":1652438034,"volume":"0.00010650","buyTxId":"4f52555c747d526d161a73da384a299cc9f7ce02","sellTxId":"17283059d9ab5912320ef2cf7672491b932ad0c0"}
{"index": {"_index":"lolz","_id":"3421425"}}
	{"id":3421425,"type":"sell","buyer":"magicbeans","seller":"victa1","symbol":"LOLZ","quantity":"1","price":"0.04700001","timestamp":1652442081,"volume":"0.04700001","buyTxId":"3f965e7e165e5f5f1e54e869d0f0ecf8e8362644","sellTxId":"21dea09f8e9e8f90ecb502106a761eb8e1458ff0"}
{"index": {"_index":"lolz","_id":"3422372"}}
	{"id":3422372,"type":"buy","buyer":"hoosie","seller":"steem82868","symbol":"LOLZ","quantity":"5.00000000","price":"0.07000000","timestamp":1652452536,"volume":"0.35000000","buyTxId":"a949b938602e2808c6960e4a284c05856289ae59","sellTxId":"56d279b04f6cc0a238095f524baadf20208352aa"}
{"index": {"_index":"lolz","_id":"3422971"}}
	{"id":3422971,"type":"sell","buyer":"magicbeans","seller":"robibasa","symbol":"LOLZ","quantity":"3.00000000","price":"0.04700001","timestamp":1652458242,"volume":"0.14100003","buyTxId":"3f965e7e165e5f5f1e54e869d0f0ecf8e8362644","sellTxId":"8cd69971e1c4c5bed2214e3cb64cb136010de238"}
{"index": {"_index":"lolz","_id":"3423394"}}
	{"id":3423394,"type":"sell","buyer":"magicbeans","seller":"simplegame","symbol":"LOLZ","quantity":"3.00000000","price":"0.04700001","timestamp":1652463273,"volume":"0.14100003","buyTxId":"3f965e7e165e5f5f1e54e869d0f0ecf8e8362644","sellTxId":"1f5ec7327db9603b5b4ab47708960153479ad86b"}
{"index": {"_index":"lolz","_id":"3423423"}}
	{"id":3423423,"type":"sell","buyer":"magicbeans","seller":"hive-143869","symbol":"LOLZ","quantity":"1.00000000","price":"0.04700001","timestamp":1652463600,"volume":"0.04700001","buyTxId":"3f965e7e165e5f5f1e54e869d0f0ecf8e8362644","sellTxId":"6ed7f76327ec8bac24fc89ce3742966d57fad13f"}
{"index": {"_index":"lolz","_id":"3424331"}}
	{"id":3424331,"type":"sell","buyer":"magicbeans","seller":"gestion.alive","symbol":"LOLZ","quantity":"13.62265198","price":"0.04700001","timestamp":1652473023,"volume":"0.64026478","buyTxId":"3f965e7e165e5f5f1e54e869d0f0ecf8e8362644","sellTxId":"3aa77b19243b9e5b163ba106eba64ed78ae053c7"}
{"index": {"_index":"lolz","_id":"3424332"}}
	{"id":3424332,"type":"sell","buyer":"hoosie","seller":"gestion.alive","symbol":"LOLZ","quantity":"1.38041838","price":"0.04700001","timestamp":1652473023,"volume":"0.06487968","buyTxId":"872eb3275b9a80a5684de9ecb3251e8328b14d28","sellTxId":"3aa77b19243b9e5b163ba106eba64ed78ae053c7"}
{"index": {"_index":"lolz","_id":"3424468"}}
	{"id":3424468,"type":"sell","buyer":"hoosie","seller":"thx.bht","symbol":"LOLZ","quantity":"1.01253169","price":"0.04700001","timestamp":1652474136,"volume":"0.04758900","buyTxId":"872eb3275b9a80a5684de9ecb3251e8328b14d28","sellTxId":"2409884b57137710ebce7d129695644118b0d3ff"}
{"index": {"_index":"lolz","_id":"3424532"}}
	{"id":3424532,"type":"sell","buyer":"hoosie","seller":"kraken99","symbol":"LOLZ","quantity":"1.00000000","price":"0.04700001","timestamp":1652474604,"volume":"0.04700001","buyTxId":"872eb3275b9a80a5684de9ecb3251e8328b14d28","sellTxId":"0dbc63fddebc6354a83c20438e414353dd60f1a3"}
{"index": {"_index":"lolz","_id":"3424874"}}
	{"id":3424874,"type":"sell","buyer":"hoosie","seller":"pixresteemer","symbol":"LOLZ","quantity":"1.00000000","price":"0.04700001","timestamp":1652478063,"volume":"0.04700001","buyTxId":"872eb3275b9a80a5684de9ecb3251e8328b14d28","sellTxId":"10f9577087c6e230788497bdd1683b3f968fd084"}
{"index": {"_index":"lolz","_id":"3424938"}}
	{"id":3424938,"type":"sell","buyer":"hoosie","seller":"cflclosers","symbol":"LOLZ","quantity":"1.00000000","price":"0.04700001","timestamp":1652478843,"volume":"0.04700001","buyTxId":"872eb3275b9a80a5684de9ecb3251e8328b14d28","sellTxId":"8501943fbf7aaae6def3cd8b0db1ff032f041c51"}
{"index": {"_index":"lolz","_id":"3425353"}}
	{"id":3425353,"type":"sell","buyer":"hoosie","seller":"tin.aung.soe","symbol":"LOLZ","quantity":"27.00000000","price":"0.04700001","timestamp":1652484108,"volume":"1.26900027","buyTxId":"872eb3275b9a80a5684de9ecb3251e8328b14d28","sellTxId":"79d351f2c806e55c6bec930641ec3a0f354ae15f"}
{"index": {"_index":"lolz","_id":"3425365"}}
	{"id":3425365,"type":"sell","buyer":"hoosie","seller":"alexandrzombi","symbol":"LOLZ","quantity":"0.00002526","price":"0.04700001","timestamp":1652484279,"volume":"0.00000119","buyTxId":"872eb3275b9a80a5684de9ecb3251e8328b14d28","sellTxId":"a4c97585a086012b2decc3e114c6c2a156b1d422"}
{"index": {"_index":"lolz","_id":"3425480"}}
	{"id":3425480,"type":"buy","buyer":"egistar","seller":"magicbeans","symbol":"LOLZ","quantity":"4.34782671","price":"0.06899999","timestamp":1652486211,"volume":"0.3","buyTxId":"037cc8bb8b91cfc45a4e605f5d1a1c8b9be57fef","sellTxId":"51bd6f021f5f1f6ee6fbf3b7192040533af50093"}
{"index": {"_index":"lolz","_id":"3425619"}}
	{"id":3425619,"type":"sell","buyer":"hoosie","seller":"lipe100dedos","symbol":"LOLZ","quantity":"3.00000000","price":"0.04700001","timestamp":1652487657,"volume":"0.14100003","buyTxId":"872eb3275b9a80a5684de9ecb3251e8328b14d28","sellTxId":"d2ebd997296d32a62f088c2488bb53cf5c14bb84"}
{"index": {"_index":"lolz","_id":"3426416"}}
	{"id":3426416,"type":"sell","buyer":"roger.remix","seller":"pousinha","symbol":"LOLZ","quantity":"10","price":"0.04711000","timestamp":1652495286,"volume":"0.47110000","buyTxId":"d0f0057eff0a2a4beb7453ef6f9efd82ecc2021f","sellTxId":"99070d76fd3204dd7dfd312ac3ef0b09d877e746"}
