{"index": {"_index":"lolz","_id":"3351266"}}
	{"id":3351266,"type":"sell","buyer":"magicbeans","seller":"splinter100dedos","symbol":"LOLZ","quantity":"3.00000000","price":"0.04500001","timestamp":1651721631,"volume":"0.13500003","buyTxId":"8467cff4fdb187884479b16ffc9a6e69a3d0947e","sellTxId":"455e0bad6e95245303d4a9a43356ad13bc341201"}
{"index": {"_index":"lolz","_id":"3351566"}}
	{"id":3351566,"type":"sell","buyer":"imno","seller":"mateodm03","symbol":"LOLZ","quantity":"3.00000000","price":"0.04520000","timestamp":1651727385,"volume":"0.13560000","buyTxId":"dbfd7ef8ebef34a3393003f6abbf051f218fe9c8","sellTxId":"6ff96f9e47ef9e7fdc00636f0377020442e1658d"}
{"index": {"_index":"lolz","_id":"3351642"}}
	{"id":3351642,"type":"sell","buyer":"imno","seller":"repayme4568","symbol":"LOLZ","quantity":"2.00000000","price":"0.04520000","timestamp":1651728492,"volume":"0.09040000","buyTxId":"dbfd7ef8ebef34a3393003f6abbf051f218fe9c8","sellTxId":"bf8ca3f85609d50ee3c8a52fa5bfedc0aa02214b"}
{"index": {"_index":"lolz","_id":"3351795"}}
	{"id":3351795,"type":"sell","buyer":"brianhuang","seller":"laritheghost","symbol":"LOLZ","quantity":"0.56477508","price":"0.04530000","timestamp":1651730862,"volume":"0.02558431","buyTxId":"29b0db26d5a3b38a38ac78986976c20ad87c07d5","sellTxId":"27813b45ea676939979183a146a3a224bc3de275"}
{"index": {"_index":"lolz","_id":"3351872"}}
	{"id":3351872,"type":"sell","buyer":"brianhuang","seller":"gestion.alive","symbol":"LOLZ","quantity":"14.00177937","price":"0.04530000","timestamp":1651732104,"volume":"0.63428061","buyTxId":"29b0db26d5a3b38a38ac78986976c20ad87c07d5","sellTxId":"a3491aa016e768b9685fc8fc6ca3ad074d70e338"}
{"index": {"_index":"lolz","_id":"3352316"}}
	{"id":3352316,"type":"sell","buyer":"brianhuang","seller":"femcy-willcy","symbol":"LOLZ","quantity":"3.00000000","price":"0.04530000","timestamp":1651737747,"volume":"0.13590000","buyTxId":"29b0db26d5a3b38a38ac78986976c20ad87c07d5","sellTxId":"5f241b220a9309361812b8f56b65bea590beaf65"}
{"index": {"_index":"lolz","_id":"3352493"}}
	{"id":3352493,"type":"sell","buyer":"brianhuang","seller":"pele23","symbol":"LOLZ","quantity":"1.00000000","price":"0.04530000","timestamp":1651740105,"volume":"0.04530000","buyTxId":"29b0db26d5a3b38a38ac78986976c20ad87c07d5","sellTxId":"1fa51f4c4cfcd721460d9231089755f2f8d94291"}
{"index": {"_index":"lolz","_id":"3352588"}}
	{"id":3352588,"type":"sell","buyer":"brianhuang","seller":"twicejoy","symbol":"LOLZ","quantity":"0.16204156","price":"0.04530000","timestamp":1651741296,"volume":"0.00734048","buyTxId":"29b0db26d5a3b38a38ac78986976c20ad87c07d5","sellTxId":"e4b8fe8f98f1fec522f40817b6a7c87ffc19ff25"}
{"index": {"_index":"lolz","_id":"3352589"}}
	{"id":3352589,"type":"sell","buyer":"hoosie","seller":"twicejoy","symbol":"LOLZ","quantity":"26.25319467","price":"0.04530000","timestamp":1651741296,"volume":"1.18926972","buyTxId":"18e55d74816b916f44e87f2a752458b32df0095d","sellTxId":"e4b8fe8f98f1fec522f40817b6a7c87ffc19ff25"}
{"index": {"_index":"lolz","_id":"3354463"}}
	{"id":3354463,"type":"sell","buyer":"ianmcg","seller":"rzc24-nftbbg","symbol":"LOLZ","quantity":"4.00000000","price":"0.04540000","timestamp":1651761375,"volume":"0.18160000","buyTxId":"ed205cdf37e5b719b4abbab1fd8fda0fc6896125","sellTxId":"85be9370f92c1e2ede9eea4bfc0e606013e2b466"}
{"index": {"_index":"lolz","_id":"3354614"}}
	{"id":3354614,"type":"sell","buyer":"ianmcg","seller":"fnvdesigns","symbol":"LOLZ","quantity":"0.23574240","price":"0.04540000","timestamp":1651763055,"volume":"0.01070270","buyTxId":"ed205cdf37e5b719b4abbab1fd8fda0fc6896125","sellTxId":"d1986e9ea57789e95046a14b529a87ebf404a757"}
{"index": {"_index":"lolz","_id":"3355464"}}
	{"id":3355464,"type":"sell","buyer":"ianmcg","seller":"lipe100dedos","symbol":"LOLZ","quantity":"3.00000000","price":"0.04540000","timestamp":1651771008,"volume":"0.13620000","buyTxId":"ed205cdf37e5b719b4abbab1fd8fda0fc6896125","sellTxId":"869e6325972ac87dcaf2d299c8f06d35e1223117"}
{"index": {"_index":"lolz","_id":"3356881"}}
	{"id":3356881,"type":"sell","buyer":"forsakensushi","seller":"toofasteddie","symbol":"LOLZ","quantity":"7.00000000","price":"0.04541000","timestamp":1651783383,"volume":"0.31787000","buyTxId":"0f7e39ff2484f871644f46a270688aecde4ce98c","sellTxId":"95a5b1122eb4978474297b0ff8e2f10843e24d21"}
{"index": {"_index":"lolz","_id":"3357234"}}
	{"id":3357234,"type":"sell","buyer":"criptosectadepit","seller":"cflclosers","symbol":"LOLZ","quantity":"3.00000000","price":"0.04542000","timestamp":1651786815,"volume":"0.13626000","buyTxId":"36f3e87775965cd07cfaafa3616ece423c40cb46","sellTxId":"aa0307a029b33902d32c2e37f8ee69dabddc64dd"}
{"index": {"_index":"lolz","_id":"3357837"}}
	{"id":3357837,"type":"sell","buyer":"criptosectadepit","seller":"alexandrzombi","symbol":"LOLZ","quantity":"0.00002329","price":"0.04542000","timestamp":1651792548,"volume":"0.00000106","buyTxId":"36f3e87775965cd07cfaafa3616ece423c40cb46","sellTxId":"cd75b289e93b29a659d95156686a3134acac8fcc"}
{"index": {"_index":"lolz","_id":"3358208"}}
	{"id":3358208,"type":"sell","buyer":"criptosectadepit","seller":"nexus08","symbol":"LOLZ","quantity":"8.74140339","price":"0.04542000","timestamp":1651797135,"volume":"0.39703454","buyTxId":"36f3e87775965cd07cfaafa3616ece423c40cb46","sellTxId":"8d442ebdc271ec6eca095ede5f2bd102cf53d609"}
{"index": {"_index":"lolz","_id":"3358492"}}
	{"id":3358492,"type":"sell","buyer":"criptosectadepit","seller":"dracozauberer","symbol":"LOLZ","quantity":"1","price":"0.04542000","timestamp":1651800462,"volume":"0.04542000","buyTxId":"36f3e87775965cd07cfaafa3616ece423c40cb46","sellTxId":"463e5d5fc6badabfe2d6ab794b8a41b238a98e69"}
{"index": {"_index":"lolz","_id":"3358853"}}
	{"id":3358853,"type":"buy","buyer":"ianmcg","seller":"magicbeans","symbol":"LOLZ","quantity":"1.44453175","price":"0.07199990","timestamp":1651804593,"volume":"0.10400614","buyTxId":"15e111c0490b7fa4353d505213601afc5eb1a462","sellTxId":"eff93d7ca3abf2148421c0bc48e9e63a07909d0d"}
{"index": {"_index":"lolz","_id":"3358919"}}
	{"id":3358919,"type":"sell","buyer":"criptosectadepit","seller":"xplosive","symbol":"LOLZ","quantity":"1.00000000","price":"0.04542000","timestamp":1651805304,"volume":"0.04542000","buyTxId":"36f3e87775965cd07cfaafa3616ece423c40cb46","sellTxId":"0ac4f5088a45160dbd5c1dfc3fc0a2d03f9374f3"}
