{"index": {"_index":"lolz","_id":"3290520"}}
	{"id":3290520,"type":"sell","buyer":"magicbeans","seller":"steem82868","symbol":"LOLZ","quantity":"6.00000000","price":"0.04103001","timestamp":1651034682,"volume":"0.24618006","buyTxId":"fe5217f40b8aa9b0545e37567a9f153843c5a467","sellTxId":"06aeb1874b62100d08012dc04962a8f08379b423"}
{"index": {"_index":"lolz","_id":"3290608"}}
	{"id":3290608,"type":"sell","buyer":"magicbeans","seller":"themarkymark","symbol":"LOLZ","quantity":"1.00000000","price":"0.04103001","timestamp":1651035654,"volume":"0.04103001","buyTxId":"fe5217f40b8aa9b0545e37567a9f153843c5a467","sellTxId":"18f3bfbf751066d473424335078c8a9bc4bd5f56"}
{"index": {"_index":"lolz","_id":"3290929"}}
	{"id":3290929,"type":"sell","buyer":"magicbeans","seller":"tin.aung.soe","symbol":"LOLZ","quantity":"21.00000000","price":"0.04103001","timestamp":1651040892,"volume":"0.86163021","buyTxId":"fe5217f40b8aa9b0545e37567a9f153843c5a467","sellTxId":"3585e316a8d6bc756856b8b5d9e150c56a44a5f6"}
{"index": {"_index":"lolz","_id":"3290985"}}
	{"id":3290985,"type":"sell","buyer":"magicbeans","seller":"itharagaian","symbol":"LOLZ","quantity":"0.89122178","price":"0.04103001","timestamp":1651041630,"volume":"0.03656684","buyTxId":"fe5217f40b8aa9b0545e37567a9f153843c5a467","sellTxId":"5a889f1cbb6e9fe08b2f463961c2363ecfb689d4"}
{"index": {"_index":"lolz","_id":"3290992"}}
	{"id":3290992,"type":"buy","buyer":"hiq.magazine","seller":"itharagaian","symbol":"LOLZ","quantity":"0.10877822","price":"0.04102783","timestamp":1651041717,"volume":"0.00446293","buyTxId":"cfdacdcf25f04fa4e688fb5a108131d885e291f0","sellTxId":"5a889f1cbb6e9fe08b2f463961c2363ecfb689d4"}
{"index": {"_index":"lolz","_id":"3291016"}}
	{"id":3291016,"type":"sell","buyer":"hiq.magazine","seller":"hive-143869","symbol":"LOLZ","quantity":"1.00000000","price":"0.04500000","timestamp":1651042134,"volume":"0.04500000","buyTxId":"cfdacdcf25f04fa4e688fb5a108131d885e291f0","sellTxId":"cd35ca4d152139acff268760b4295c93022cc648"}
{"index": {"_index":"lolz","_id":"3291031"}}
	{"id":3291031,"type":"sell","buyer":"hiq.magazine","seller":"networkallstar","symbol":"LOLZ","quantity":"1.00000000","price":"0.04500000","timestamp":1651042251,"volume":"0.04500000","buyTxId":"cfdacdcf25f04fa4e688fb5a108131d885e291f0","sellTxId":"2b0810873c0d4f3169cd61f8bb7548e499beeb56"}
{"index": {"_index":"lolz","_id":"3291220"}}
	{"id":3291220,"type":"sell","buyer":"hiq.magazine","seller":"siberian12","symbol":"LOLZ","quantity":"17.00000000","price":"0.04500000","timestamp":1651044234,"volume":"0.76500000","buyTxId":"cfdacdcf25f04fa4e688fb5a108131d885e291f0","sellTxId":"20948b882306e81e052209cf063eb382380948c6"}
{"index": {"_index":"lolz","_id":"3291226"}}
	{"id":3291226,"type":"sell","buyer":"hiq.magazine","seller":"delcarmat","symbol":"LOLZ","quantity":"2","price":"0.04500000","timestamp":1651044303,"volume":"0.09000000","buyTxId":"cfdacdcf25f04fa4e688fb5a108131d885e291f0","sellTxId":"ee9a18b3197f9e6a332a089e74b5eba048751387"}
{"index": {"_index":"lolz","_id":"3291743"}}
	{"id":3291743,"type":"sell","buyer":"hiq.magazine","seller":"metronet","symbol":"LOLZ","quantity":"1.00000000","price":"0.04500000","timestamp":1651050933,"volume":"0.04500000","buyTxId":"cfdacdcf25f04fa4e688fb5a108131d885e291f0","sellTxId":"f17515ccc8905ee09d5ef76e9f4ca3167abeaad9"}
{"index": {"_index":"lolz","_id":"3291822"}}
	{"id":3291822,"type":"sell","buyer":"hiq.magazine","seller":"petra67","symbol":"LOLZ","quantity":"4.00000000","price":"0.04500000","timestamp":1651051884,"volume":"0.18000000","buyTxId":"cfdacdcf25f04fa4e688fb5a108131d885e291f0","sellTxId":"73980caf1832be740aed290d64b03a4e53ed7740"}
{"index": {"_index":"lolz","_id":"3291823"}}
	{"id":3291823,"type":"sell","buyer":"hiq.magazine","seller":"petra67","symbol":"LOLZ","quantity":"2.00000000","price":"0.04500000","timestamp":1651051929,"volume":"0.09000000","buyTxId":"cfdacdcf25f04fa4e688fb5a108131d885e291f0","sellTxId":"44d9b06fbabd58bc157d5fcbd387b29077b40845"}
{"index": {"_index":"lolz","_id":"3292858"}}
	{"id":3292858,"type":"sell","buyer":"hiq.magazine","seller":"poliwalt10","symbol":"LOLZ","quantity":"2.00000000","price":"0.04500000","timestamp":1651064328,"volume":"0.09000000","buyTxId":"cfdacdcf25f04fa4e688fb5a108131d885e291f0","sellTxId":"c393f134ec67a5e2de10214a55eddb1edeb81e2f"}
{"index": {"_index":"lolz","_id":"3292994"}}
	{"id":3292994,"type":"sell","buyer":"hiq.magazine","seller":"steem82868","symbol":"LOLZ","quantity":"0.49842996","price":"0.04500000","timestamp":1651066224,"volume":"0.02242935","buyTxId":"cfdacdcf25f04fa4e688fb5a108131d885e291f0","sellTxId":"54cc971674421817a757ec462c93b4ae0736e72c"}
{"index": {"_index":"lolz","_id":"3293056"}}
	{"id":3293056,"type":"buy","buyer":"magicbeans","seller":"tin.aung.soe","symbol":"LOLZ","quantity":"10.73065031","price":"0.05000000","timestamp":1651066773,"volume":"0.53653252","buyTxId":"ca10fb2869d84a45422567cb18f549643f5a27c8","sellTxId":"2900daf5c837026ef645ea35cf8d436cfb7db7aa"}
{"index": {"_index":"lolz","_id":"3293057"}}
	{"id":3293057,"type":"buy","buyer":"magicbeans","seller":"bearmol","symbol":"LOLZ","quantity":"1.00000000","price":"0.05000000","timestamp":1651066773,"volume":"0.05000000","buyTxId":"ca10fb2869d84a45422567cb18f549643f5a27c8","sellTxId":"b004ab19876919f92fc15e2263ffa0ff34bec92e"}
{"index": {"_index":"lolz","_id":"3293282"}}
	{"id":3293282,"type":"sell","buyer":"hiq.magazine","seller":"mypathtofire","symbol":"LOLZ","quantity":"1.00000000","price":"0.04500000","timestamp":1651069716,"volume":"0.04500000","buyTxId":"cfdacdcf25f04fa4e688fb5a108131d885e291f0","sellTxId":"654cb8c7eb6c56d5dc0464180f7625372bf7fe6c"}
{"index": {"_index":"lolz","_id":"3293894"}}
	{"id":3293894,"type":"sell","buyer":"hiq.magazine","seller":"dswap","symbol":"LOLZ","quantity":"1","price":"0.04500000","timestamp":1651075086,"volume":"0.04500000","buyTxId":"cfdacdcf25f04fa4e688fb5a108131d885e291f0","sellTxId":"0652cb48d2ae4dbce4b07a20d53fd77fcf341ba4"}
{"index": {"_index":"lolz","_id":"3294030"}}
	{"id":3294030,"type":"sell","buyer":"hiq.magazine","seller":"silvertop","symbol":"LOLZ","quantity":"3.00000000","price":"0.04500000","timestamp":1651076775,"volume":"0.13500000","buyTxId":"cfdacdcf25f04fa4e688fb5a108131d885e291f0","sellTxId":"624d3263128f5e60b15edffa9838e7d1dc589394"}
{"index": {"_index":"lolz","_id":"3294293"}}
	{"id":3294293,"type":"buy","buyer":"edgerik","seller":"magicbeans","symbol":"LOLZ","quantity":"2.00000000","price":"0.06497999","timestamp":1651078656,"volume":"0.12995998","buyTxId":"3971656e05c2949683cd7b4fad3801201ceda5e4","sellTxId":"0a60ef74d3bb9169da749bc9a243092e93bd33a7"}
{"index": {"_index":"lolz","_id":"3294316"}}
	{"id":3294316,"type":"sell","buyer":"hiq.magazine","seller":"alucian","symbol":"LOLZ","quantity":"8.36526823","price":"0.04500000","timestamp":1651078893,"volume":"0.37643707","buyTxId":"cfdacdcf25f04fa4e688fb5a108131d885e291f0","sellTxId":"f337cb689c65e3c014e9a9794aec5a15bb9f518e"}
{"index": {"_index":"lolz","_id":"3294515"}}
	{"id":3294515,"type":"sell","buyer":"hiq.magazine","seller":"simplegame","symbol":"LOLZ","quantity":"2.00000000","price":"0.04500000","timestamp":1651080618,"volume":"0.09000000","buyTxId":"cfdacdcf25f04fa4e688fb5a108131d885e291f0","sellTxId":"6d6a2b79a72ef984b4d10cc6543cd03e5414e28a"}
{"index": {"_index":"lolz","_id":"3295678"}}
	{"id":3295678,"type":"sell","buyer":"hoosie","seller":"dswap","symbol":"LOLZ","quantity":"0.02888827","price":"0.04600000","timestamp":1651090551,"volume":"0.00132886","buyTxId":"1c40e0b3b37a009184ede8b98e34defff3995b8e","sellTxId":"3d2063715d71f370d58a2b64c0ce4b646ca16368"}
{"index": {"_index":"lolz","_id":"3296186"}}
	{"id":3296186,"type":"buy","buyer":"dechuck","seller":"magicbeans","symbol":"LOLZ","quantity":"0.00035000","price":"0.06487998","timestamp":1651096551,"volume":"0.00002271","buyTxId":"ecd7ef2437bd1039359eda62f1de83f419e85ba6","sellTxId":"1269f886fd5fab4805b8b25f478fd7f6cd1c153d"}
{"index": {"_index":"lolz","_id":"3296691"}}
	{"id":3296691,"type":"sell","buyer":"hoosie","seller":"andy4475","symbol":"LOLZ","quantity":"3.01100282","price":"0.04600000","timestamp":1651101090,"volume":"0.13850613","buyTxId":"1c40e0b3b37a009184ede8b98e34defff3995b8e","sellTxId":"b7d1b7512bbf5eef1bc99091cd60d241eb3739d8"}
{"index": {"_index":"lolz","_id":"3296730"}}
	{"id":3296730,"type":"sell","buyer":"hoosie","seller":"alexandrzombi","symbol":"LOLZ","quantity":"0.00002328","price":"0.04600000","timestamp":1651101465,"volume":"0.00000107","buyTxId":"1c40e0b3b37a009184ede8b98e34defff3995b8e","sellTxId":"5b008d3858dfdc3c122a808adad930aa3a8a0f92"}
{"index": {"_index":"lolz","_id":"3297106"}}
	{"id":3297106,"type":"sell","buyer":"hoosie","seller":"dswap","symbol":"LOLZ","quantity":"1","price":"0.04600000","timestamp":1651106421,"volume":"0.04600000","buyTxId":"1c40e0b3b37a009184ede8b98e34defff3995b8e","sellTxId":"08b9935f8e8b29d2915d78acac216c50a24d68f5"}
{"index": {"_index":"lolz","_id":"3297253"}}
	{"id":3297253,"type":"sell","buyer":"hoosie","seller":"naythan","symbol":"LOLZ","quantity":"15.96008563","price":"0.04600000","timestamp":1651106961,"volume":"0.73416394","buyTxId":"1c40e0b3b37a009184ede8b98e34defff3995b8e","sellTxId":"335d2edf349e2d5cbec263bd3b767f2a4eeaf4ee"}
{"index": {"_index":"lolz","_id":"3297254"}}
	{"id":3297254,"type":"sell","buyer":"onlydoge","seller":"naythan","symbol":"LOLZ","quantity":"22.21728000","price":"0.04501000","timestamp":1651106961,"volume":"0.99999977","buyTxId":"8a5b16d4f8c8af78ab4a1a0d7e5539d535a12b3e","sellTxId":"335d2edf349e2d5cbec263bd3b767f2a4eeaf4ee"}
{"index": {"_index":"lolz","_id":"3297255"}}
	{"id":3297255,"type":"sell","buyer":"brianhuang","seller":"naythan","symbol":"LOLZ","quantity":"90.00000000","price":"0.04500100","timestamp":1651106961,"volume":"4.05009000","buyTxId":"77499bfc2ec221134e2b717d7c3b95044998473e","sellTxId":"335d2edf349e2d5cbec263bd3b767f2a4eeaf4ee"}
{"index": {"_index":"lolz","_id":"3297256"}}
	{"id":3297256,"type":"sell","buyer":"hiq.magazine","seller":"naythan","symbol":"LOLZ","quantity":"54.02752359","price":"0.04500000","timestamp":1651106961,"volume":"2.43123856","buyTxId":"cfdacdcf25f04fa4e688fb5a108131d885e291f0","sellTxId":"335d2edf349e2d5cbec263bd3b767f2a4eeaf4ee"}
{"index": {"_index":"lolz","_id":"3297257"}}
	{"id":3297257,"type":"sell","buyer":"gaboamc2393","seller":"naythan","symbol":"LOLZ","quantity":"50.00000000","price":"0.04100000","timestamp":1651106961,"volume":"2.05000000","buyTxId":"5fd7b120b8564448082cc6fb50eed601011e6070","sellTxId":"335d2edf349e2d5cbec263bd3b767f2a4eeaf4ee"}
{"index": {"_index":"lolz","_id":"3297258"}}
	{"id":3297258,"type":"sell","buyer":"camiloferrua","seller":"naythan","symbol":"LOLZ","quantity":"255.79511078","price":"0.04000999","timestamp":1651106961,"volume":"10.23435982","buyTxId":"5d51268cc1f2e2cec506dc5ab235ba28087ab415","sellTxId":"335d2edf349e2d5cbec263bd3b767f2a4eeaf4ee"}
{"index": {"_index":"lolz","_id":"3297524"}}
	{"id":3297524,"type":"sell","buyer":"camiloferrua","seller":"invest-time","symbol":"LOLZ","quantity":"2.00000000","price":"0.04000999","timestamp":1651110375,"volume":"0.08001998","buyTxId":"5d51268cc1f2e2cec506dc5ab235ba28087ab415","sellTxId":"112302252c676bfa8bdb2d4521c88f45385d6d0e"}
