{"index": {"_index":"lolz","_id":"3639662"}}
	{"id":3639662,"type":"sell","buyer":"dadspardan","seller":"tin.aung.soe","symbol":"LOLZ","quantity":"46.00000000","price":"0.08000000","timestamp":1654739877,"volume":"3.68000000","buyTxId":"371323f541027b333750efcbf46717d44c5b0c7a","sellTxId":"537f13a45b6085e69051b1d3a4d0439d6103e280"}
{"index": {"_index":"lolz","_id":"3639783"}}
	{"id":3639783,"type":"sell","buyer":"dadspardan","seller":"mateodm03","symbol":"LOLZ","quantity":"3.00000000","price":"0.08000000","timestamp":1654741689,"volume":"0.24000000","buyTxId":"371323f541027b333750efcbf46717d44c5b0c7a","sellTxId":"5bea65d2fcddf211d602e890ca69ec2a9b94a40b"}
{"index": {"_index":"lolz","_id":"3639882"}}
	{"id":3639882,"type":"sell","buyer":"dadspardan","seller":"onewolfe","symbol":"LOLZ","quantity":"1.09838569","price":"0.08000000","timestamp":1654742511,"volume":"0.08787086","buyTxId":"371323f541027b333750efcbf46717d44c5b0c7a","sellTxId":"6c34790eb6af9dec30f5a6e6ae2ab01652175a43"}
{"index": {"_index":"lolz","_id":"3639973"}}
	{"id":3639973,"type":"sell","buyer":"dadspardan","seller":"simplegame","symbol":"LOLZ","quantity":"2.00000000","price":"0.08000000","timestamp":1654743069,"volume":"0.16000000","buyTxId":"371323f541027b333750efcbf46717d44c5b0c7a","sellTxId":"e95d01310fec28db44fa7ada4202b1ded36f395a"}
{"index": {"_index":"lolz","_id":"3640460"}}
	{"id":3640460,"type":"sell","buyer":"dadspardan","seller":"kidsisters","symbol":"LOLZ","quantity":"1.00000000","price":"0.08000000","timestamp":1654747362,"volume":"0.08000000","buyTxId":"371323f541027b333750efcbf46717d44c5b0c7a","sellTxId":"76acefb7f4c2dbac33eeb301e5b4e949b098c72e"}
{"index": {"_index":"lolz","_id":"3640649"}}
	{"id":3640649,"type":"sell","buyer":"dadspardan","seller":"sidekickmatt","symbol":"LOLZ","quantity":"10.00000000","price":"0.08000000","timestamp":1654749552,"volume":"0.80000000","buyTxId":"371323f541027b333750efcbf46717d44c5b0c7a","sellTxId":"dbd628ff0400a1324318c2b224e8e16289609696"}
{"index": {"_index":"lolz","_id":"3640735"}}
	{"id":3640735,"type":"sell","buyer":"dadspardan","seller":"captainquack22","symbol":"LOLZ","quantity":"2","price":"0.08000000","timestamp":1654750521,"volume":"0.16000000","buyTxId":"371323f541027b333750efcbf46717d44c5b0c7a","sellTxId":"897c1aa6fcc7c8b5980213d88eae487995f71c2f"}
{"index": {"_index":"lolz","_id":"3640806"}}
	{"id":3640806,"type":"sell","buyer":"dadspardan","seller":"penyaircyber","symbol":"LOLZ","quantity":"0.00010192","price":"0.08000000","timestamp":1654751760,"volume":"0.00000815","buyTxId":"371323f541027b333750efcbf46717d44c5b0c7a","sellTxId":"ced8a2d74d23fe4ddea3fa9403cf26234b6402a2"}
{"index": {"_index":"lolz","_id":"3641256"}}
	{"id":3641256,"type":"sell","buyer":"dadspardan","seller":"forsakensushi","symbol":"LOLZ","quantity":"434.00000000","price":"0.08000000","timestamp":1654757484,"volume":"34.72000000","buyTxId":"371323f541027b333750efcbf46717d44c5b0c7a","sellTxId":"d61a01b3f79753117a05a8c96e388ef394e76beb"}
{"index": {"_index":"lolz","_id":"3641696"}}
	{"id":3641696,"type":"sell","buyer":"dadspardan","seller":"horusisback","symbol":"LOLZ","quantity":"0.90151239","price":"0.08000000","timestamp":1654762023,"volume":"0.07212099","buyTxId":"371323f541027b333750efcbf46717d44c5b0c7a","sellTxId":"c144bafb84b9cd68c8cf496b62d78f2d0de6ec11"}
{"index": {"_index":"lolz","_id":"3641697"}}
	{"id":3641697,"type":"sell","buyer":"ianmcg","seller":"horusisback","symbol":"LOLZ","quantity":"0.09848761","price":"0.06510000","timestamp":1654762023,"volume":"0.00641154","buyTxId":"ee1a1b66f162a55bba9399269e5f24113311a550","sellTxId":"c144bafb84b9cd68c8cf496b62d78f2d0de6ec11"}
{"index": {"_index":"lolz","_id":"3641832"}}
	{"id":3641832,"type":"sell","buyer":"ianmcg","seller":"alexandrzombi","symbol":"LOLZ","quantity":"0.00001696","price":"0.06510000","timestamp":1654763118,"volume":"0.00000110","buyTxId":"ee1a1b66f162a55bba9399269e5f24113311a550","sellTxId":"c37efcb6120a3cf6ecef195cfc1532a88a3b2173"}
{"index": {"_index":"lolz","_id":"3642012"}}
	{"id":3642012,"type":"sell","buyer":"ianmcg","seller":"itharagaian","symbol":"LOLZ","quantity":"0.00029468","price":"0.06510000","timestamp":1654765152,"volume":"0.00001918","buyTxId":"ee1a1b66f162a55bba9399269e5f24113311a550","sellTxId":"a26aa9df033810c2ce632ad4e1be61b7f13ad11d"}
{"index": {"_index":"lolz","_id":"3642043"}}
	{"id":3642043,"type":"sell","buyer":"ianmcg","seller":"hive-143869","symbol":"LOLZ","quantity":"1.00001590","price":"0.06510000","timestamp":1654765557,"volume":"0.06510104","buyTxId":"ee1a1b66f162a55bba9399269e5f24113311a550","sellTxId":"1763ef60e9c0835dfca432d0a12bef366bc3dfe0"}
{"index": {"_index":"lolz","_id":"3642127"}}
	{"id":3642127,"type":"sell","buyer":"ianmcg","seller":"entraide.rewards","symbol":"LOLZ","quantity":"0.00003433","price":"0.06510000","timestamp":1654766664,"volume":"0.00000223","buyTxId":"ee1a1b66f162a55bba9399269e5f24113311a550","sellTxId":"3d03b1975c461a2e1df3bd3c4fbf1db3255a98f2"}
{"index": {"_index":"lolz","_id":"3642296"}}
	{"id":3642296,"type":"sell","buyer":"ianmcg","seller":"sentipl","symbol":"LOLZ","quantity":"3.00001810","price":"0.06510000","timestamp":1654768521,"volume":"0.19530118","buyTxId":"ee1a1b66f162a55bba9399269e5f24113311a550","sellTxId":"f400eff3a9c9ed6b9a1cc5fa2df8424adb097cf5"}
{"index": {"_index":"lolz","_id":"3642902"}}
	{"id":3642902,"type":"sell","buyer":"ianmcg","seller":"captainquack22","symbol":"LOLZ","quantity":"5","price":"0.06510000","timestamp":1654777413,"volume":"0.32550000","buyTxId":"ee1a1b66f162a55bba9399269e5f24113311a550","sellTxId":"b608935f8b730c67313468ca9c66197b838574c9"}
{"index": {"_index":"lolz","_id":"3643020"}}
	{"id":3643020,"type":"sell","buyer":"ianmcg","seller":"hotwing","symbol":"LOLZ","quantity":"0.51523680","price":"0.06510000","timestamp":1654778910,"volume":"0.03354192","buyTxId":"ee1a1b66f162a55bba9399269e5f24113311a550","sellTxId":"f41c56d7e711e081e7d9c1b0f691881f1d18d09c"}
{"index": {"_index":"lolz","_id":"3643098"}}
	{"id":3643098,"type":"sell","buyer":"ianmcg","seller":"cliffagreen","symbol":"LOLZ","quantity":"0.44198575","price":"0.06510000","timestamp":1654779591,"volume":"0.02877327","buyTxId":"ee1a1b66f162a55bba9399269e5f24113311a550","sellTxId":"2e1c1c1f9d978715ac7b794b9d855071ac884e43"}
{"index": {"_index":"lolz","_id":"3643106"}}
	{"id":3643106,"type":"sell","buyer":"ianmcg","seller":"steem82868","symbol":"LOLZ","quantity":"0.33801047","price":"0.06510000","timestamp":1654779816,"volume":"0.02200448","buyTxId":"ee1a1b66f162a55bba9399269e5f24113311a550","sellTxId":"de9272cbe65eb627fd6667b987c9ce793bde8fde"}
{"index": {"_index":"lolz","_id":"3643427"}}
	{"id":3643427,"type":"sell","buyer":"ianmcg","seller":"arena10","symbol":"LOLZ","quantity":"7","price":"0.06510000","timestamp":1654783146,"volume":"0.45570000","buyTxId":"ee1a1b66f162a55bba9399269e5f24113311a550","sellTxId":"4544f8f1c0a223114913fba020cc133e7e8c5f75"}
{"index": {"_index":"lolz","_id":"3644928"}}
	{"id":3644928,"type":"sell","buyer":"ironshield","seller":"beyondhorizonmm","symbol":"LOLZ","quantity":"7.00020708","price":"0.06519999","timestamp":1654795794,"volume":"0.45641343","buyTxId":"c66ce3ce0343d9561a328e9846af01a2e05eddca","sellTxId":"ac9e1d124b7d003bf89414b1eda67f96a7f47ad1"}
{"index": {"_index":"lolz","_id":"3645808"}}
	{"id":3645808,"type":"buy","buyer":"aliveprojects","seller":"magicbeans","symbol":"LOLZ","quantity":"24.34270176","price":"0.07948999","timestamp":1654806549,"volume":"1.93500112","buyTxId":"91048979ba592e53fb4ab98fd09b08bdb0322cde","sellTxId":"4e9a2ca8cd741ce9de7c31a27828c889010040b0"}
{"index": {"_index":"lolz","_id":"3645825"}}
	{"id":3645825,"type":"sell","buyer":"ironshield","seller":"besun1980","symbol":"LOLZ","quantity":"4.00000000","price":"0.06519999","timestamp":1654806795,"volume":"0.26079996","buyTxId":"c66ce3ce0343d9561a328e9846af01a2e05eddca","sellTxId":"16851aa71bb85eeabf795e8496beb3f4e07f016d"}
{"index": {"_index":"lolz","_id":"3646063"}}
	{"id":3646063,"type":"sell","buyer":"ironshield","seller":"assassyn","symbol":"LOLZ","quantity":"1.04041398","price":"0.06519999","timestamp":1654809372,"volume":"0.06783498","buyTxId":"c66ce3ce0343d9561a328e9846af01a2e05eddca","sellTxId":"9ce074c98bba3bee6f8eba36058698d9534f29ec"}
{"index": {"_index":"lolz","_id":"3646073"}}
	{"id":3646073,"type":"sell","buyer":"ironshield","seller":"operahoser","symbol":"LOLZ","quantity":"0.00003420","price":"0.06519999","timestamp":1654809459,"volume":"0.00000223","buyTxId":"c66ce3ce0343d9561a328e9846af01a2e05eddca","sellTxId":"70243506c5264f509e2b51ff2d8e82c9d5cee1d6"}
{"index": {"_index":"lolz","_id":"3646834"}}
	{"id":3646834,"type":"sell","buyer":"ironshield","seller":"steem82868","symbol":"LOLZ","quantity":"0.69693511","price":"0.06519999","timestamp":1654819422,"volume":"0.04544016","buyTxId":"c66ce3ce0343d9561a328e9846af01a2e05eddca","sellTxId":"723963d75a526bcceebd505af53fe3ca897264af"}
{"index": {"_index":"lolz","_id":"3647325"}}
	{"id":3647325,"type":"sell","buyer":"ironshield","seller":"dswap","symbol":"LOLZ","quantity":"0.36068098","price":"0.06519999","timestamp":1654824399,"volume":"0.02351640","buyTxId":"c66ce3ce0343d9561a328e9846af01a2e05eddca","sellTxId":"f46f9d52eef8f00f384c881a8dca5a2679e1db2a"}
{"index": {"_index":"lolz","_id":"3647539"}}
	{"id":3647539,"type":"sell","buyer":"ironshield","seller":"theabsolute","symbol":"LOLZ","quantity":"20.08735692","price":"0.06519999","timestamp":1654826184,"volume":"1.30969547","buyTxId":"c66ce3ce0343d9561a328e9846af01a2e05eddca","sellTxId":"ce373913dcabbf60c97dd0d0e74b47d7406043dd"}
