{"index": {"_index":"lolz","_id":"3399375"}}
	{"id":3399375,"type":"sell","buyer":"roger.remix","seller":"alexandrzombi","symbol":"LOLZ","quantity":"0.00002423","price":"0.04623011","timestamp":1652224515,"volume":"0.00000112","buyTxId":"c6be697a902e0a66b3eb8d4fafd17362540ae738","sellTxId":"278949dc3794e81e02fecb2d399658d825dd4f2f"}
{"index": {"_index":"lolz","_id":"3400245"}}
	{"id":3400245,"type":"sell","buyer":"steem82868","seller":"pousinha","symbol":"LOLZ","quantity":"3","price":"0.04680000","timestamp":1652234460,"volume":"0.14040000","buyTxId":"a062918f54e869027eef5f8f6011e81e819aa8cf","sellTxId":"4fe2a302ee9d9b5b2bc72bada9c72cc27fcc5158"}
{"index": {"_index":"lolz","_id":"3400426"}}
	{"id":3400426,"type":"sell","buyer":"steem82868","seller":"mateodm03","symbol":"LOLZ","quantity":"4.00000000","price":"0.04680000","timestamp":1652236971,"volume":"0.18720000","buyTxId":"a062918f54e869027eef5f8f6011e81e819aa8cf","sellTxId":"ed547dbbe835d51f3b8fb07e1e32a606b550a049"}
{"index": {"_index":"lolz","_id":"3400734"}}
	{"id":3400734,"type":"buy","buyer":"steem82868","seller":"gsauce1989","symbol":"LOLZ","quantity":"0.17295782","price":"0.04680002","timestamp":1652241045,"volume":"0.00809443","buyTxId":"8f181f03d9fff0bbbd0022784dd6503858b1ad81","sellTxId":"2f826aab28f0819079d2fea8454b4110ea856b04"}
{"index": {"_index":"lolz","_id":"3400739"}}
	{"id":3400739,"type":"buy","buyer":"steem82868","seller":"derfabs","symbol":"LOLZ","quantity":"40.50000000","price":"0.05000000","timestamp":1652241141,"volume":"2.02500000","buyTxId":"8edc2d071af4fff50cde0de9d33faf263d2165d6","sellTxId":"60d5daf50c05c81a49acbc6598020b31b4cb1bea"}
{"index": {"_index":"lolz","_id":"3401025"}}
	{"id":3401025,"type":"sell","buyer":"roger.remix","seller":"captainquack22","symbol":"LOLZ","quantity":"19","price":"0.04623011","timestamp":1652245947,"volume":"0.87837209","buyTxId":"c6be697a902e0a66b3eb8d4fafd17362540ae738","sellTxId":"cfdf013af8df9c521d9701467f05349731a61447"}
{"index": {"_index":"lolz","_id":"3401159"}}
	{"id":3401159,"type":"sell","buyer":"roger.remix","seller":"itharagaian","symbol":"LOLZ","quantity":"1.00000000","price":"0.04623011","timestamp":1652247780,"volume":"0.04623011","buyTxId":"c6be697a902e0a66b3eb8d4fafd17362540ae738","sellTxId":"9c58173492e060a8c7ef1a8b21b20eed858a47a1"}
{"index": {"_index":"lolz","_id":"3401318"}}
	{"id":3401318,"type":"buy","buyer":"thatcryptodave","seller":"magicbeans","symbol":"LOLZ","quantity":"0.69348833","price":"0.07279999","timestamp":1652249823,"volume":"0.05048594","buyTxId":"7613767a792db08675b18a9ac0361ba5fae4a828","sellTxId":"9a827e575aa38c36d3373cf1edd6665be9d7d3e6"}
{"index": {"_index":"lolz","_id":"3401438"}}
	{"id":3401438,"type":"sell","buyer":"roger.remix","seller":"splinter100dedos","symbol":"LOLZ","quantity":"4.00000000","price":"0.04623011","timestamp":1652251869,"volume":"0.18492044","buyTxId":"c6be697a902e0a66b3eb8d4fafd17362540ae738","sellTxId":"549e3d677243356d08335a991551d615fe5a00a4"}
{"index": {"_index":"lolz","_id":"3401439"}}
	{"id":3401439,"type":"sell","buyer":"roger.remix","seller":"penyaircyber","symbol":"LOLZ","quantity":"1.00000000","price":"0.04623011","timestamp":1652251890,"volume":"0.04623011","buyTxId":"c6be697a902e0a66b3eb8d4fafd17362540ae738","sellTxId":"cc768cd67e50129e8c154189178e5a42fc74b7df"}
{"index": {"_index":"lolz","_id":"3401586"}}
	{"id":3401586,"type":"sell","buyer":"roger.remix","seller":"siberian12","symbol":"LOLZ","quantity":"18.00000000","price":"0.04623011","timestamp":1652253018,"volume":"0.83214198","buyTxId":"c6be697a902e0a66b3eb8d4fafd17362540ae738","sellTxId":"2949ccb3a8a69495ca84a76dd697466137b5a65c"}
{"index": {"_index":"lolz","_id":"3402349"}}
	{"id":3402349,"type":"sell","buyer":"roger.remix","seller":"rzc24-nftbbg","symbol":"LOLZ","quantity":"2.00000000","price":"0.04623011","timestamp":1652262369,"volume":"0.09246022","buyTxId":"c6be697a902e0a66b3eb8d4fafd17362540ae738","sellTxId":"a1a89bda009be07c25ebec946ec7b5df006b1c50"}
{"index": {"_index":"lolz","_id":"3402625"}}
	{"id":3402625,"type":"sell","buyer":"roger.remix","seller":"captainquack22","symbol":"LOLZ","quantity":"6","price":"0.04623011","timestamp":1652265318,"volume":"0.27738066","buyTxId":"c6be697a902e0a66b3eb8d4fafd17362540ae738","sellTxId":"ab6136dc142e47a3e58bde491f60513c23e33512"}
{"index": {"_index":"lolz","_id":"3403151"}}
	{"id":3403151,"type":"buy","buyer":"criptosectadepit","seller":"magicbeans","symbol":"LOLZ","quantity":"100.00000000","price":"0.06799999","timestamp":1652271501,"volume":"6.79999900","buyTxId":"40fa50034e08e50152ec5b6a883fe2ebe7c6adf4","sellTxId":"99096afc26e8fead33480ab8a295b0e2fc7be8b3"}
{"index": {"_index":"lolz","_id":"3403357"}}
	{"id":3403357,"type":"sell","buyer":"magicbeans","seller":"zottone444","symbol":"LOLZ","quantity":"3.00000000","price":"0.04623013","timestamp":1652273373,"volume":"0.13869039","buyTxId":"8cca3605bec5929d7dedec0dcd05c348d14e040d","sellTxId":"840ec34c4b9cb5dbd3b505f8b979b999fef89f37"}
{"index": {"_index":"lolz","_id":"3403566"}}
	{"id":3403566,"type":"sell","buyer":"magicbeans","seller":"frawdielp2","symbol":"LOLZ","quantity":"0.01633817","price":"0.04623013","timestamp":1652274351,"volume":"0.00075532","buyTxId":"8cca3605bec5929d7dedec0dcd05c348d14e040d","sellTxId":"62cd2ad02a8cc8e46436e684181472c5a7cce8fc"}
{"index": {"_index":"lolz","_id":"3404030"}}
	{"id":3404030,"type":"buy","buyer":"hoosie","seller":"steem82868","symbol":"LOLZ","quantity":"4.00000000","price":"0.06200000","timestamp":1652277123,"volume":"0.24800000","buyTxId":"1eb3a470a86c604603500f317ca0ceecb7370f1d","sellTxId":"c20c6818a76e30490f5b9522d2c05adb889f6d96"}
{"index": {"_index":"lolz","_id":"3404200"}}
	{"id":3404200,"type":"sell","buyer":"magicbeans","seller":"laritheghost","symbol":"LOLZ","quantity":"0.28070305","price":"0.04623013","timestamp":1652278830,"volume":"0.01297694","buyTxId":"8cca3605bec5929d7dedec0dcd05c348d14e040d","sellTxId":"203ad400d0c485387a5a39929a1be62ebd8ddb9c"}
{"index": {"_index":"lolz","_id":"3404671"}}
	{"id":3404671,"type":"sell","buyer":"magicbeans","seller":"pele23","symbol":"LOLZ","quantity":"1.00000000","price":"0.04630001","timestamp":1652282511,"volume":"0.04630001","buyTxId":"333e71dc3e138903da0f7f7f023a52956a65248a","sellTxId":"5b426ec78e10a342299c057950aa38753376cca6"}
{"index": {"_index":"lolz","_id":"3404696"}}
	{"id":3404696,"type":"sell","buyer":"magicbeans","seller":"zeruxanime","symbol":"LOLZ","quantity":"3.00000000","price":"0.04630001","timestamp":1652282676,"volume":"0.13890003","buyTxId":"333e71dc3e138903da0f7f7f023a52956a65248a","sellTxId":"37c8fe012c25893695f54149c6ee400bdcc5525b"}
{"index": {"_index":"lolz","_id":"3405198"}}
	{"id":3405198,"type":"sell","buyer":"magicbeans","seller":"simplegame","symbol":"LOLZ","quantity":"2.00000000","price":"0.04630001","timestamp":1652286528,"volume":"0.09260002","buyTxId":"333e71dc3e138903da0f7f7f023a52956a65248a","sellTxId":"27617e6e1901e0b9b1c2943a783dd73391b6146c"}
{"index": {"_index":"lolz","_id":"3407383"}}
	{"id":3407383,"type":"sell","buyer":"magicbeans","seller":"xplosive","symbol":"LOLZ","quantity":"2.00000000","price":"0.04630001","timestamp":1652305356,"volume":"0.09260002","buyTxId":"333e71dc3e138903da0f7f7f023a52956a65248a","sellTxId":"1d105dfa010466e68d5cf8802ccfa6395876953f"}
{"index": {"_index":"lolz","_id":"3407921"}}
	{"id":3407921,"type":"sell","buyer":"magicbeans","seller":"alexandrzombi","symbol":"LOLZ","quantity":"0.00002490","price":"0.04630003","timestamp":1652310804,"volume":"0.00000115","buyTxId":"b0e4bcdb6b3dd680f16f93c81d2f3ed898cdde9c","sellTxId":"95e21c566b7625cb5e83e33f8af4e34ccf3fc4b3"}
