{"index": {"_index":"lolz","_id":"3434055"}}
	{"id":3434055,"type":"buy","buyer":"gaboamc2393","seller":"tin.aung.soe","symbol":"LOLZ","quantity":"5.00002560","price":"0.04715001","timestamp":1652590818,"volume":"0.23575126","buyTxId":"2feec87f0843583696a18e4903343bb2b242d29c","sellTxId":"f6f1ea35007910348e68a1f9130ab1f5b5a1c5af"}
{"index": {"_index":"lolz","_id":"3434233"}}
	{"id":3434233,"type":"sell","buyer":"gaboamc2393","seller":"femcy-willcy","symbol":"LOLZ","quantity":"10.00000000","price":"0.04750000","timestamp":1652595435,"volume":"0.47500000","buyTxId":"2feec87f0843583696a18e4903343bb2b242d29c","sellTxId":"ae168f5115266acdbcae68bdcfc95eb8c3cc1e35"}
{"index": {"_index":"lolz","_id":"3434561"}}
	{"id":3434561,"type":"sell","buyer":"gaboamc2393","seller":"bokica80","symbol":"LOLZ","quantity":"1.00000000","price":"0.04750000","timestamp":1652600325,"volume":"0.04750000","buyTxId":"2feec87f0843583696a18e4903343bb2b242d29c","sellTxId":"9ae44052a34afddc8ab497f824dece0e43077fab"}
{"index": {"_index":"lolz","_id":"3435040"}}
	{"id":3435040,"type":"buy","buyer":"dstampede","seller":"magicbeans","symbol":"LOLZ","quantity":"3.00000000","price":"0.06489989","timestamp":1652607840,"volume":"0.19469967","buyTxId":"d0c4b3be7ec9936370527817c6a3cc11d70545d3","sellTxId":"56385da43870d08d813f80a7372c555269ee9d8f"}
{"index": {"_index":"lolz","_id":"3435141"}}
	{"id":3435141,"type":"buy","buyer":"forsakensushi","seller":"magicbeans","symbol":"LOLZ","quantity":"87.52844422","price":"0.06489989","timestamp":1652609739,"volume":"5.68058640","buyTxId":"096319695b2004d6d100a85ee7f9293976eb82b2","sellTxId":"56385da43870d08d813f80a7372c555269ee9d8f"}
{"index": {"_index":"lolz","_id":"3435142"}}
	{"id":3435142,"type":"buy","buyer":"forsakensushi","seller":"brianhuang","symbol":"LOLZ","quantity":"13.00000000","price":"0.06489990","timestamp":1652609763,"volume":"0.84369870","buyTxId":"78ac9efd62466aade290ed85a5c3de05e085e1ad","sellTxId":"9e5dc835262c814153080bc8aa85b7a64934c545"}
{"index": {"_index":"lolz","_id":"3435143"}}
	{"id":3435143,"type":"buy","buyer":"forsakensushi","seller":"brianhuang","symbol":"LOLZ","quantity":"28.27854680","price":"0.06489990","timestamp":1652609763,"volume":"1.83527486","buyTxId":"78ac9efd62466aade290ed85a5c3de05e085e1ad","sellTxId":"ae257d2269ab3d814fa232fd6604f1045db8d346"}
{"index": {"_index":"lolz","_id":"3435396"}}
	{"id":3435396,"type":"sell","buyer":"magicbeans","seller":"gestion.alive","symbol":"LOLZ","quantity":"19.00497014","price":"0.05000001","timestamp":1652613381,"volume":"0.95024870","buyTxId":"406cbd51649b8a3e7e8bf149faea7a5329dbe92a","sellTxId":"fd0072c7975395e48044d3ddea58533225675e52"}
{"index": {"_index":"lolz","_id":"3435592"}}
	{"id":3435592,"type":"sell","buyer":"magicbeans","seller":"hive-143869","symbol":"LOLZ","quantity":"1.00000000","price":"0.05000001","timestamp":1652616318,"volume":"0.05000001","buyTxId":"406cbd51649b8a3e7e8bf149faea7a5329dbe92a","sellTxId":"1412917ee128d0fd0f5e8479325f809f9c70c56e"}
{"index": {"_index":"lolz","_id":"3435660"}}
	{"id":3435660,"type":"sell","buyer":"magicbeans","seller":"suhlaing","symbol":"LOLZ","quantity":"5.00000000","price":"0.05000001","timestamp":1652617428,"volume":"0.25000005","buyTxId":"406cbd51649b8a3e7e8bf149faea7a5329dbe92a","sellTxId":"e7c7d6d72dc0900c3a0ca1978657ed28e20a9b10"}
{"index": {"_index":"lolz","_id":"3435686"}}
	{"id":3435686,"type":"sell","buyer":"magicbeans","seller":"rzc24-nftbbg","symbol":"LOLZ","quantity":"2.00000000","price":"0.05000001","timestamp":1652618151,"volume":"0.10000002","buyTxId":"406cbd51649b8a3e7e8bf149faea7a5329dbe92a","sellTxId":"9ecfbfe5c29c59b2c69f588ba9cbe48765d5b1aa"}
{"index": {"_index":"lolz","_id":"3435731"}}
	{"id":3435731,"type":"buy","buyer":"forsakensushi","seller":"brianhuang","symbol":"LOLZ","quantity":"96.63744628","price":"0.06489990","timestamp":1652618757,"volume":"6.27176060","buyTxId":"798c3026d04a3a19edc633179726306c878221ad","sellTxId":"ae257d2269ab3d814fa232fd6604f1045db8d346"}
{"index": {"_index":"lolz","_id":"3435785"}}
	{"id":3435785,"type":"sell","buyer":"magicbeans","seller":"silentwill","symbol":"LOLZ","quantity":"8.00000000","price":"0.05000001","timestamp":1652619678,"volume":"0.40000008","buyTxId":"406cbd51649b8a3e7e8bf149faea7a5329dbe92a","sellTxId":"05e0e98552776cd0b1f2a6bf3e57ae151be8dbf6"}
{"index": {"_index":"lolz","_id":"3436022"}}
	{"id":3436022,"type":"sell","buyer":"magicbeans","seller":"duke77","symbol":"LOLZ","quantity":"1.80000000","price":"0.05000001","timestamp":1652622243,"volume":"0.09000002","buyTxId":"406cbd51649b8a3e7e8bf149faea7a5329dbe92a","sellTxId":"b1028487177ce2d6d1b4a8319e77bb670efe773d"}
{"index": {"_index":"lolz","_id":"3436375"}}
	{"id":3436375,"type":"sell","buyer":"magicbeans","seller":"captainquack22","symbol":"LOLZ","quantity":"18","price":"0.05000001","timestamp":1652625513,"volume":"0.90000018","buyTxId":"406cbd51649b8a3e7e8bf149faea7a5329dbe92a","sellTxId":"85af5067fa1b0dc163992bbb27bda0ef0eea2c2b"}
{"index": {"_index":"lolz","_id":"3436641"}}
	{"id":3436641,"type":"buy","buyer":"forsakensushi","seller":"steem82868","symbol":"LOLZ","quantity":"23.98211358","price":"0.06280000","timestamp":1652628507,"volume":"1.50607673","buyTxId":"0953a757ad457da0c68df4a120ae1478e5183243","sellTxId":"1accf2e81351b4d62a12393f9dd7170d6350adc9"}
{"index": {"_index":"lolz","_id":"3436643"}}
	{"id":3436643,"type":"buy","buyer":"forsakensushi","seller":"brianhuang","symbol":"LOLZ","quantity":"23.08400692","price":"0.06489990","timestamp":1652628585,"volume":"1.49814974","buyTxId":"1a7c7d28f6a7063ae83c28b5d9cb6b73fe01e020","sellTxId":"ae257d2269ab3d814fa232fd6604f1045db8d346"}
{"index": {"_index":"lolz","_id":"3436644"}}
	{"id":3436644,"type":"buy","buyer":"forsakensushi","seller":"gaboamc2393","symbol":"LOLZ","quantity":"5.00002560","price":"0.06500000","timestamp":1652628585,"volume":"0.32500166","buyTxId":"1a7c7d28f6a7063ae83c28b5d9cb6b73fe01e020","sellTxId":"fbeb72068c96942529db5c95ed8ec71e954b5925"}
{"index": {"_index":"lolz","_id":"3436729"}}
	{"id":3436729,"type":"buy","buyer":"forsakensushi","seller":"roger.remix","symbol":"LOLZ","quantity":"30.00000000","price":"0.06780000","timestamp":1652629329,"volume":"2.03400000","buyTxId":"f60314c5d48f3f9020f3e1a80c676e82f706c133","sellTxId":"cd040a22811dbecc5629af86a53afd371dbcc5b3"}
{"index": {"_index":"lolz","_id":"3437180"}}
	{"id":3437180,"type":"buy","buyer":"edgerik","seller":"ben.haase","symbol":"LOLZ","quantity":"1.00000000","price":"0.06764449","timestamp":1652633874,"volume":"0.06764449","buyTxId":"17eb2d8cea25c67b046ee660f5e62c51196d72cb","sellTxId":"074dc1e5c0d208e8284e472c3164174646c8b24b"}
{"index": {"_index":"lolz","_id":"3437181"}}
	{"id":3437181,"type":"buy","buyer":"edgerik","seller":"roger.remix","symbol":"LOLZ","quantity":"1.00000000","price":"0.06780000","timestamp":1652633874,"volume":"0.06780000","buyTxId":"17eb2d8cea25c67b046ee660f5e62c51196d72cb","sellTxId":"cd040a22811dbecc5629af86a53afd371dbcc5b3"}
{"index": {"_index":"lolz","_id":"3437338"}}
	{"id":3437338,"type":"sell","buyer":"magicbeans","seller":"osomar357","symbol":"LOLZ","quantity":"1.00000000","price":"0.05000001","timestamp":1652635626,"volume":"0.05000001","buyTxId":"406cbd51649b8a3e7e8bf149faea7a5329dbe92a","sellTxId":"58db28a252fd483ddeaba7da2388568516b81e4e"}
{"index": {"_index":"lolz","_id":"3437582"}}
	{"id":3437582,"type":"buy","buyer":"dechuck","seller":"roger.remix","symbol":"LOLZ","quantity":"0.08200000","price":"0.06780000","timestamp":1652637498,"volume":"0.00555960","buyTxId":"df15a2a0e3472cd7170227a084974e29751e5be0","sellTxId":"cd040a22811dbecc5629af86a53afd371dbcc5b3"}
{"index": {"_index":"lolz","_id":"3437860"}}
	{"id":3437860,"type":"sell","buyer":"magicbeans","seller":"criptosectadepit","symbol":"LOLZ","quantity":"2.00000000","price":"0.05000001","timestamp":1652640306,"volume":"0.10000002","buyTxId":"406cbd51649b8a3e7e8bf149faea7a5329dbe92a","sellTxId":"a1181289945fd2d535276388fc7ad5ee2e62a9f5"}
{"index": {"_index":"lolz","_id":"3438184"}}
	{"id":3438184,"type":"sell","buyer":"magicbeans","seller":"egistar","symbol":"LOLZ","quantity":"4","price":"0.05000001","timestamp":1652643210,"volume":"0.20000004","buyTxId":"406cbd51649b8a3e7e8bf149faea7a5329dbe92a","sellTxId":"e26d992fb91db1f1cb736fd5418d368ca03c0a2b"}
{"index": {"_index":"lolz","_id":"3438326"}}
	{"id":3438326,"type":"sell","buyer":"magicbeans","seller":"simplegame","symbol":"LOLZ","quantity":"4.00000000","price":"0.05000001","timestamp":1652644509,"volume":"0.20000004","buyTxId":"406cbd51649b8a3e7e8bf149faea7a5329dbe92a","sellTxId":"25058a37c60a35df7da19f1a9d90030c681e46bf"}
{"index": {"_index":"lolz","_id":"3438655"}}
	{"id":3438655,"type":"sell","buyer":"magicbeans","seller":"cursephantom","symbol":"LOLZ","quantity":"2.00000000","price":"0.05000001","timestamp":1652648913,"volume":"0.10000002","buyTxId":"406cbd51649b8a3e7e8bf149faea7a5329dbe92a","sellTxId":"1dba9b5cc0c69e749061e60616346552897b03e3"}
{"index": {"_index":"lolz","_id":"3438868"}}
	{"id":3438868,"type":"sell","buyer":"magicbeans","seller":"pixresteemer","symbol":"LOLZ","quantity":"1.00000000","price":"0.05000001","timestamp":1652651028,"volume":"0.05000001","buyTxId":"406cbd51649b8a3e7e8bf149faea7a5329dbe92a","sellTxId":"30762daf8322784bd91d115016e6478b70a5eb9c"}
{"index": {"_index":"lolz","_id":"3439089"}}
	{"id":3439089,"type":"buy","buyer":"stayten","seller":"roger.remix","symbol":"LOLZ","quantity":"58.14963338","price":"0.06780000","timestamp":1652653902,"volume":"3.94254514","buyTxId":"b8c95ac6b91e9a8286b87747f5e3d324476d581c","sellTxId":"cd040a22811dbecc5629af86a53afd371dbcc5b3"}
{"index": {"_index":"lolz","_id":"3439090"}}
	{"id":3439090,"type":"buy","buyer":"stayten","seller":"roger.remix","symbol":"LOLZ","quantity":"7.62832330","price":"0.06899998","timestamp":1652653902,"volume":"0.52635416","buyTxId":"b8c95ac6b91e9a8286b87747f5e3d324476d581c","sellTxId":"5346b5eecf0a5adea67f5f45e8a0ce7ca70888fa"}
{"index": {"_index":"lolz","_id":"3439091"}}
	{"id":3439091,"type":"buy","buyer":"stayten","seller":"szmobacsi","symbol":"LOLZ","quantity":"4.22204332","price":"0.06900000","timestamp":1652653902,"volume":"0.29132099","buyTxId":"b8c95ac6b91e9a8286b87747f5e3d324476d581c","sellTxId":"6bc5ef897e402518d7c04042687999d8dc305faf"}
{"index": {"_index":"lolz","_id":"3439093"}}
	{"id":3439093,"type":"buy","buyer":"stayten","seller":"szmobacsi","symbol":"LOLZ","quantity":"5.77795668","price":"0.06900000","timestamp":1652653974,"volume":"0.39867901","buyTxId":"85ba9baa066e3edc44e6cf9b6c1d91ddd54fb5b6","sellTxId":"6bc5ef897e402518d7c04042687999d8dc305faf"}
{"index": {"_index":"lolz","_id":"3439094"}}
	{"id":3439094,"type":"buy","buyer":"stayten","seller":"metronet","symbol":"LOLZ","quantity":"1.00000000","price":"0.07279985","timestamp":1652653974,"volume":"0.07279985","buyTxId":"85ba9baa066e3edc44e6cf9b6c1d91ddd54fb5b6","sellTxId":"c1095629dadb5ba2a363266f3c354b226fa703e2"}
{"index": {"_index":"lolz","_id":"3439095"}}
	{"id":3439095,"type":"buy","buyer":"stayten","seller":"cryptofiloz","symbol":"LOLZ","quantity":"3.22204332","price":"0.07279988","timestamp":1652653974,"volume":"0.23456437","buyTxId":"85ba9baa066e3edc44e6cf9b6c1d91ddd54fb5b6","sellTxId":"e041cb487d588e454905f7093262e27dbd397f6e"}
{"index": {"_index":"lolz","_id":"3439320"}}
	{"id":3439320,"type":"sell","buyer":"magicbeans","seller":"tin.aung.soe","symbol":"LOLZ","quantity":"27.00000000","price":"0.05500001","timestamp":1652656800,"volume":"1.48500027","buyTxId":"a9e47ef5aa39043018246f49b571e3705fcc3e9a","sellTxId":"43b273b32b093f0e57eceba87cf3d854dbaabc71"}
{"index": {"_index":"lolz","_id":"3439346"}}
	{"id":3439346,"type":"sell","buyer":"magicbeans","seller":"alexandrzombi","symbol":"LOLZ","quantity":"0.00002572","price":"0.05500001","timestamp":1652657205,"volume":"0.00000141","buyTxId":"a9e47ef5aa39043018246f49b571e3705fcc3e9a","sellTxId":"4c36fd19c5347466855036d490e193b649ae9f11"}
{"index": {"_index":"lolz","_id":"3439635"}}
	{"id":3439635,"type":"buy","buyer":"andy4475","seller":"cryptofiloz","symbol":"LOLZ","quantity":"6.77795668","price":"0.07279988","timestamp":1652661270,"volume":"0.49343443","buyTxId":"cefb3419e56935dfc1db003ac723dcf38cc71258","sellTxId":"e041cb487d588e454905f7093262e27dbd397f6e"}
{"index": {"_index":"lolz","_id":"3439636"}}
	{"id":3439636,"type":"buy","buyer":"andy4475","seller":"pinkhub","symbol":"LOLZ","quantity":"3.00000000","price":"0.07999995","timestamp":1652661270,"volume":"0.23999985","buyTxId":"cefb3419e56935dfc1db003ac723dcf38cc71258","sellTxId":"4a7383d61e46d41d807d74cf0cda50b78cfc46b6"}
{"index": {"_index":"lolz","_id":"3439656"}}
	{"id":3439656,"type":"buy","buyer":"magicbeans","seller":"baconface","symbol":"LOLZ","quantity":"0.01240448","price":"0.09360000","timestamp":1652661768,"volume":"0.00116106","buyTxId":"874994433021507cc6585d341b3062a4d39e4278","sellTxId":"e72a6a1e8ea0d37d7227c4884bd1538b26e5c7da"}
{"index": {"_index":"lolz","_id":"3439657"}}
	{"id":3439657,"type":"buy","buyer":"magicbeans","seller":"baconface","symbol":"LOLZ","quantity":"0.01240448","price":"0.12168000","timestamp":1652661768,"volume":"0.00150938","buyTxId":"874994433021507cc6585d341b3062a4d39e4278","sellTxId":"2dd6c30243f1f7e6ab9aa2584e0e5b1a7df6607c"}
{"index": {"_index":"lolz","_id":"3439740"}}
	{"id":3439740,"type":"sell","buyer":"andy4475","seller":"jacksonizer","symbol":"LOLZ","quantity":"0.22204332","price":"0.07999995","timestamp":1652663313,"volume":"0.01776345","buyTxId":"cefb3419e56935dfc1db003ac723dcf38cc71258","sellTxId":"57535fdd6b2b2e5c63a28402c040f66e31016ab9"}
{"index": {"_index":"lolz","_id":"3439741"}}
	{"id":3439741,"type":"sell","buyer":"magicbeans","seller":"jacksonizer","symbol":"LOLZ","quantity":"1.77795668","price":"0.05500001","timestamp":1652663313,"volume":"0.09778764","buyTxId":"a9e47ef5aa39043018246f49b571e3705fcc3e9a","sellTxId":"57535fdd6b2b2e5c63a28402c040f66e31016ab9"}
{"index": {"_index":"lolz","_id":"3439917"}}
	{"id":3439917,"type":"sell","buyer":"magicbeans","seller":"bearbear613","symbol":"LOLZ","quantity":"1.00000000","price":"0.05500001","timestamp":1652665656,"volume":"0.05500001","buyTxId":"a9e47ef5aa39043018246f49b571e3705fcc3e9a","sellTxId":"2b6fcc612c7a9da6b0d1890aa4719309c7689b48"}
