{"index": {"_index":"lolz","_id":"4096633"}}
	{"id":4096633,"type":"sell","buyer":"zionazrael","seller":"ydaiznfts","symbol":"LOLZ","quantity":"4.09257805","price":"0.04000001","timestamp":1660015431,"volume":"0.16370316","buyTxId":"ae50d1d751a72a64855ce3ee5d683d6792821de2","sellTxId":"97d65f21aff75cde838b4d1d3a387df32a50ab7e"}
{"index": {"_index":"lolz","_id":"4097338"}}
	{"id":4097338,"type":"sell","buyer":"zionazrael","seller":"jazzy09","symbol":"LOLZ","quantity":"1.00000000","price":"0.04000001","timestamp":1660027434,"volume":"0.04000001","buyTxId":"ae50d1d751a72a64855ce3ee5d683d6792821de2","sellTxId":"23da09fd2fdb10222aab976683240d4e48baf0ba"}
{"index": {"_index":"lolz","_id":"4097348"}}
	{"id":4097348,"type":"sell","buyer":"zionazrael","seller":"captainquack22","symbol":"LOLZ","quantity":"6","price":"0.04000001","timestamp":1660027557,"volume":"0.24000006","buyTxId":"ae50d1d751a72a64855ce3ee5d683d6792821de2","sellTxId":"edb54e9d02337bc2edd6aab4a27b2a9553a573a3"}
{"index": {"_index":"lolz","_id":"4097438"}}
	{"id":4097438,"type":"sell","buyer":"zionazrael","seller":"hive-143869","symbol":"LOLZ","quantity":"3.00003940","price":"0.04000001","timestamp":1660028655,"volume":"0.12000161","buyTxId":"ae50d1d751a72a64855ce3ee5d683d6792821de2","sellTxId":"0711521af509f3ba94fac3b82a21de35959fa74f"}
{"index": {"_index":"lolz","_id":"4097501"}}
	{"id":4097501,"type":"sell","buyer":"cryptounicorn420","seller":"siberian12","symbol":"LOLZ","quantity":"4.00008382","price":"0.04000000","timestamp":1660029612,"volume":"0.16000335","buyTxId":"1643b866edd18449bc75eefa4c67d013203cfe36","sellTxId":"1faf606fbc8da011270bc6d1d86dae165ebb05c7"}
{"index": {"_index":"lolz","_id":"4097519"}}
	{"id":4097519,"type":"sell","buyer":"cryptounicorn420","seller":"lifeskills-tv","symbol":"LOLZ","quantity":"2.10190160","price":"0.04000000","timestamp":1660029885,"volume":"0.08407606","buyTxId":"1643b866edd18449bc75eefa4c67d013203cfe36","sellTxId":"d3b8273b965a443a499e06f3deb5b1c0b3e7442c"}
{"index": {"_index":"lolz","_id":"4097828"}}
	{"id":4097828,"type":"sell","buyer":"sportsbuddy","seller":"quotidien","symbol":"LOLZ","quantity":"2.00000000","price":"0.04009999","timestamp":1660034748,"volume":"0.08019998","buyTxId":"e553ac664c4f7786414534979bc443598b902986","sellTxId":"6e05baa82d132092d740a8164658a3c62b3f1bcb"}
{"index": {"_index":"lolz","_id":"4097984"}}
	{"id":4097984,"type":"sell","buyer":"sportsbuddy","seller":"metronet","symbol":"LOLZ","quantity":"3.71616667","price":"0.04009999","timestamp":1660037223,"volume":"0.14901825","buyTxId":"e553ac664c4f7786414534979bc443598b902986","sellTxId":"7e0bd997d28bbf2e3a9e4b93c26c588f00bc5364"}
{"index": {"_index":"lolz","_id":"4098001"}}
	{"id":4098001,"type":"sell","buyer":"sportsbuddy","seller":"lightcaptured","symbol":"LOLZ","quantity":"1.01944166","price":"0.04009999","timestamp":1660037622,"volume":"0.04087960","buyTxId":"e553ac664c4f7786414534979bc443598b902986","sellTxId":"6c7c02db1de99e3d0a69360f1c3089c9d2dfc43f"}
{"index": {"_index":"lolz","_id":"4098104"}}
	{"id":4098104,"type":"sell","buyer":"sportsbuddy","seller":"dotwin1981","symbol":"LOLZ","quantity":"2","price":"0.04009999","timestamp":1660040169,"volume":"0.08019998","buyTxId":"e553ac664c4f7786414534979bc443598b902986","sellTxId":"92dfd34bbd219df7e022f2c32522dc0539e059c1"}
{"index": {"_index":"lolz","_id":"4098406"}}
	{"id":4098406,"type":"sell","buyer":"sportsbuddy","seller":"laritheghost","symbol":"LOLZ","quantity":"0.22378789","price":"0.04009999","timestamp":1660044270,"volume":"0.00897389","buyTxId":"e553ac664c4f7786414534979bc443598b902986","sellTxId":"62496d967ab98f969eb5c42799f09751c422dbfd"}
{"index": {"_index":"lolz","_id":"4098863"}}
	{"id":4098863,"type":"sell","buyer":"sportsbuddy","seller":"weldmaster","symbol":"LOLZ","quantity":"17.16393305","price":"0.04009999","timestamp":1660052403,"volume":"0.68827354","buyTxId":"e553ac664c4f7786414534979bc443598b902986","sellTxId":"2fc9d7855a11ea0812262f62785955a62e1bf22f"}
{"index": {"_index":"lolz","_id":"4098940"}}
	{"id":4098940,"type":"sell","buyer":"sportsbuddy","seller":"weldmaster","symbol":"LOLZ","quantity":"23.87667073","price":"0.04009999","timestamp":1660053759,"volume":"0.95745426","buyTxId":"e553ac664c4f7786414534979bc443598b902986","sellTxId":"201705fa3ea410a7dc10b5932a75b8fe8ac78245"}
{"index": {"_index":"lolz","_id":"4098941"}}
	{"id":4098941,"type":"sell","buyer":"cryptounicorn420","seller":"weldmaster","symbol":"LOLZ","quantity":"170.57997574","price":"0.04000000","timestamp":1660053759,"volume":"6.82319903","buyTxId":"1643b866edd18449bc75eefa4c67d013203cfe36","sellTxId":"201705fa3ea410a7dc10b5932a75b8fe8ac78245"}
{"index": {"_index":"lolz","_id":"4099150"}}
	{"id":4099150,"type":"sell","buyer":"cryptounicorn420","seller":"cliffagreen","symbol":"LOLZ","quantity":"0.97700000","price":"0.04000000","timestamp":1660056480,"volume":"0.03908000","buyTxId":"1643b866edd18449bc75eefa4c67d013203cfe36","sellTxId":"09fbcaf48044e923bca80bab90ce303c5baf3d3c"}
{"index": {"_index":"lolz","_id":"4099475"}}
	{"id":4099475,"type":"sell","buyer":"cryptounicorn420","seller":"silvertop","symbol":"LOLZ","quantity":"4.00000000","price":"0.04000000","timestamp":1660060425,"volume":"0.16000000","buyTxId":"1643b866edd18449bc75eefa4c67d013203cfe36","sellTxId":"c7645e167f736ecd74ab7f5cfa91a72074401170"}
{"index": {"_index":"lolz","_id":"4099686"}}
	{"id":4099686,"type":"sell","buyer":"blitzzzz","seller":"ladymisa","symbol":"LOLZ","quantity":"24.00000000","price":"0.04100001","timestamp":1660064016,"volume":"0.98400024","buyTxId":"84a0b0cfb145eedc455e9bdf2b28093a083b1529","sellTxId":"6e6e3bd34b675f9cffe6fab2e336795407fd4290"}
{"index": {"_index":"lolz","_id":"4099984"}}
	{"id":4099984,"type":"sell","buyer":"dechuck","seller":"captainquack22","symbol":"LOLZ","quantity":"8","price":"0.04100000","timestamp":1660067421,"volume":"0.32800000","buyTxId":"6f230a94c5723cadc9bc357f426fa22e4747a318","sellTxId":"5a8e644eb14b1fe03db6d787ad9856d8d39a955c"}
{"index": {"_index":"lolz","_id":"4100011"}}
	{"id":4100011,"type":"sell","buyer":"dechuck","seller":"tengolotodo","symbol":"LOLZ","quantity":"4.00000000","price":"0.04100000","timestamp":1660067937,"volume":"0.16400000","buyTxId":"6f230a94c5723cadc9bc357f426fa22e4747a318","sellTxId":"56e1f5425e7fa1f9776b93c2e5ce8a921ec02c3d"}
{"index": {"_index":"lolz","_id":"4100012"}}
	{"id":4100012,"type":"sell","buyer":"metzli","seller":"tengolotodo","symbol":"LOLZ","quantity":"0.42000000","price":"0.04100000","timestamp":1660067937,"volume":"0.01722000","buyTxId":"2a697ffd64488311d21f5241dce7520b5f8456f6","sellTxId":"56e1f5425e7fa1f9776b93c2e5ce8a921ec02c3d"}
{"index": {"_index":"lolz","_id":"4100582"}}
	{"id":4100582,"type":"sell","buyer":"cryptounicorn420","seller":"kaunglay2","symbol":"LOLZ","quantity":"3.00000000","price":"0.04000000","timestamp":1660073301,"volume":"0.12000000","buyTxId":"1643b866edd18449bc75eefa4c67d013203cfe36","sellTxId":"7ecf713f7395e2ce4b2151d52567d8264f934491"}
{"index": {"_index":"lolz","_id":"4100742"}}
	{"id":4100742,"type":"sell","buyer":"cryptounicorn420","seller":"yisusth","symbol":"LOLZ","quantity":"1","price":"0.04000000","timestamp":1660076499,"volume":"0.04000000","buyTxId":"1643b866edd18449bc75eefa4c67d013203cfe36","sellTxId":"790b914c9b910938434b04ad53779b9c09bcf711"}
{"index": {"_index":"lolz","_id":"4100814"}}
	{"id":4100814,"type":"sell","buyer":"cryptounicorn420","seller":"onw","symbol":"LOLZ","quantity":"0.13286026","price":"0.04000000","timestamp":1660077792,"volume":"0.00531441","buyTxId":"1643b866edd18449bc75eefa4c67d013203cfe36","sellTxId":"1a7ecc153c0a4007cacde40bbea3ba5dc88561a3"}
{"index": {"_index":"lolz","_id":"4101114"}}
	{"id":4101114,"type":"sell","buyer":"cryptounicorn420","seller":"petertag","symbol":"LOLZ","quantity":"0.02840173","price":"0.04000000","timestamp":1660081272,"volume":"0.00113607","buyTxId":"1643b866edd18449bc75eefa4c67d013203cfe36","sellTxId":"2122f889575e15ba61ef96f87b4e7432855d64fc"}
{"index": {"_index":"lolz","_id":"4101730"}}
	{"id":4101730,"type":"sell","buyer":"cryptounicorn420","seller":"steem82868","symbol":"LOLZ","quantity":"5.31688619","price":"0.04000000","timestamp":1660089795,"volume":"0.21267545","buyTxId":"1643b866edd18449bc75eefa4c67d013203cfe36","sellTxId":"d8e293a418517eccba383382c452ce7344178ca3"}
{"index": {"_index":"lolz","_id":"4101796"}}
	{"id":4101796,"type":"sell","buyer":"cryptounicorn420","seller":"walarhein","symbol":"LOLZ","quantity":"3.92068728","price":"0.04000000","timestamp":1660090458,"volume":"0.15682749","buyTxId":"1643b866edd18449bc75eefa4c67d013203cfe36","sellTxId":"c27742a50d59b40cd08ae8dbb287fcc3c9ae8e3c"}
{"index": {"_index":"lolz","_id":"4101797"}}
	{"id":4101797,"type":"sell","buyer":"cryptounicorn420","seller":"walarhein","symbol":"LOLZ","quantity":"42.07931272","price":"0.04000000","timestamp":1660090458,"volume":"1.68317251","buyTxId":"cdbbc5180942468430f65b4488ccd5b0b0051a6e","sellTxId":"c27742a50d59b40cd08ae8dbb287fcc3c9ae8e3c"}
{"index": {"_index":"lolz","_id":"4102365"}}
	{"id":4102365,"type":"sell","buyer":"cryptounicorn420","seller":"steem82868","symbol":"LOLZ","quantity":"350.00000000","price":"0.04000000","timestamp":1660098966,"volume":"14.00000000","buyTxId":"cdbbc5180942468430f65b4488ccd5b0b0051a6e","sellTxId":"465478bcb3c136f0abcc5b271e17eed0d611d0fa"}
