{"index": {"_index":"lolz","_id":"3209266"}}
	{"id":3209266,"type":"sell","buyer":"arpuch","seller":"rzc24-nftbbg","symbol":"LOLZ","quantity":"4.00000000","price":"0.03710000","timestamp":1650076929,"volume":"0.14840000","buyTxId":"184d698d461d6047b7346f3a8051f88beff51a26","sellTxId":"49f33220ff55e2c4dac0949090913f6611d43097"}
{"index": {"_index":"lolz","_id":"3209647"}}
	{"id":3209647,"type":"sell","buyer":"arpuch","seller":"dswap","symbol":"LOLZ","quantity":"1","price":"0.03710000","timestamp":1650081441,"volume":"0.03710000","buyTxId":"184d698d461d6047b7346f3a8051f88beff51a26","sellTxId":"aadcda0985fab0fbe816778ab77a80190611de47"}
{"index": {"_index":"lolz","_id":"3210171"}}
	{"id":3210171,"type":"sell","buyer":"arpuch","seller":"robibasa","symbol":"LOLZ","quantity":"7.00000000","price":"0.03710000","timestamp":1650090483,"volume":"0.25970000","buyTxId":"184d698d461d6047b7346f3a8051f88beff51a26","sellTxId":"238739252c4738ca1dd93aab8147bf0ce716f47a"}
{"index": {"_index":"lolz","_id":"3210613"}}
	{"id":3210613,"type":"sell","buyer":"arpuch","seller":"splinter100dedos","symbol":"LOLZ","quantity":"3.00000000","price":"0.03710000","timestamp":1650095763,"volume":"0.11130000","buyTxId":"184d698d461d6047b7346f3a8051f88beff51a26","sellTxId":"6be8f60088cc089d7ca7665ae4706f868172942b"}
{"index": {"_index":"lolz","_id":"3211200"}}
	{"id":3211200,"type":"sell","buyer":"arpuch","seller":"gestion.alive","symbol":"LOLZ","quantity":"27.00620893","price":"0.03710000","timestamp":1650105054,"volume":"1.00193035","buyTxId":"184d698d461d6047b7346f3a8051f88beff51a26","sellTxId":"e19ff293befa17f453a7b71a076bbf1dd7e4c02d"}
{"index": {"_index":"lolz","_id":"3211861"}}
	{"id":3211861,"type":"sell","buyer":"arpuch","seller":"steem82868","symbol":"LOLZ","quantity":"1.57269105","price":"0.03710000","timestamp":1650112809,"volume":"0.05834684","buyTxId":"184d698d461d6047b7346f3a8051f88beff51a26","sellTxId":"8cfaaffc9a45f8150880a9469d43b86106e936db"}
{"index": {"_index":"lolz","_id":"3212105"}}
	{"id":3212105,"type":"sell","buyer":"arpuch","seller":"elricmoonslayer","symbol":"LOLZ","quantity":"1.00000000","price":"0.03710000","timestamp":1650116097,"volume":"0.03710000","buyTxId":"184d698d461d6047b7346f3a8051f88beff51a26","sellTxId":"43229d6a3786020a3866b574cabb5748f2d7caf3"}
{"index": {"_index":"lolz","_id":"3212528"}}
	{"id":3212528,"type":"sell","buyer":"arpuch","seller":"simplegame","symbol":"LOLZ","quantity":"2.00000000","price":"0.03710000","timestamp":1650120630,"volume":"0.07420000","buyTxId":"184d698d461d6047b7346f3a8051f88beff51a26","sellTxId":"cbd7846ecdcd1457c7ae066338d9c6a6ee20296d"}
{"index": {"_index":"lolz","_id":"3212939"}}
	{"id":3212939,"type":"sell","buyer":"arpuch","seller":"phortun","symbol":"LOLZ","quantity":"1","price":"0.03710000","timestamp":1650125457,"volume":"0.03710000","buyTxId":"184d698d461d6047b7346f3a8051f88beff51a26","sellTxId":"2216b2969dff5ac79e2d562cbc129d38f01a77de"}
{"index": {"_index":"lolz","_id":"3213427"}}
	{"id":3213427,"type":"sell","buyer":"magicbeans","seller":"mangomayhem","symbol":"LOLZ","quantity":"1.00000000","price":"0.03710001","timestamp":1650130773,"volume":"0.03710001","buyTxId":"e2b74e50aa5d25dcd39810c1f6156b0ca4bcc7b7","sellTxId":"936496a64a8faaa99f384c6f7cc5732cce01c466"}
{"index": {"_index":"lolz","_id":"3214462"}}
	{"id":3214462,"type":"sell","buyer":"magicbeans","seller":"cryptobyers","symbol":"LOLZ","quantity":"6","price":"0.03720000","timestamp":1650141120,"volume":"0.22320000","buyTxId":"b773d44d3c8a0cdc274864822e59b96042260597","sellTxId":"85fe3ed97cecf985e8b206b81670f18190ba3429"}
{"index": {"_index":"lolz","_id":"3214606"}}
	{"id":3214606,"type":"sell","buyer":"magicbeans","seller":"simplegame","symbol":"LOLZ","quantity":"1.00000000","price":"0.03720000","timestamp":1650142731,"volume":"0.03720000","buyTxId":"b773d44d3c8a0cdc274864822e59b96042260597","sellTxId":"18e9dde5f339efa23e4382102d8a31f6264de8d9"}
{"index": {"_index":"lolz","_id":"3214628"}}
	{"id":3214628,"type":"sell","buyer":"magicbeans","seller":"valentin86","symbol":"LOLZ","quantity":"50.00000000","price":"0.03720000","timestamp":1650143010,"volume":"1.86000000","buyTxId":"b773d44d3c8a0cdc274864822e59b96042260597","sellTxId":"013904a5116432fd25d8b02c510a928c0ab73e46"}
{"index": {"_index":"lolz","_id":"3214688"}}
	{"id":3214688,"type":"sell","buyer":"magicbeans","seller":"pompe72","symbol":"LOLZ","quantity":"1","price":"0.03720000","timestamp":1650143802,"volume":"0.03720000","buyTxId":"b773d44d3c8a0cdc274864822e59b96042260597","sellTxId":"4af82b08e88050e2f3d0c5a0e241e4abab10d6dc"}
{"index": {"_index":"lolz","_id":"3214823"}}
	{"id":3214823,"type":"sell","buyer":"magicbeans","seller":"bitcoinflood","symbol":"LOLZ","quantity":"1.00043594","price":"0.03720000","timestamp":1650145632,"volume":"0.03721622","buyTxId":"b773d44d3c8a0cdc274864822e59b96042260597","sellTxId":"b515cc2def13ed4248d4593deb2f5b183c795029"}
{"index": {"_index":"lolz","_id":"3216131"}}
	{"id":3216131,"type":"sell","buyer":"gaboamc2393","seller":"arthursiq5","symbol":"LOLZ","quantity":"1.00000000","price":"0.03730000","timestamp":1650162969,"volume":"0.03730000","buyTxId":"d09b2bfa8dce8d6249361abcc75105257489a760","sellTxId":"9e4b87a1e967366a97f4a4621d75275c2632916d"}
