{"index": {"_index":"lolz","_id":"3746267"}}
	{"id":3746267,"type":"buy","buyer":"thatcryptodave","seller":"onlydoge","symbol":"LOLZ","quantity":"0.55043512","price":"0.07498000","timestamp":1655869167,"volume":"0.04127163","buyTxId":"4c358f44c4e9ad9d2aa35ee4721570f89726ead6","sellTxId":"9dfc2b43a1e664e0a6d303121c778017aa6ba288"}
{"index": {"_index":"lolz","_id":"3746356"}}
	{"id":3746356,"type":"sell","buyer":"onlydoge","seller":"captainquack22","symbol":"LOLZ","quantity":"2","price":"0.05357000","timestamp":1655870604,"volume":"0.10714000","buyTxId":"dfe4d2335607e2744b1cbb2ae1c0ae46f722b9b6","sellTxId":"6879540022caaf0f4e74f46632c7fe0ae234537e"}
{"index": {"_index":"lolz","_id":"3747071"}}
	{"id":3747071,"type":"sell","buyer":"onlydoge","seller":"minava.museum","symbol":"LOLZ","quantity":"1.00000000","price":"0.05357000","timestamp":1655881788,"volume":"0.05357000","buyTxId":"dfe4d2335607e2744b1cbb2ae1c0ae46f722b9b6","sellTxId":"1a504ba739c693a187ec239fe7eca2779d860cfc"}
{"index": {"_index":"lolz","_id":"3747126"}}
	{"id":3747126,"type":"sell","buyer":"onlydoge","seller":"sreypov","symbol":"LOLZ","quantity":"1.00000000","price":"0.05357000","timestamp":1655882559,"volume":"0.05357000","buyTxId":"dfe4d2335607e2744b1cbb2ae1c0ae46f722b9b6","sellTxId":"2e46f3f6fe0684fdad5d3395bcd4d1af52fa0d9e"}
{"index": {"_index":"lolz","_id":"3747461"}}
	{"id":3747461,"type":"sell","buyer":"onlydoge","seller":"dotwin1981","symbol":"LOLZ","quantity":"5.00000000","price":"0.05357000","timestamp":1655886855,"volume":"0.26785000","buyTxId":"dfe4d2335607e2744b1cbb2ae1c0ae46f722b9b6","sellTxId":"2aeb07bdd8f19e9b66e775dc4afcb644c2a0e18c"}
{"index": {"_index":"lolz","_id":"3747763"}}
	{"id":3747763,"type":"sell","buyer":"onlydoge","seller":"leslieq78","symbol":"LOLZ","quantity":"1.00000000","price":"0.05357000","timestamp":1655889990,"volume":"0.05357000","buyTxId":"dfe4d2335607e2744b1cbb2ae1c0ae46f722b9b6","sellTxId":"901f537fb8d15688e2eb84b79324cb81e2d0beb6"}
{"index": {"_index":"lolz","_id":"3747825"}}
	{"id":3747825,"type":"sell","buyer":"onlydoge","seller":"lebah","symbol":"LOLZ","quantity":"4.00000000","price":"0.05357000","timestamp":1655890797,"volume":"0.21428000","buyTxId":"dfe4d2335607e2744b1cbb2ae1c0ae46f722b9b6","sellTxId":"7e8d29d41d232342f9f9104af3555955cbe0f994"}
{"index": {"_index":"lolz","_id":"3748024"}}
	{"id":3748024,"type":"sell","buyer":"onlydoge","seller":"manuelgil64","symbol":"LOLZ","quantity":"1.00000000","price":"0.05357000","timestamp":1655894442,"volume":"0.05357000","buyTxId":"dfe4d2335607e2744b1cbb2ae1c0ae46f722b9b6","sellTxId":"8f59eb51a4c18f0248287f6aa1753d5f63a2c5c2"}
{"index": {"_index":"lolz","_id":"3748421"}}
	{"id":3748421,"type":"sell","buyer":"onlydoge","seller":"martinni","symbol":"LOLZ","quantity":"2.00000000","price":"0.05357000","timestamp":1655899938,"volume":"0.10714000","buyTxId":"dfe4d2335607e2744b1cbb2ae1c0ae46f722b9b6","sellTxId":"49f40dd6a88e4858d67653d9521b65295ed7a57c"}
{"index": {"_index":"lolz","_id":"3748637"}}
	{"id":3748637,"type":"sell","buyer":"onlydoge","seller":"dswap","symbol":"LOLZ","quantity":"0.5","price":"0.05357000","timestamp":1655902332,"volume":"0.02678500","buyTxId":"dfe4d2335607e2744b1cbb2ae1c0ae46f722b9b6","sellTxId":"f35230a2ef614965fdac09547fadb200699946f7"}
{"index": {"_index":"lolz","_id":"3748671"}}
	{"id":3748671,"type":"sell","buyer":"onlydoge","seller":"dswap","symbol":"LOLZ","quantity":"0.5","price":"0.05357000","timestamp":1655902617,"volume":"0.02678500","buyTxId":"dfe4d2335607e2744b1cbb2ae1c0ae46f722b9b6","sellTxId":"277e511bb237ae8c1da942ad3ae2fef4a090e15e"}
{"index": {"_index":"lolz","_id":"3748958"}}
	{"id":3748958,"type":"sell","buyer":"onlydoge","seller":"fnvdesigns","symbol":"LOLZ","quantity":"4.59253556","price":"0.05357000","timestamp":1655905290,"volume":"0.24602213","buyTxId":"dfe4d2335607e2744b1cbb2ae1c0ae46f722b9b6","sellTxId":"3b35b3227814a74b1fb9657804f58cab79f0132a"}
{"index": {"_index":"lolz","_id":"3749136"}}
	{"id":3749136,"type":"sell","buyer":"onlydoge","seller":"caelum1infernum","symbol":"LOLZ","quantity":"0.00076058","price":"0.05357000","timestamp":1655906571,"volume":"0.00004074","buyTxId":"dfe4d2335607e2744b1cbb2ae1c0ae46f722b9b6","sellTxId":"a06daf94dbf8d87d1c5c44d2836fbd9fa8e93033"}
{"index": {"_index":"lolz","_id":"3749230"}}
	{"id":3749230,"type":"buy","buyer":"kqaosphreak","seller":"funnyfunmemes","symbol":"LOLZ","quantity":"1.00000000","price":"0.07497998","timestamp":1655907279,"volume":"0.07497998","buyTxId":"692077f122cbec1fb3b1e646e354f96404dadff5","sellTxId":"a00dc29a5178591a6a0f419dcaad778493123016"}
{"index": {"_index":"lolz","_id":"3749303"}}
	{"id":3749303,"type":"sell","buyer":"onlydoge","seller":"noblebright","symbol":"LOLZ","quantity":"1.13980126","price":"0.05357000","timestamp":1655907789,"volume":"0.06105915","buyTxId":"dfe4d2335607e2744b1cbb2ae1c0ae46f722b9b6","sellTxId":"530e618b0acb0583a7f07076f208277118b2febc"}
{"index": {"_index":"lolz","_id":"3749372"}}
	{"id":3749372,"type":"sell","buyer":"onlydoge","seller":"lisamgentile1961","symbol":"LOLZ","quantity":"1.22255502","price":"0.05357000","timestamp":1655908230,"volume":"0.06549227","buyTxId":"dfe4d2335607e2744b1cbb2ae1c0ae46f722b9b6","sellTxId":"46463ad075e47526dbed47c5c6b7e1b8332d26d0"}
{"index": {"_index":"lolz","_id":"3749438"}}
	{"id":3749438,"type":"sell","buyer":"onlydoge","seller":"kolbjorn","symbol":"LOLZ","quantity":"8.10121755","price":"0.05357000","timestamp":1655908851,"volume":"0.43398222","buyTxId":"dfe4d2335607e2744b1cbb2ae1c0ae46f722b9b6","sellTxId":"0e2b5ec9ea93be995aacc86537d51fdb3cab1468"}
{"index": {"_index":"lolz","_id":"3749877"}}
	{"id":3749877,"type":"sell","buyer":"onlydoge","seller":"barski","symbol":"LOLZ","quantity":"141.67588782","price":"0.05357000","timestamp":1655913078,"volume":"7.58957731","buyTxId":"dfe4d2335607e2744b1cbb2ae1c0ae46f722b9b6","sellTxId":"eea087e8f1e03b8f2d5156a8d71264914d325ed4"}
{"index": {"_index":"lolz","_id":"3749885"}}
	{"id":3749885,"type":"sell","buyer":"ana-maria","seller":"barski","symbol":"LOLZ","quantity":"63.97428417","price":"0.05355501","timestamp":1655913159,"volume":"3.42614343","buyTxId":"35d5231111461ed0c3ab92288e948c374ba51594","sellTxId":"1b8d362268b0e6fc86f5e98a792240f1ade891ad"}
{"index": {"_index":"lolz","_id":"3749891"}}
	{"id":3749891,"type":"sell","buyer":"papacrusher","seller":"barski","symbol":"LOLZ","quantity":"3.09043941","price":"0.05355500","timestamp":1655913186,"volume":"0.16550848","buyTxId":"a2110be23d427d0122125a80ea71e1de184e112e","sellTxId":"86419a2c9e88ef31266ba087d0040c6fc1286bcd"}
{"index": {"_index":"lolz","_id":"3749896"}}
	{"id":3749896,"type":"sell","buyer":"dailygiveaways","seller":"barski","symbol":"LOLZ","quantity":"151.99930527","price":"0.05300021","timestamp":1655913210,"volume":"8.05599510","buyTxId":"fa9475231abbe368ab8506eeab8f8831faf39ab1","sellTxId":"9fece3bb13884a87f565d005771d3691a3fe41fb"}
{"index": {"_index":"lolz","_id":"3749914"}}
	{"id":3749914,"type":"buy","buyer":"pjansen","seller":"barski","symbol":"LOLZ","quantity":"39.26805678","price":"0.05300021","timestamp":1655913315,"volume":"2.08121526","buyTxId":"c1c30d9115ee36273d4426b1de476893bf56d0c0","sellTxId":"a337cc4260ddaa3c9ea35ba06711c248b17afd2d"}
{"index": {"_index":"lolz","_id":"3749915"}}
	{"id":3749915,"type":"buy","buyer":"pjansen","seller":"onlydoge","symbol":"LOLZ","quantity":"0.00246418","price":"0.07497000","timestamp":1655913315,"volume":"0.00018474","buyTxId":"c1c30d9115ee36273d4426b1de476893bf56d0c0","sellTxId":"0eeb28e7e6b9ba45e5a57bdb33134f69cc52183d"}
{"index": {"_index":"lolz","_id":"3749951"}}
	{"id":3749951,"type":"sell","buyer":"rayius","seller":"astrocreator","symbol":"LOLZ","quantity":"43.00000000","price":"0.05300020","timestamp":1655913654,"volume":"2.27900860","buyTxId":"5aead52ebadb43a934f4e6b7b2cb8cdfc55aaf41","sellTxId":"56c3bf6fe2df6969c75bd9e0bdfa2cc03815f195"}
{"index": {"_index":"lolz","_id":"3750273"}}
	{"id":3750273,"type":"buy","buyer":"aliveprojects","seller":"onlydoge","symbol":"LOLZ","quantity":"44.44284362","price":"0.07497000","timestamp":1655915976,"volume":"3.33187999","buyTxId":"a2e2fc3a1a3f8f9c859de807e7670b346d7ef55c","sellTxId":"0eeb28e7e6b9ba45e5a57bdb33134f69cc52183d"}
{"index": {"_index":"lolz","_id":"3750274"}}
	{"id":3750274,"type":"buy","buyer":"aliveprojects","seller":"ben.haase","symbol":"LOLZ","quantity":"0.17712381","price":"0.07497999","timestamp":1655915976,"volume":"0.01328074","buyTxId":"a2e2fc3a1a3f8f9c859de807e7670b346d7ef55c","sellTxId":"d25a3a2c0a8c65f71f6bdb8788bafade52f76778"}
{"index": {"_index":"lolz","_id":"3750275"}}
	{"id":3750275,"type":"buy","buyer":"aliveprojects","seller":"marketroll","symbol":"LOLZ","quantity":"47.35682949","price":"0.07499000","timestamp":1655915976,"volume":"3.55128864","buyTxId":"a2e2fc3a1a3f8f9c859de807e7670b346d7ef55c","sellTxId":"aa347f565b8fc32465353a1ee083871924a07454"}
{"index": {"_index":"lolz","_id":"3750276"}}
	{"id":3750276,"type":"buy","buyer":"aliveprojects","seller":"alexandrzombi","symbol":"LOLZ","quantity":"0.00004006","price":"0.07499000","timestamp":1655915976,"volume":"0.00000300","buyTxId":"a2e2fc3a1a3f8f9c859de807e7670b346d7ef55c","sellTxId":"56f91a4a3a5a18195e22e8c98a4a46eb7cc52da2"}
{"index": {"_index":"lolz","_id":"3750277"}}
	{"id":3750277,"type":"buy","buyer":"aliveprojects","seller":"gaboamc2393","symbol":"LOLZ","quantity":"6.22917200","price":"0.07500000","timestamp":1655915976,"volume":"0.46718790","buyTxId":"a2e2fc3a1a3f8f9c859de807e7670b346d7ef55c","sellTxId":"10f55e41cad8512caa68eea738139faf53365aa4"}
{"index": {"_index":"lolz","_id":"3750807"}}
	{"id":3750807,"type":"sell","buyer":"rayius","seller":"token-thx","symbol":"LOLZ","quantity":"4.00007050","price":"0.05300020","timestamp":1655919654,"volume":"0.21200454","buyTxId":"5aead52ebadb43a934f4e6b7b2cb8cdfc55aaf41","sellTxId":"70dd78890da2c8abd49d8441562a55fbb02fcce9"}
{"index": {"_index":"lolz","_id":"3750907"}}
	{"id":3750907,"type":"buy","buyer":"heruvim1978","seller":"onlydoge","symbol":"LOLZ","quantity":"2.18229097","price":"0.07499000","timestamp":1655920575,"volume":"0.16365000","buyTxId":"6fc6518823986d5993df5176aa87d1dd62ff026e","sellTxId":"55681e27e14653873c69f8bd020f9671eb9e8670"}
{"index": {"_index":"lolz","_id":"3750914"}}
	{"id":3750914,"type":"sell","buyer":"rayius","seller":"captainquack22","symbol":"LOLZ","quantity":"12.24406998","price":"0.05300020","timestamp":1655920653,"volume":"0.64893816","buyTxId":"5aead52ebadb43a934f4e6b7b2cb8cdfc55aaf41","sellTxId":"9b11c471e475e1fd2e51c91a5f99030b56e915b4"}
{"index": {"_index":"lolz","_id":"3751450"}}
	{"id":3751450,"type":"sell","buyer":"rayius","seller":"sentipl","symbol":"LOLZ","quantity":"2.00000594","price":"0.05300020","timestamp":1655924823,"volume":"0.10600071","buyTxId":"5aead52ebadb43a934f4e6b7b2cb8cdfc55aaf41","sellTxId":"f4fa99acc71eb555ab6a0d25f961722f12e66b96"}
{"index": {"_index":"lolz","_id":"3751578"}}
	{"id":3751578,"type":"sell","buyer":"rayius","seller":"barski","symbol":"LOLZ","quantity":"1.00000000","price":"0.05300020","timestamp":1655926485,"volume":"0.05300020","buyTxId":"5aead52ebadb43a934f4e6b7b2cb8cdfc55aaf41","sellTxId":"739549d47bdfecbe16b939e3477f3c76a89b14c6"}
{"index": {"_index":"lolz","_id":"3751701"}}
	{"id":3751701,"type":"sell","buyer":"rayius","seller":"arthursiq5","symbol":"LOLZ","quantity":"0.32927725","price":"0.05300020","timestamp":1655927994,"volume":"0.01745176","buyTxId":"5aead52ebadb43a934f4e6b7b2cb8cdfc55aaf41","sellTxId":"c457ddf7b19f7806a747d6e2a53fd2b79c944c06"}
{"index": {"_index":"lolz","_id":"3752109"}}
	{"id":3752109,"type":"sell","buyer":"rayius","seller":"chronocrypto","symbol":"LOLZ","quantity":"38.02052906","price":"0.05300020","timestamp":1655932842,"volume":"2.01509564","buyTxId":"5aead52ebadb43a934f4e6b7b2cb8cdfc55aaf41","sellTxId":"ec1589741f27707321c2b65f84c1cf44ae97f04f"}
{"index": {"_index":"lolz","_id":"3753416"}}
	{"id":3753416,"type":"sell","buyer":"rayius","seller":"huginn","symbol":"LOLZ","quantity":"10.05684137","price":"0.05300020","timestamp":1655952120,"volume":"0.53301460","buyTxId":"5aead52ebadb43a934f4e6b7b2cb8cdfc55aaf41","sellTxId":"731b5b2f5545d8c16f5a2eee01351d2bed7f7147"}
