{"index": {"_index":"lolz","_id":"3260716"}}
	{"id":3260716,"type":"sell","buyer":"johnripper","seller":"osomar357","symbol":"LOLZ","quantity":"2.00000000","price":"0.04900100","timestamp":1650684549,"volume":"0.09800200","buyTxId":"a201ed16d56f076014cf7821abc86f78ab576928","sellTxId":"cf7cc1c6991c3a1e72d2ffcca2989bf8de427c60"}
{"index": {"_index":"lolz","_id":"3261065"}}
	{"id":3261065,"type":"sell","buyer":"johnripper","seller":"engilhramn","symbol":"LOLZ","quantity":"3.00000000","price":"0.04900100","timestamp":1650691002,"volume":"0.14700300","buyTxId":"a201ed16d56f076014cf7821abc86f78ab576928","sellTxId":"a7a31136df42eb7c4a26421ff5bb764263383a0e"}
{"index": {"_index":"lolz","_id":"3261123"}}
	{"id":3261123,"type":"buy","buyer":"nahueldare3627","seller":"tin.aung.soe","symbol":"LOLZ","quantity":"0.76711560","price":"0.05000000","timestamp":1650692124,"volume":"0.03835578","buyTxId":"6daa459da6d9418a5ad6d7e204f509cb41e0014e","sellTxId":"2900daf5c837026ef645ea35cf8d436cfb7db7aa"}
{"index": {"_index":"lolz","_id":"3261389"}}
	{"id":3261389,"type":"buy","buyer":"agog","seller":"alexandrzombi","symbol":"LOLZ","quantity":"0.00004710","price":"0.04904458","timestamp":1650696498,"volume":"0.00000231","buyTxId":"a1e04ff3d6034f0a66a57fb20d78363ec73c51e2","sellTxId":"7462210cb8fe46e036b6a7ebfc262b5272b2dff7"}
{"index": {"_index":"lolz","_id":"3261390"}}
	{"id":3261390,"type":"buy","buyer":"agog","seller":"tin.aung.soe","symbol":"LOLZ","quantity":"34.62028652","price":"0.05000000","timestamp":1650696498,"volume":"1.73101433","buyTxId":"a1e04ff3d6034f0a66a57fb20d78363ec73c51e2","sellTxId":"2900daf5c837026ef645ea35cf8d436cfb7db7aa"}
{"index": {"_index":"lolz","_id":"3261469"}}
	{"id":3261469,"type":"buy","buyer":"agog","seller":"tin.aung.soe","symbol":"LOLZ","quantity":"6.82742462","price":"0.05000000","timestamp":1650697095,"volume":"0.34137123","buyTxId":"442cd18d6258a9ecb44da3a80b01ba2452f4a8b8","sellTxId":"2900daf5c837026ef645ea35cf8d436cfb7db7aa"}
{"index": {"_index":"lolz","_id":"3261769"}}
	{"id":3261769,"type":"sell","buyer":"johnripper","seller":"marvinix","symbol":"LOLZ","quantity":"1","price":"0.04900100","timestamp":1650699987,"volume":"0.04900100","buyTxId":"a201ed16d56f076014cf7821abc86f78ab576928","sellTxId":"6b1a9338805bec782f3e39813e1a39e2a17ae9a4"}
{"index": {"_index":"lolz","_id":"3262163"}}
	{"id":3262163,"type":"sell","buyer":"johnripper","seller":"suhlaing","symbol":"LOLZ","quantity":"24.00000000","price":"0.04900100","timestamp":1650706527,"volume":"1.17602400","buyTxId":"a201ed16d56f076014cf7821abc86f78ab576928","sellTxId":"cb28ae793de8e95acd635d3688d826f67c8b9a2f"}
{"index": {"_index":"lolz","_id":"3262181"}}
	{"id":3262181,"type":"sell","buyer":"johnripper","seller":"pjansen","symbol":"LOLZ","quantity":"1.00000000","price":"0.04900100","timestamp":1650706899,"volume":"0.04900100","buyTxId":"a201ed16d56f076014cf7821abc86f78ab576928","sellTxId":"7e32650e60fad56bf633bfe3d45406aecdf878a9"}
{"index": {"_index":"lolz","_id":"3262586"}}
	{"id":3262586,"type":"sell","buyer":"johnripper","seller":"maonx","symbol":"LOLZ","quantity":"0.34695741","price":"0.04900100","timestamp":1650713226,"volume":"0.01700126","buyTxId":"a201ed16d56f076014cf7821abc86f78ab576928","sellTxId":"25fee84123048bf31397f94cced5f55ce5e7a0af"}
{"index": {"_index":"lolz","_id":"3262587"}}
	{"id":3262587,"type":"sell","buyer":"hiq.magazine","seller":"maonx","symbol":"LOLZ","quantity":"2.65304259","price":"0.04000000","timestamp":1650713226,"volume":"0.10612170","buyTxId":"eee935c237b8244a18c3485bb7404cf8d3570ebc","sellTxId":"25fee84123048bf31397f94cced5f55ce5e7a0af"}
{"index": {"_index":"lolz","_id":"3262731"}}
	{"id":3262731,"type":"sell","buyer":"hiq.magazine","seller":"cynano","symbol":"LOLZ","quantity":"4.00000000","price":"0.04000000","timestamp":1650715242,"volume":"0.16000000","buyTxId":"eee935c237b8244a18c3485bb7404cf8d3570ebc","sellTxId":"75e4b17c335f50e3ed20020e050d828aa5360102"}
{"index": {"_index":"lolz","_id":"3262965"}}
	{"id":3262965,"type":"sell","buyer":"hiq.magazine","seller":"steem82868","symbol":"LOLZ","quantity":"0.60731512","price":"0.04000000","timestamp":1650718269,"volume":"0.02429260","buyTxId":"eee935c237b8244a18c3485bb7404cf8d3570ebc","sellTxId":"0fd6192ddbe47cbab8544d13e6e62fe868e2db73"}
{"index": {"_index":"lolz","_id":"3264903"}}
	{"id":3264903,"type":"sell","buyer":"brianhuang","seller":"gestion.alive","symbol":"LOLZ","quantity":"11.00240006","price":"0.04003000","timestamp":1650736494,"volume":"0.44042607","buyTxId":"0c2b44d553439ec0ff5f3a387f19ed2c2b93c26a","sellTxId":"1c090fe322df4efe3aa82da42a6e209dd6c2d278"}
{"index": {"_index":"lolz","_id":"3265673"}}
	{"id":3265673,"type":"buy","buyer":"nahueldare3627","seller":"magicbeans","symbol":"LOLZ","quantity":"0.16000320","price":"0.04999900","timestamp":1650745674,"volume":"0.008","buyTxId":"363419c7046cbbd183ac08440a0c9278ec43370e","sellTxId":"30fce9887dc29baca0d79026ed41ee40cba4a37c"}
{"index": {"_index":"lolz","_id":"3265724"}}
	{"id":3265724,"type":"sell","buyer":"brianhuang","seller":"funnyvideostv","symbol":"LOLZ","quantity":"3.00000000","price":"0.04003000","timestamp":1650746376,"volume":"0.12009000","buyTxId":"0c2b44d553439ec0ff5f3a387f19ed2c2b93c26a","sellTxId":"724eb8a4067f068d865e2d9ff29036a1d2d643d0"}
{"index": {"_index":"lolz","_id":"3267269"}}
	{"id":3267269,"type":"sell","buyer":"onlydoge","seller":"rzc24-nftbbg","symbol":"LOLZ","quantity":"3.00000000","price":"0.04004000","timestamp":1650763680,"volume":"0.12012000","buyTxId":"7cf89fc92451de87a08e8d6117515cadd7c72f2b","sellTxId":"2689bff9e704c9acb37db50494f091f5c90998ff"}
{"index": {"_index":"lolz","_id":"3267435"}}
	{"id":3267435,"type":"sell","buyer":"onlydoge","seller":"dswap","symbol":"LOLZ","quantity":"0.0000162","price":"0.04004000","timestamp":1650765171,"volume":"0.00000065","buyTxId":"7cf89fc92451de87a08e8d6117515cadd7c72f2b","sellTxId":"9ee0a866de9a1bb121150e848a196190573cd208"}
{"index": {"_index":"lolz","_id":"3267441"}}
	{"id":3267441,"type":"buy","buyer":"edgerik","seller":"magicbeans","symbol":"LOLZ","quantity":"3.00000000","price":"0.04999900","timestamp":1650765234,"volume":"0.14999700","buyTxId":"cab42286d0f93ad60afb69ce0afc82c388a6cbb5","sellTxId":"30fce9887dc29baca0d79026ed41ee40cba4a37c"}
