{"index": {"_index":"lolz","_id":"4056093"}}
	{"id":4056093,"type":"sell","buyer":"onlydoge","seller":"dswap","symbol":"LOLZ","quantity":"36","price":"0.02600100","timestamp":1659487053,"volume":"0.93603600","buyTxId":"7e62b034245ac3e9bd666c4c195fa59047e2a2bb","sellTxId":"6cf5be57ef006c54db0bf9d2fa9c9cce90616f6b"}
{"index": {"_index":"lolz","_id":"4056462"}}
	{"id":4056462,"type":"sell","buyer":"onlydoge","seller":"steem82868","symbol":"LOLZ","quantity":"0.26316714","price":"0.02600100","timestamp":1659489969,"volume":"0.00684261","buyTxId":"7e62b034245ac3e9bd666c4c195fa59047e2a2bb","sellTxId":"545fc942be1f4c7f89b46eabe1cf0d5bbdc9cf93"}
{"index": {"_index":"lolz","_id":"4056501"}}
	{"id":4056501,"type":"sell","buyer":"onlydoge","seller":"magnacarta","symbol":"LOLZ","quantity":"24.92739566","price":"0.02600100","timestamp":1659490434,"volume":"0.64813721","buyTxId":"7e62b034245ac3e9bd666c4c195fa59047e2a2bb","sellTxId":"2d730c0cd622f0e97aaee8fecd19869552b190e5"}
{"index": {"_index":"lolz","_id":"4056895"}}
	{"id":4056895,"type":"buy","buyer":"zionazrael","seller":"braaiboy","symbol":"LOLZ","quantity":"0.51284264","price":"0.04400000","timestamp":1659496386,"volume":"0.02256508","buyTxId":"273cede1b752ca5db96b82220cfe845323d29e80","sellTxId":"12fdb7fade601ac53673d845b8dd82b24e86f5da"}
{"index": {"_index":"lolz","_id":"4056896"}}
	{"id":4056896,"type":"buy","buyer":"zionazrael","seller":"weldmaster","symbol":"LOLZ","quantity":"28.14615037","price":"0.04480000","timestamp":1659496386,"volume":"1.26094754","buyTxId":"273cede1b752ca5db96b82220cfe845323d29e80","sellTxId":"a90d695973a9defbadbbb92031f04db85ac8951e"}
{"index": {"_index":"lolz","_id":"4056906"}}
	{"id":4056906,"type":"buy","buyer":"zionazrael","seller":"weldmaster","symbol":"LOLZ","quantity":"0.51284264","price":"0.04480000","timestamp":1659496497,"volume":"0.02297535","buyTxId":"df40f9801a5b5964d63cee380b1b560d9280b145","sellTxId":"a90d695973a9defbadbbb92031f04db85ac8951e"}
{"index": {"_index":"lolz","_id":"4056909"}}
	{"id":4056909,"type":"buy","buyer":"zionazrael","seller":"onlydoge","symbol":"LOLZ","quantity":"11.13610500","price":"0.04489900","timestamp":1659496515,"volume":"0.49999998","buyTxId":"56f69eca6cbd153331ac8a9528f17574ba2d10d9","sellTxId":"7436b1cb6992d3a1e360d2622c42e3919bb51ba3"}
{"index": {"_index":"lolz","_id":"4056912"}}
	{"id":4056912,"type":"buy","buyer":"zionazrael","seller":"tokutaro22","symbol":"LOLZ","quantity":"60.00000000","price":"0.04490000","timestamp":1659496536,"volume":"2.69400000","buyTxId":"91434f47e05a883a1097347948d7ccc135ea366c","sellTxId":"c6a4f87c5ccc71cdeaac2225d7471a09588049f4"}
{"index": {"_index":"lolz","_id":"4056929"}}
	{"id":4056929,"type":"buy","buyer":"zionazrael","seller":"elkingplayer","symbol":"LOLZ","quantity":"5.00000000","price":"0.04500000","timestamp":1659496647,"volume":"0.22500000","buyTxId":"0467a22f54dd09fb1739e98b15ba3e8c204ef758","sellTxId":"c986c5320bedab60d92195107e2bad3a322fd474"}
{"index": {"_index":"lolz","_id":"4056931"}}
	{"id":4056931,"type":"buy","buyer":"zionazrael","seller":"bokica80","symbol":"LOLZ","quantity":"10.00000000","price":"0.05000000","timestamp":1659496668,"volume":"0.50000000","buyTxId":"216301c1e205545551a1be1959e47e1a4d1cdb39","sellTxId":"c2655ba49a4d79b62431756824da9e8b2d239fb2"}
{"index": {"_index":"lolz","_id":"4056933"}}
	{"id":4056933,"type":"buy","buyer":"zionazrael","seller":"erhan92","symbol":"LOLZ","quantity":"4.86296125","price":"0.05488000","timestamp":1659496686,"volume":"0.26687931","buyTxId":"ec8cfa29dd92d48b5296b174a5dfdff346bafa7d","sellTxId":"39c01d23ffb0e04e5b792b76707a0d990c04fc49"}
{"index": {"_index":"lolz","_id":"4056935"}}
	{"id":4056935,"type":"buy","buyer":"zionazrael","seller":"kojiri","symbol":"LOLZ","quantity":"27.00000000","price":"0.05489000","timestamp":1659496704,"volume":"1.48203000","buyTxId":"4554b79a3157270c25995bcad53adb9f8d93135a","sellTxId":"8431dd6061620e753b4d93951f5da7891e81fdfe"}
{"index": {"_index":"lolz","_id":"4056936"}}
	{"id":4056936,"type":"buy","buyer":"zionazrael","seller":"ternizator","symbol":"LOLZ","quantity":"5.00000000","price":"0.05489000","timestamp":1659496704,"volume":"0.27445000","buyTxId":"4554b79a3157270c25995bcad53adb9f8d93135a","sellTxId":"151232a0f06ecde7758bbf3ff0acf24254064e1f"}
{"index": {"_index":"lolz","_id":"4057523"}}
	{"id":4057523,"type":"sell","buyer":"onlydoge","seller":"bitcoinflood","symbol":"LOLZ","quantity":"1.05596074","price":"0.02600200","timestamp":1659506304,"volume":"0.02745709","buyTxId":"66c3665a538a66af8ba288e3a5ac1040f2ac0aac","sellTxId":"a76d5ca0ca873ce2ca1b7fb4f7b7839f8105941e"}
{"index": {"_index":"lolz","_id":"4057630"}}
	{"id":4057630,"type":"sell","buyer":"onlydoge","seller":"holdeck","symbol":"LOLZ","quantity":"1.00000000","price":"0.02600200","timestamp":1659507606,"volume":"0.02600200","buyTxId":"66c3665a538a66af8ba288e3a5ac1040f2ac0aac","sellTxId":"6a7aa16449374dac804029d964707315f27ffb22"}
{"index": {"_index":"lolz","_id":"4057893"}}
	{"id":4057893,"type":"sell","buyer":"onlydoge","seller":"tjnew14","symbol":"LOLZ","quantity":"25.03638188","price":"0.02600200","timestamp":1659512565,"volume":"0.65099600","buyTxId":"66c3665a538a66af8ba288e3a5ac1040f2ac0aac","sellTxId":"e7b844fabb34ba6c68c1567b7248b75344b64ea6"}
{"index": {"_index":"lolz","_id":"4057957"}}
	{"id":4057957,"type":"sell","buyer":"onlydoge","seller":"itharagaian","symbol":"LOLZ","quantity":"1.00044354","price":"0.02600200","timestamp":1659513507,"volume":"0.02601353","buyTxId":"66c3665a538a66af8ba288e3a5ac1040f2ac0aac","sellTxId":"64666bfa47ca184fd5cfbb5e1af35337735faa0e"}
{"index": {"_index":"lolz","_id":"4058129"}}
	{"id":4058129,"type":"sell","buyer":"onlydoge","seller":"gestion.alive","symbol":"LOLZ","quantity":"2.00663388","price":"0.02600200","timestamp":1659516093,"volume":"0.05217649","buyTxId":"66c3665a538a66af8ba288e3a5ac1040f2ac0aac","sellTxId":"773c9bf8368e6f8af673134245d5831eeb9a6ff1"}
{"index": {"_index":"lolz","_id":"4058187"}}
	{"id":4058187,"type":"sell","buyer":"onlydoge","seller":"quotidien","symbol":"LOLZ","quantity":"1.00000000","price":"0.02600200","timestamp":1659516828,"volume":"0.02600200","buyTxId":"66c3665a538a66af8ba288e3a5ac1040f2ac0aac","sellTxId":"1ac7838d79c13ca332e59beeff1ec7d522bc11e3"}
{"index": {"_index":"lolz","_id":"4058224"}}
	{"id":4058224,"type":"sell","buyer":"onlydoge","seller":"token-thx","symbol":"LOLZ","quantity":"8.00007329","price":"0.02600200","timestamp":1659517248,"volume":"0.20801791","buyTxId":"66c3665a538a66af8ba288e3a5ac1040f2ac0aac","sellTxId":"c4a70cb3aada168cece01753958cbdcf23168422"}
{"index": {"_index":"lolz","_id":"4058368"}}
	{"id":4058368,"type":"sell","buyer":"onlydoge","seller":"siberian12","symbol":"LOLZ","quantity":"11.00008421","price":"0.02600200","timestamp":1659519093,"volume":"0.28602419","buyTxId":"66c3665a538a66af8ba288e3a5ac1040f2ac0aac","sellTxId":"5b457d8e8c3092fe3a70c835a385d8d7a1e770fa"}
{"index": {"_index":"lolz","_id":"4058916"}}
	{"id":4058916,"type":"sell","buyer":"onlydoge","seller":"hirohurl","symbol":"LOLZ","quantity":"2.48542418","price":"0.02600200","timestamp":1659527925,"volume":"0.06462600","buyTxId":"66c3665a538a66af8ba288e3a5ac1040f2ac0aac","sellTxId":"ef4265aed5944bfb9b05b7723cff2cb7bf7f4311"}
{"index": {"_index":"lolz","_id":"4059007"}}
	{"id":4059007,"type":"sell","buyer":"onlydoge","seller":"quinnertronics","symbol":"LOLZ","quantity":"1.50000000","price":"0.02600200","timestamp":1659529698,"volume":"0.03900300","buyTxId":"66c3665a538a66af8ba288e3a5ac1040f2ac0aac","sellTxId":"9c07ad1d899a158422b0abd6093ee6d8ef8ca4cf"}
{"index": {"_index":"lolz","_id":"4059078"}}
	{"id":4059078,"type":"sell","buyer":"onlydoge","seller":"frawdielp2","symbol":"LOLZ","quantity":"0.04372016","price":"0.02600200","timestamp":1659530688,"volume":"0.00113681","buyTxId":"66c3665a538a66af8ba288e3a5ac1040f2ac0aac","sellTxId":"fc7650d6e30250a6dc80388d543bee0c5d2bedc4"}
{"index": {"_index":"lolz","_id":"4059883"}}
	{"id":4059883,"type":"sell","buyer":"wazock","seller":"degagneiv","symbol":"LOLZ","quantity":"5.6e-7","price":"0.04000000","timestamp":1659538095,"volume":"0.00000002","buyTxId":"102aefb7ddd78374006b44e5a6da5213b793f6ea","sellTxId":"578ef6668e7a861f412c4f9d12cad81623c94659"}
{"index": {"_index":"lolz","_id":"4059905"}}
	{"id":4059905,"type":"sell","buyer":"wazock","seller":"cliffagreen","symbol":"LOLZ","quantity":"1.44900000","price":"0.04000000","timestamp":1659538374,"volume":"0.05796000","buyTxId":"102aefb7ddd78374006b44e5a6da5213b793f6ea","sellTxId":"d3df57fd2eee1c13c287893481bf180ff60e25d2"}
{"index": {"_index":"lolz","_id":"4059914"}}
	{"id":4059914,"type":"sell","buyer":"wazock","seller":"weldmaster","symbol":"LOLZ","quantity":"18.19519305","price":"0.04000000","timestamp":1659538464,"volume":"0.72780772","buyTxId":"102aefb7ddd78374006b44e5a6da5213b793f6ea","sellTxId":"1fac08784da546d2fdad3f1bc50215c04952e621"}
{"index": {"_index":"lolz","_id":"4060411"}}
	{"id":4060411,"type":"sell","buyer":"wazock","seller":"stayoutoftherz","symbol":"LOLZ","quantity":"2.00000000","price":"0.04000000","timestamp":1659543759,"volume":"0.08000000","buyTxId":"102aefb7ddd78374006b44e5a6da5213b793f6ea","sellTxId":"41470b0b34b874dfb181a7c446da6accb2602663"}
{"index": {"_index":"lolz","_id":"4060651"}}
	{"id":4060651,"type":"sell","buyer":"wazock","seller":"newigennity","symbol":"LOLZ","quantity":"82.12752679","price":"0.04000000","timestamp":1659545343,"volume":"3.28510107","buyTxId":"102aefb7ddd78374006b44e5a6da5213b793f6ea","sellTxId":"b39c45d16dac726b8d2552b96042f0d4a58fb18f"}
{"index": {"_index":"lolz","_id":"4061135"}}
	{"id":4061135,"type":"sell","buyer":"wazock","seller":"criptosectadepit","symbol":"LOLZ","quantity":"12.37119597","price":"0.04000000","timestamp":1659551214,"volume":"0.49484784","buyTxId":"102aefb7ddd78374006b44e5a6da5213b793f6ea","sellTxId":"157ca0854ef1e62a094b86aad6de6d0db3ce84ab"}
{"index": {"_index":"lolz","_id":"4061442"}}
	{"id":4061442,"type":"sell","buyer":"wazock","seller":"newshive","symbol":"LOLZ","quantity":"1.00000000","price":"0.04000000","timestamp":1659554988,"volume":"0.04000000","buyTxId":"102aefb7ddd78374006b44e5a6da5213b793f6ea","sellTxId":"6b07fd57d0c23a514787866955dc0d283e36638f"}
{"index": {"_index":"lolz","_id":"4061592"}}
	{"id":4061592,"type":"buy","buyer":"zionazrael","seller":"sentipl","symbol":"LOLZ","quantity":"2.00003290","price":"0.05000000","timestamp":1659556560,"volume":"0.10000165","buyTxId":"8a6dbefdac7a37430a6c21ba908a8a7540ea0c85","sellTxId":"f5d3fbdedaeef8dceaa89da37c9c39fedc9dfefd"}
{"index": {"_index":"lolz","_id":"4061594"}}
	{"id":4061594,"type":"buy","buyer":"zionazrael","seller":"onlydoge","symbol":"LOLZ","quantity":"121.18351262","price":"0.05649900","timestamp":1659556593,"volume":"6.84674728","buyTxId":"d69a9fbb3f3c6bff53cb7ebfbd1d32647d143435","sellTxId":"f8b7b9a385e04544f6d7f5a7ab858cbf82bcedf2"}
{"index": {"_index":"lolz","_id":"4061663"}}
	{"id":4061663,"type":"sell","buyer":"onlydoge","seller":"mehmetfix","symbol":"LOLZ","quantity":"73.00000000","price":"0.04000100","timestamp":1659557124,"volume":"2.92007300","buyTxId":"bf6c621ca7236e9074f5f8d84c72f2355d509435","sellTxId":"ca74d1bea7a79042f1d4da0e3ea59d2d6f94fa4b"}
{"index": {"_index":"lolz","_id":"4061674"}}
	{"id":4061674,"type":"sell","buyer":"onlydoge","seller":"mehmetfix","symbol":"LOLZ","quantity":"71.00000000","price":"0.04000100","timestamp":1659557211,"volume":"2.84007100","buyTxId":"bf6c621ca7236e9074f5f8d84c72f2355d509435","sellTxId":"2578eb5e4b2d38f99b2a695f8d99699995316106"}
{"index": {"_index":"lolz","_id":"4061738"}}
	{"id":4061738,"type":"sell","buyer":"onlydoge","seller":"whalestar","symbol":"LOLZ","quantity":"3.64775739","price":"0.04000100","timestamp":1659557946,"volume":"0.14591394","buyTxId":"bf6c621ca7236e9074f5f8d84c72f2355d509435","sellTxId":"e04efdad542bec34a64303bdac8ae04b55d02802"}
{"index": {"_index":"lolz","_id":"4061770"}}
	{"id":4061770,"type":"sell","buyer":"onlydoge","seller":"funnylol","symbol":"LOLZ","quantity":"3.00000000","price":"0.04000100","timestamp":1659558225,"volume":"0.12000300","buyTxId":"bf6c621ca7236e9074f5f8d84c72f2355d509435","sellTxId":"52192c879255761497e79b17b7791bbbdd825095"}
{"index": {"_index":"lolz","_id":"4061847"}}
	{"id":4061847,"type":"sell","buyer":"onlydoge","seller":"lightcaptured","symbol":"LOLZ","quantity":"3.02589409","price":"0.04000100","timestamp":1659559164,"volume":"0.12103879","buyTxId":"bf6c621ca7236e9074f5f8d84c72f2355d509435","sellTxId":"b5e492c19eea70c00529dabe148cd55bbade24bb"}
{"index": {"_index":"lolz","_id":"4061913"}}
	{"id":4061913,"type":"sell","buyer":"onlydoge","seller":"ydaiznfts","symbol":"LOLZ","quantity":"13.30024745","price":"0.04000100","timestamp":1659559944,"volume":"0.53202320","buyTxId":"bf6c621ca7236e9074f5f8d84c72f2355d509435","sellTxId":"c3366ed13e31bc938e21a77ebcc8cb9fe35f01f2"}
{"index": {"_index":"lolz","_id":"4061946"}}
	{"id":4061946,"type":"sell","buyer":"onlydoge","seller":"kenechukwu97","symbol":"LOLZ","quantity":"31.00104520","price":"0.04000100","timestamp":1659560127,"volume":"1.24007281","buyTxId":"bf6c621ca7236e9074f5f8d84c72f2355d509435","sellTxId":"fd557c88bca3fdaccc937bbebf339f6ffade7c4c"}
{"index": {"_index":"lolz","_id":"4062020"}}
	{"id":4062020,"type":"sell","buyer":"onlydoge","seller":"jesustiano","symbol":"LOLZ","quantity":"2.01350473","price":"0.04000100","timestamp":1659560913,"volume":"0.08054220","buyTxId":"bf6c621ca7236e9074f5f8d84c72f2355d509435","sellTxId":"c055277809b16c49e46c4f78dc9b4df13698921f"}
{"index": {"_index":"lolz","_id":"4062034"}}
	{"id":4062034,"type":"sell","buyer":"onlydoge","seller":"urun","symbol":"LOLZ","quantity":"8.00000000","price":"0.04000100","timestamp":1659561213,"volume":"0.32000800","buyTxId":"bf6c621ca7236e9074f5f8d84c72f2355d509435","sellTxId":"2dab7f7ecca52f0e9a2d8d1bc05f2a49d9a23fef"}
{"index": {"_index":"lolz","_id":"4062478"}}
	{"id":4062478,"type":"sell","buyer":"onlydoge","seller":"dswap","symbol":"LOLZ","quantity":"40","price":"0.04000100","timestamp":1659566883,"volume":"1.60004000","buyTxId":"bf6c621ca7236e9074f5f8d84c72f2355d509435","sellTxId":"2b0b42e8e5b84e9d4831bff96d62f4a8fc621d69"}
{"index": {"_index":"lolz","_id":"4062482"}}
	{"id":4062482,"type":"sell","buyer":"onlydoge","seller":"dswap","symbol":"LOLZ","quantity":"2.00530014","price":"0.04000100","timestamp":1659566913,"volume":"0.08021401","buyTxId":"bf6c621ca7236e9074f5f8d84c72f2355d509435","sellTxId":"e96773a814b3234736b78d783e62676f12a355c0"}
{"index": {"_index":"lolz","_id":"4062483"}}
	{"id":4062483,"type":"sell","buyer":"thelastlaugh99","seller":"dswap","symbol":"LOLZ","quantity":"5.99469986","price":"0.04000100","timestamp":1659566913,"volume":"0.23979399","buyTxId":"792c95b2a7cee1fefd61c3c5596cd86f977eb580","sellTxId":"e96773a814b3234736b78d783e62676f12a355c0"}
{"index": {"_index":"lolz","_id":"4062839"}}
	{"id":4062839,"type":"sell","buyer":"thelastlaugh99","seller":"steem82868","symbol":"LOLZ","quantity":"2.00530014","price":"0.04000100","timestamp":1659571194,"volume":"0.08021401","buyTxId":"792c95b2a7cee1fefd61c3c5596cd86f977eb580","sellTxId":"b28eea18a1beb41a216c07cf173093135f99977a"}
{"index": {"_index":"lolz","_id":"4062840"}}
	{"id":4062840,"type":"sell","buyer":"zionazrael","seller":"steem82868","symbol":"LOLZ","quantity":"27.31941654","price":"0.04000100","timestamp":1659571194,"volume":"1.09280398","buyTxId":"470a6d53378282c6cd052808a3c6bd98dfffe6f7","sellTxId":"b28eea18a1beb41a216c07cf173093135f99977a"}
{"index": {"_index":"lolz","_id":"4062889"}}
	{"id":4062889,"type":"sell","buyer":"wazock","seller":"steem82868","symbol":"LOLZ","quantity":"70.00000000","price":"0.04000000","timestamp":1659571344,"volume":"2.80000000","buyTxId":"102aefb7ddd78374006b44e5a6da5213b793f6ea","sellTxId":"8ba191fbfd6fe918e69fed1c033e8e8210bde066"}
