{"index": {"_index":"lolz","_id":"3475004"}}
	{"id":3475004,"type":"sell","buyer":"marketroll","seller":"captainquack22","symbol":"LOLZ","quantity":"6","price":"0.04800000","timestamp":1653017091,"volume":"0.28800000","buyTxId":"a241510d39fee15852a386c5ff9cfcbda8214e81","sellTxId":"295deb00cb63e9a9313011406b8bec29953906a3"}
{"index": {"_index":"lolz","_id":"3475328"}}
	{"id":3475328,"type":"sell","buyer":"marketroll","seller":"hive-143869","symbol":"LOLZ","quantity":"2.00000000","price":"0.04800000","timestamp":1653021027,"volume":"0.09600000","buyTxId":"a241510d39fee15852a386c5ff9cfcbda8214e81","sellTxId":"06301286b7bdc0bd795b356cfa5f99717a9fc5b7"}
{"index": {"_index":"lolz","_id":"3475672"}}
	{"id":3475672,"type":"sell","buyer":"marketroll","seller":"alexandrzombi","symbol":"LOLZ","quantity":"0.00002627","price":"0.04800000","timestamp":1653025215,"volume":"0.00000126","buyTxId":"a241510d39fee15852a386c5ff9cfcbda8214e81","sellTxId":"88f9a447fc3a476e107d12d51a8f7230a47c4ee7"}
{"index": {"_index":"lolz","_id":"3476327"}}
	{"id":3476327,"type":"sell","buyer":"marketroll","seller":"cursephantom","symbol":"LOLZ","quantity":"3.00000000","price":"0.04800000","timestamp":1653032913,"volume":"0.14400000","buyTxId":"a241510d39fee15852a386c5ff9cfcbda8214e81","sellTxId":"309e10b65dc802932af996cb4ddb31ac54f9f2f5"}
{"index": {"_index":"lolz","_id":"3476487"}}
	{"id":3476487,"type":"sell","buyer":"marketroll","seller":"pkhwug","symbol":"LOLZ","quantity":"1.00000000","price":"0.04800000","timestamp":1653034611,"volume":"0.04800000","buyTxId":"a241510d39fee15852a386c5ff9cfcbda8214e81","sellTxId":"0821156e82490b41ab4e50fed02445148be3d4fb"}
{"index": {"_index":"lolz","_id":"3476815"}}
	{"id":3476815,"type":"sell","buyer":"marketroll","seller":"metronet","symbol":"LOLZ","quantity":"1.00000000","price":"0.04800000","timestamp":1653038784,"volume":"0.04800000","buyTxId":"a241510d39fee15852a386c5ff9cfcbda8214e81","sellTxId":"ea0f72ef2e7fcd6581b40b38f013905813f0ed63"}
{"index": {"_index":"lolz","_id":"3477445"}}
	{"id":3477445,"type":"sell","buyer":"achimmertens","seller":"criptosectadepit","symbol":"LOLZ","quantity":"3.00000000","price":"0.04850000","timestamp":1653047214,"volume":"0.14550000","buyTxId":"04157bb77e8520a68c9ca2df3795772571f3c35b","sellTxId":"4c06fc103f852a95cd1728c04ab68a3376eb2f1d"}
{"index": {"_index":"lolz","_id":"3477446"}}
	{"id":3477446,"type":"buy","buyer":"thatcryptodave","seller":"pixresteemer","symbol":"LOLZ","quantity":"3.00000000","price":"0.05500000","timestamp":1653047220,"volume":"0.16500000","buyTxId":"c6294e961875c1a2e4bb36cd1874652d1419bba8","sellTxId":"7b2a3d92ea1781c7084e2cc832f4da9049b5a205"}
{"index": {"_index":"lolz","_id":"3477452"}}
	{"id":3477452,"type":"sell","buyer":"achimmertens","seller":"gestion.alive","symbol":"LOLZ","quantity":"15.01498762","price":"0.04850000","timestamp":1653047277,"volume":"0.72822690","buyTxId":"04157bb77e8520a68c9ca2df3795772571f3c35b","sellTxId":"131663247077358195931fb0eb77e7b5064812c8"}
{"index": {"_index":"lolz","_id":"3478470"}}
	{"id":3478470,"type":"sell","buyer":"achimmertens","seller":"captainquack22","symbol":"LOLZ","quantity":"6","price":"0.04850000","timestamp":1653057510,"volume":"0.29100000","buyTxId":"04157bb77e8520a68c9ca2df3795772571f3c35b","sellTxId":"1bd04ca13d3181cb3e44a22e398a9b59a3b0c571"}
{"index": {"_index":"lolz","_id":"3478518"}}
	{"id":3478518,"type":"sell","buyer":"achimmertens","seller":"kraken99","symbol":"LOLZ","quantity":"1.00000000","price":"0.04850000","timestamp":1653057963,"volume":"0.04850000","buyTxId":"04157bb77e8520a68c9ca2df3795772571f3c35b","sellTxId":"fc7a6d7b006d4c509692829ede6049d4c3aa665d"}
{"index": {"_index":"lolz","_id":"3478982"}}
	{"id":3478982,"type":"sell","buyer":"achimmertens","seller":"osomar357","symbol":"LOLZ","quantity":"1.00000000","price":"0.04850000","timestamp":1653061557,"volume":"0.04850000","buyTxId":"04157bb77e8520a68c9ca2df3795772571f3c35b","sellTxId":"ec93cfbd1a9fa1b2c6df944c2bf7862b997999d3"}
{"index": {"_index":"lolz","_id":"3479226"}}
	{"id":3479226,"type":"sell","buyer":"achimmertens","seller":"eforucom","symbol":"LOLZ","quantity":"1.00000000","price":"0.04850000","timestamp":1653063597,"volume":"0.04850000","buyTxId":"04157bb77e8520a68c9ca2df3795772571f3c35b","sellTxId":"1c69808ef279756dfbc36f475bd8ae7943a3f0dd"}
{"index": {"_index":"lolz","_id":"3480189"}}
	{"id":3480189,"type":"sell","buyer":"kenny-crane","seller":"nickyhavey","symbol":"LOLZ","quantity":"1","price":"0.04870000","timestamp":1653071457,"volume":"0.04870000","buyTxId":"6628c3f8d0d15a708633fbc3385ad83e017c8c79","sellTxId":"a37267a615cea0a3b192c399c3d48e50077c837e"}
{"index": {"_index":"lolz","_id":"3480197"}}
	{"id":3480197,"type":"sell","buyer":"kenny-crane","seller":"arthursiq5","symbol":"LOLZ","quantity":"1.04870738","price":"0.04870000","timestamp":1653071529,"volume":"0.05107205","buyTxId":"6628c3f8d0d15a708633fbc3385ad83e017c8c79","sellTxId":"62eb46eceef903563c9005855be4a89db438e79d"}
{"index": {"_index":"lolz","_id":"3480239"}}
	{"id":3480239,"type":"sell","buyer":"kenny-crane","seller":"mypathtofire","symbol":"LOLZ","quantity":"4.19513233","price":"0.04870000","timestamp":1653071799,"volume":"0.20430294","buyTxId":"6628c3f8d0d15a708633fbc3385ad83e017c8c79","sellTxId":"e802dafae1bab735f6b8c5272fbe29accc3c849a"}
{"index": {"_index":"lolz","_id":"3480407"}}
	{"id":3480407,"type":"sell","buyer":"kenny-crane","seller":"galaxikiller","symbol":"LOLZ","quantity":"1.00000000","price":"0.04870000","timestamp":1653073587,"volume":"0.04870000","buyTxId":"6628c3f8d0d15a708633fbc3385ad83e017c8c79","sellTxId":"4651122eb25fa4be8d63be549c733c4b02d282b8"}
{"index": {"_index":"lolz","_id":"3480658"}}
	{"id":3480658,"type":"sell","buyer":"kenny-crane","seller":"simplegame","symbol":"LOLZ","quantity":"2.00000000","price":"0.04870000","timestamp":1653076299,"volume":"0.09740000","buyTxId":"6628c3f8d0d15a708633fbc3385ad83e017c8c79","sellTxId":"08b418a1c0a996281e8066391049bbc2bffef1ba"}
{"index": {"_index":"lolz","_id":"3480874"}}
	{"id":3480874,"type":"sell","buyer":"kenny-crane","seller":"aliveandthriving","symbol":"LOLZ","quantity":"4.00206771","price":"0.04870000","timestamp":1653078021,"volume":"0.19490070","buyTxId":"6628c3f8d0d15a708633fbc3385ad83e017c8c79","sellTxId":"6f3f588f693e761fef38d8a6e01acacac08e8507"}
{"index": {"_index":"lolz","_id":"3481290"}}
	{"id":3481290,"type":"sell","buyer":"kenny-crane","seller":"fnvdesigns","symbol":"LOLZ","quantity":"0.19266567","price":"0.04870000","timestamp":1653083571,"volume":"0.00938282","buyTxId":"6628c3f8d0d15a708633fbc3385ad83e017c8c79","sellTxId":"8ca29ca625fefc218b1baec252bbe56189f6abac"}
{"index": {"_index":"lolz","_id":"3481860"}}
	{"id":3481860,"type":"buy","buyer":"holovision","seller":"magicbeans","symbol":"LOLZ","quantity":"100.00000000","price":"0.06689999","timestamp":1653091089,"volume":"6.68999900","buyTxId":"68bad40be7a5219b32d2c885b8dd1e4090a7b6ad","sellTxId":"129547c2168d14c50c8524ee6fb0e54ff67c8d19"}
{"index": {"_index":"lolz","_id":"3481861"}}
	{"id":3481861,"type":"buy","buyer":"holovision","seller":"onlydoge","symbol":"LOLZ","quantity":"124.90433479","price":"0.06690000","timestamp":1653091089,"volume":"8.35610000","buyTxId":"68bad40be7a5219b32d2c885b8dd1e4090a7b6ad","sellTxId":"5d50a5fe2d1953c8a17c381ccd7eb9dc13a7cba3"}
{"index": {"_index":"lolz","_id":"3481862"}}
	{"id":3481862,"type":"buy","buyer":"holovision","seller":"szmobacsi","symbol":"LOLZ","quantity":"10.00000000","price":"0.06692900","timestamp":1653091089,"volume":"0.66929000","buyTxId":"68bad40be7a5219b32d2c885b8dd1e4090a7b6ad","sellTxId":"91714964648ebc37071f2464005d3e82b63c9272"}
{"index": {"_index":"lolz","_id":"3482259"}}
	{"id":3482259,"type":"sell","buyer":"onlydoge","seller":"bokica80","symbol":"LOLZ","quantity":"3.00000000","price":"0.06001000","timestamp":1653095061,"volume":"0.18003000","buyTxId":"bc1304caec0be367676a03d567107efe84022853","sellTxId":"9a8e4e3b50490efd776206ef6033a0487f00b5ac"}
