{"index": {"_index":"lolz","_id":"4121876"}}
	{"id":4121876,"type":"sell","buyer":"onlydoge","seller":"joalheal","symbol":"LOLZ","quantity":"40.00000000","price":"0.03560100","timestamp":1660359096,"volume":"1.42404000","buyTxId":"2568b8277b290b05ab9fe5e1543abd907f3a8357","sellTxId":"fb81adb00a338665eee6c9ae9b93036c7a41836e"}
{"index": {"_index":"lolz","_id":"4122063"}}
	{"id":4122063,"type":"sell","buyer":"onlydoge","seller":"ydaiznfts","symbol":"LOLZ","quantity":"7.22410773","price":"0.03560100","timestamp":1660362057,"volume":"0.25718546","buyTxId":"2568b8277b290b05ab9fe5e1543abd907f3a8357","sellTxId":"5d24637ad8067fa2da6d66ddd09cc83a1fe5390b"}
{"index": {"_index":"lolz","_id":"4122117"}}
	{"id":4122117,"type":"sell","buyer":"onlydoge","seller":"juanvegetarian","symbol":"LOLZ","quantity":"2.00000000","price":"0.03560100","timestamp":1660362903,"volume":"0.07120200","buyTxId":"2568b8277b290b05ab9fe5e1543abd907f3a8357","sellTxId":"09ac75e6944620aad5044f30356dccdb76b99b6b"}
{"index": {"_index":"lolz","_id":"4122330"}}
	{"id":4122330,"type":"sell","buyer":"onlydoge","seller":"dkid14","symbol":"LOLZ","quantity":"4.84055055","price":"0.03560100","timestamp":1660366617,"volume":"0.17232844","buyTxId":"2568b8277b290b05ab9fe5e1543abd907f3a8357","sellTxId":"1d0b0df37e8da271eb3c97d17f655ab3c5ba9ce0"}
{"index": {"_index":"lolz","_id":"4122331"}}
	{"id":4122331,"type":"sell","buyer":"filosof103","seller":"dkid14","symbol":"LOLZ","quantity":"17.33891892","price":"0.03500000","timestamp":1660366617,"volume":"0.60686216","buyTxId":"b311d4113c60bc18b118e97bb6c218ce47501cd1","sellTxId":"1d0b0df37e8da271eb3c97d17f655ab3c5ba9ce0"}
{"index": {"_index":"lolz","_id":"4122473"}}
	{"id":4122473,"type":"sell","buyer":"filosof103","seller":"hive-143869","symbol":"LOLZ","quantity":"2.00011526","price":"0.03500000","timestamp":1660370352,"volume":"0.07000403","buyTxId":"b311d4113c60bc18b118e97bb6c218ce47501cd1","sellTxId":"2b70f548a41a14f8e306f800505c265f8b595c28"}
{"index": {"_index":"lolz","_id":"4122519"}}
	{"id":4122519,"type":"sell","buyer":"filosof103","seller":"twicejoy","symbol":"LOLZ","quantity":"8.09925351","price":"0.03500000","timestamp":1660371471,"volume":"0.28347387","buyTxId":"b311d4113c60bc18b118e97bb6c218ce47501cd1","sellTxId":"ba74a8a31e4f1dce51e369db0d193f7185ba105c"}
{"index": {"_index":"lolz","_id":"4122526"}}
	{"id":4122526,"type":"sell","buyer":"filosof103","seller":"itharagaian","symbol":"LOLZ","quantity":"1.00440325","price":"0.03500000","timestamp":1660371675,"volume":"0.03515411","buyTxId":"b311d4113c60bc18b118e97bb6c218ce47501cd1","sellTxId":"6228f0a02177bc9d65e16493686cb159994b0de9"}
{"index": {"_index":"lolz","_id":"4122643"}}
	{"id":4122643,"type":"sell","buyer":"filosof103","seller":"anonymous02","symbol":"LOLZ","quantity":"16.00205077","price":"0.03500000","timestamp":1660373715,"volume":"0.56007178","buyTxId":"b311d4113c60bc18b118e97bb6c218ce47501cd1","sellTxId":"7d652d8dea3ba72f946ab8cd6d5235a0a7b32be2"}
{"index": {"_index":"lolz","_id":"4122780"}}
	{"id":4122780,"type":"sell","buyer":"filosof103","seller":"cursephantom","symbol":"LOLZ","quantity":"8.00000000","price":"0.03500000","timestamp":1660376133,"volume":"0.28000000","buyTxId":"b311d4113c60bc18b118e97bb6c218ce47501cd1","sellTxId":"d62a556cf846a5730a1257f8cf807516e844c29a"}
{"index": {"_index":"lolz","_id":"4122927"}}
	{"id":4122927,"type":"sell","buyer":"filosof103","seller":"hirohurl","symbol":"LOLZ","quantity":"1.11817273","price":"0.03500000","timestamp":1660378659,"volume":"0.03913605","buyTxId":"b311d4113c60bc18b118e97bb6c218ce47501cd1","sellTxId":"54ea70b52fbbf7c5cc2ab3b16e8aa03c0046d6d7"}
{"index": {"_index":"lolz","_id":"4123393"}}
	{"id":4123393,"type":"sell","buyer":"filosof103","seller":"steem82868","symbol":"LOLZ","quantity":"0.86502388","price":"0.03500000","timestamp":1660386105,"volume":"0.03027584","buyTxId":"b311d4113c60bc18b118e97bb6c218ce47501cd1","sellTxId":"d6b7524f2e3b2af1e1792e14f3e3848f7bda3eb0"}
{"index": {"_index":"lolz","_id":"4123847"}}
	{"id":4123847,"type":"sell","buyer":"filosof103","seller":"steem82868","symbol":"LOLZ","quantity":"6.00000000","price":"0.03500000","timestamp":1660391955,"volume":"0.21000000","buyTxId":"b311d4113c60bc18b118e97bb6c218ce47501cd1","sellTxId":"8e0ccb79c02d2f19679837d88317141d6db0ff8e"}
{"index": {"_index":"lolz","_id":"4123969"}}
	{"id":4123969,"type":"sell","buyer":"filosof103","seller":"siberian12","symbol":"LOLZ","quantity":"6.00005837","price":"0.03500000","timestamp":1660394055,"volume":"0.21000204","buyTxId":"b311d4113c60bc18b118e97bb6c218ce47501cd1","sellTxId":"a6d33c41eaecc067b9fdb79e8d92b2566104151d"}
{"index": {"_index":"lolz","_id":"4124479"}}
	{"id":4124479,"type":"sell","buyer":"zionazrael","seller":"cliffagreen","symbol":"LOLZ","quantity":"1.02800000","price":"0.03500001","timestamp":1660400133,"volume":"0.03598001","buyTxId":"02d3a60a705fd9de1ea704edb6a8c4bd1fa06970","sellTxId":"1e4fe1c23b4b8fc0c7c251b32958e5c43006060d"}
{"index": {"_index":"lolz","_id":"4124655"}}
	{"id":4124655,"type":"sell","buyer":"zionazrael","seller":"captainquack22","symbol":"LOLZ","quantity":"2","price":"0.03500001","timestamp":1660402683,"volume":"0.07000002","buyTxId":"02d3a60a705fd9de1ea704edb6a8c4bd1fa06970","sellTxId":"c69f4ef6815358cf3c1e9b3d3529d2585c9ca0de"}
{"index": {"_index":"lolz","_id":"4124987"}}
	{"id":4124987,"type":"sell","buyer":"zionazrael","seller":"uglykillerpigz","symbol":"LOLZ","quantity":"1","price":"0.03500001","timestamp":1660407513,"volume":"0.03500001","buyTxId":"02d3a60a705fd9de1ea704edb6a8c4bd1fa06970","sellTxId":"97905891adbb4355fe5c2637170990854117bef8"}
{"index": {"_index":"lolz","_id":"4125026"}}
	{"id":4125026,"type":"buy","buyer":"atma.love","seller":"steem82868","symbol":"LOLZ","quantity":"4.12593607","price":"0.04168000","timestamp":1660408011,"volume":"0.17196902","buyTxId":"07b490d1115041b260266cf3770be8d5494a44f9","sellTxId":"3f37c6f77d2611c14fd33b6ab89b1bfed2a10630"}
{"index": {"_index":"lolz","_id":"4125028"}}
	{"id":4125028,"type":"sell","buyer":"atma.love","seller":"weldmaster","symbol":"LOLZ","quantity":"17.71199965","price":"0.04168000","timestamp":1660408068,"volume":"0.73823615","buyTxId":"07b490d1115041b260266cf3770be8d5494a44f9","sellTxId":"31560236bbecea5aafee3dbdea71da9098c412c6"}
{"index": {"_index":"lolz","_id":"4125057"}}
	{"id":4125057,"type":"buy","buyer":"atma.love","seller":"master-lamps","symbol":"LOLZ","quantity":"0.01537432","price":"0.04179991","timestamp":1660408248,"volume":"0.00064265","buyTxId":"faf8ab3d89fe696bcb9377b4662bde982e34b0bf","sellTxId":"454a41d9e2611721a39739fa2d83aebec27cc55c"}
{"index": {"_index":"lolz","_id":"4125058"}}
	{"id":4125058,"type":"buy","buyer":"atma.love","seller":"onlydoge","symbol":"LOLZ","quantity":"128.95929842","price":"0.04179999","timestamp":1660408248,"volume":"5.39049738","buyTxId":"faf8ab3d89fe696bcb9377b4662bde982e34b0bf","sellTxId":"c8e5c5d84c038357b0b76f956a51f3eb78bbb0c4"}
{"index": {"_index":"lolz","_id":"4125059"}}
	{"id":4125059,"type":"buy","buyer":"atma.love","seller":"demotruk","symbol":"LOLZ","quantity":"1.00000000","price":"0.04190000","timestamp":1660408248,"volume":"0.04190000","buyTxId":"faf8ab3d89fe696bcb9377b4662bde982e34b0bf","sellTxId":"051b1016135d99fc0cd3128bae526230298a3983"}
{"index": {"_index":"lolz","_id":"4125130"}}
	{"id":4125130,"type":"buy","buyer":"atma.love","seller":"brianhuang","symbol":"LOLZ","quantity":"10.71404007","price":"0.04669898","timestamp":1660409052,"volume":"0.50033474","buyTxId":"e710b28ce285b98a82f89e880128ced0b751d239","sellTxId":"89095208d5d1d46196e2d18dd022f4577daa8617"}
{"index": {"_index":"lolz","_id":"4125131"}}
	{"id":4125131,"type":"buy","buyer":"atma.love","seller":"kojiri","symbol":"LOLZ","quantity":"100.00000000","price":"0.04670000","timestamp":1660409052,"volume":"4.67000000","buyTxId":"e710b28ce285b98a82f89e880128ced0b751d239","sellTxId":"9a4d4afb25d3920c365b8fd417405350b9299a4a"}
{"index": {"_index":"lolz","_id":"4125132"}}
	{"id":4125132,"type":"buy","buyer":"atma.love","seller":"lorddiablo","symbol":"LOLZ","quantity":"92.00000000","price":"0.04800000","timestamp":1660409052,"volume":"4.41600000","buyTxId":"e710b28ce285b98a82f89e880128ced0b751d239","sellTxId":"bd9dc78953cc03098793b801e3063bc7d88a31ea"}
{"index": {"_index":"lolz","_id":"4125133"}}
	{"id":4125133,"type":"buy","buyer":"atma.love","seller":"dksart","symbol":"LOLZ","quantity":"25.00000000","price":"0.04880000","timestamp":1660409052,"volume":"1.22000000","buyTxId":"e710b28ce285b98a82f89e880128ced0b751d239","sellTxId":"046bbdc6b4aefe44c16c4052d3daf2272d925c8d"}
{"index": {"_index":"lolz","_id":"4125134"}}
	{"id":4125134,"type":"buy","buyer":"atma.love","seller":"ruralio","symbol":"LOLZ","quantity":"4.00000000","price":"0.04899400","timestamp":1660409052,"volume":"0.19597600","buyTxId":"e710b28ce285b98a82f89e880128ced0b751d239","sellTxId":"f3da616956d129c1efe6951895aa3bff9a12757e"}
{"index": {"_index":"lolz","_id":"4125135"}}
	{"id":4125135,"type":"buy","buyer":"atma.love","seller":"bilidrg","symbol":"LOLZ","quantity":"6.00000000","price":"0.05200000","timestamp":1660409052,"volume":"0.31200000","buyTxId":"e710b28ce285b98a82f89e880128ced0b751d239","sellTxId":"d648b4dcfe8625cd6f3070a4e3bd1b5897fa8e5c"}
{"index": {"_index":"lolz","_id":"4125136"}}
	{"id":4125136,"type":"buy","buyer":"atma.love","seller":"ruralio","symbol":"LOLZ","quantity":"3.00000000","price":"0.05399600","timestamp":1660409052,"volume":"0.16198800","buyTxId":"e710b28ce285b98a82f89e880128ced0b751d239","sellTxId":"b54f3ed39fb3d833baf230ceebdf6a12c6f9809c"}
{"index": {"_index":"lolz","_id":"4125137"}}
	{"id":4125137,"type":"buy","buyer":"atma.love","seller":"braaiboy","symbol":"LOLZ","quantity":"7.47789254","price":"0.05500000","timestamp":1660409052,"volume":"0.41128409","buyTxId":"e710b28ce285b98a82f89e880128ced0b751d239","sellTxId":"47154d3f90cda51bf94f7c611d0846d6510644f3"}
{"index": {"_index":"lolz","_id":"4125138"}}
	{"id":4125138,"type":"buy","buyer":"atma.love","seller":"liotes","symbol":"LOLZ","quantity":"9.00000000","price":"0.05700000","timestamp":1660409052,"volume":"0.51300000","buyTxId":"e710b28ce285b98a82f89e880128ced0b751d239","sellTxId":"85c9d809bb9bd39d76e13e66544e473ae33dcd68"}
{"index": {"_index":"lolz","_id":"4125139"}}
	{"id":4125139,"type":"buy","buyer":"atma.love","seller":"brianhuang","symbol":"LOLZ","quantity":"207.87548967","price":"0.05855879","timestamp":1660409052,"volume":"12.17293715","buyTxId":"e710b28ce285b98a82f89e880128ced0b751d239","sellTxId":"f2be5f074e2c4b17fa3a358182403d8a593f0c9f"}
{"index": {"_index":"lolz","_id":"4125140"}}
	{"id":4125140,"type":"buy","buyer":"atma.love","seller":"barski","symbol":"LOLZ","quantity":"1.00484285","price":"0.05856400","timestamp":1660409052,"volume":"0.05884762","buyTxId":"e710b28ce285b98a82f89e880128ced0b751d239","sellTxId":"9bd78d0fc618ee4ad57014d3861d005fc43d6218"}
{"index": {"_index":"lolz","_id":"4125141"}}
	{"id":4125141,"type":"buy","buyer":"atma.love","seller":"daniarc","symbol":"LOLZ","quantity":"6.00000000","price":"0.05856770","timestamp":1660409052,"volume":"0.35140620","buyTxId":"e710b28ce285b98a82f89e880128ced0b751d239","sellTxId":"1446d38ee3be17c623e014b891ed000906f8b0b1"}
{"index": {"_index":"lolz","_id":"4125142"}}
	{"id":4125142,"type":"buy","buyer":"atma.love","seller":"brianhuang","symbol":"LOLZ","quantity":"311.73437236","price":"0.05856780","timestamp":1660409052,"volume":"18.25759637","buyTxId":"e710b28ce285b98a82f89e880128ced0b751d239","sellTxId":"31be14840dc9a58004aaa76d1dbf62797504ee8e"}
{"index": {"_index":"lolz","_id":"4125177"}}
	{"id":4125177,"type":"sell","buyer":"atma.love","seller":"dswap","symbol":"LOLZ","quantity":"35","price":"0.05856780","timestamp":1660409469,"volume":"2.04987300","buyTxId":"e710b28ce285b98a82f89e880128ced0b751d239","sellTxId":"cdbb7873d71fca5ef5bccc6dde3791beff885b37"}
{"index": {"_index":"lolz","_id":"4125244"}}
	{"id":4125244,"type":"sell","buyer":"atma.love","seller":"beyondhorizonmm","symbol":"LOLZ","quantity":"5.00084848","price":"0.05856780","timestamp":1660410459,"volume":"0.29288869","buyTxId":"e710b28ce285b98a82f89e880128ced0b751d239","sellTxId":"279b441628e1f987c97abcab7c7868c2dd6d91d4"}
{"index": {"_index":"lolz","_id":"4125591"}}
	{"id":4125591,"type":"sell","buyer":"onlydoge","seller":"simplegame","symbol":"LOLZ","quantity":"2.00000000","price":"0.04190100","timestamp":1660414362,"volume":"0.08380200","buyTxId":"d06a54fbbcf564936fbee98c5431a056f9f800bc","sellTxId":"d6cf24ce09b16e7ae89ad74aae2fd89cc17120db"}
{"index": {"_index":"lolz","_id":"4125651"}}
	{"id":4125651,"type":"sell","buyer":"onlydoge","seller":"realsort","symbol":"LOLZ","quantity":"21.03751520","price":"0.04190100","timestamp":1660414968,"volume":"0.88149292","buyTxId":"d06a54fbbcf564936fbee98c5431a056f9f800bc","sellTxId":"aab5f0dbd9c98a1299f94b2d8fa99d73ec00bdb9"}
{"index": {"_index":"lolz","_id":"4125807"}}
	{"id":4125807,"type":"sell","buyer":"onlydoge","seller":"ydaiznfts","symbol":"LOLZ","quantity":"3.04739742","price":"0.04190100","timestamp":1660417266,"volume":"0.12768900","buyTxId":"d06a54fbbcf564936fbee98c5431a056f9f800bc","sellTxId":"5e55acdd95f70a2ca8a42351bac5793056646189"}
{"index": {"_index":"lolz","_id":"4125894"}}
	{"id":4125894,"type":"sell","buyer":"onlydoge","seller":"captainquack22","symbol":"LOLZ","quantity":"7","price":"0.04190100","timestamp":1660419009,"volume":"0.29330700","buyTxId":"d06a54fbbcf564936fbee98c5431a056f9f800bc","sellTxId":"39f5a2a1dcd72fb2b68ff1a3385216c6d13c500f"}
{"index": {"_index":"lolz","_id":"4126011"}}
	{"id":4126011,"type":"sell","buyer":"zionazrael","seller":"vagabond42069","symbol":"LOLZ","quantity":"2.00008442","price":"0.04190101","timestamp":1660420836,"volume":"0.08380556","buyTxId":"05d8b0cd7b87e1f63039c53140c6f886b5d884b3","sellTxId":"cb2b40de32e78a25d01b2232c0af7d84ec270a26"}
{"index": {"_index":"lolz","_id":"4126047"}}
	{"id":4126047,"type":"sell","buyer":"zionazrael","seller":"weldmaster","symbol":"LOLZ","quantity":"20.94053968","price":"0.04190101","timestamp":1660421349,"volume":"0.87742976","buyTxId":"05d8b0cd7b87e1f63039c53140c6f886b5d884b3","sellTxId":"5d011ab4a280979396da0709bd9dab381349a541"}
{"index": {"_index":"lolz","_id":"4126189"}}
	{"id":4126189,"type":"sell","buyer":"zionazrael","seller":"aldrahad","symbol":"LOLZ","quantity":"1.00000000","price":"0.04190101","timestamp":1660423914,"volume":"0.04190101","buyTxId":"05d8b0cd7b87e1f63039c53140c6f886b5d884b3","sellTxId":"e648effb7c86038b0459685c9e6b5884a1677345"}
{"index": {"_index":"lolz","_id":"4126286"}}
	{"id":4126286,"type":"sell","buyer":"zionazrael","seller":"operahoser","symbol":"LOLZ","quantity":"0.00005997","price":"0.04190101","timestamp":1660425414,"volume":"0.00000251","buyTxId":"05d8b0cd7b87e1f63039c53140c6f886b5d884b3","sellTxId":"baa3011225da1d16589c0c1ae9c6aac4337173c8"}
{"index": {"_index":"lolz","_id":"4126308"}}
	{"id":4126308,"type":"sell","buyer":"zionazrael","seller":"zeruxanime","symbol":"LOLZ","quantity":"4.00000000","price":"0.04190101","timestamp":1660425573,"volume":"0.16760404","buyTxId":"05d8b0cd7b87e1f63039c53140c6f886b5d884b3","sellTxId":"31c4c4d1c0f54ad02ae62bb92f2350f8cfc25912"}
{"index": {"_index":"lolz","_id":"4126384"}}
	{"id":4126384,"type":"sell","buyer":"zionazrael","seller":"bokica80","symbol":"LOLZ","quantity":"1.00000000","price":"0.04190101","timestamp":1660426557,"volume":"0.04190101","buyTxId":"05d8b0cd7b87e1f63039c53140c6f886b5d884b3","sellTxId":"671bddcc2aebfbbee43ad3db8860502ecf659cb6"}
{"index": {"_index":"lolz","_id":"4126407"}}
	{"id":4126407,"type":"sell","buyer":"zionazrael","seller":"enochsears","symbol":"LOLZ","quantity":"1.82005721","price":"0.04190101","timestamp":1660426758,"volume":"0.07626224","buyTxId":"05d8b0cd7b87e1f63039c53140c6f886b5d884b3","sellTxId":"4e917d662677277775b565060de697d10dd5b834"}
{"index": {"_index":"lolz","_id":"4126525"}}
	{"id":4126525,"type":"sell","buyer":"zionazrael","seller":"hivelander","symbol":"LOLZ","quantity":"1","price":"0.04190101","timestamp":1660428429,"volume":"0.04190101","buyTxId":"05d8b0cd7b87e1f63039c53140c6f886b5d884b3","sellTxId":"2a247ad18ea64f4bf76e067359b197eafb0bb3ec"}
{"index": {"_index":"lolz","_id":"4127096"}}
	{"id":4127096,"type":"buy","buyer":"dswap","seller":"onlydoge","symbol":"LOLZ","quantity":"1.95183263","price":"0.05700000","timestamp":1660436583,"volume":"0.11125446","buyTxId":"6f93648ef05a6749be3ffa86b6bd865332b8f3c7","sellTxId":"d803990fcdce937d5e3afd1e66a537817c56a38d"}
{"index": {"_index":"lolz","_id":"4127309"}}
	{"id":4127309,"type":"buy","buyer":"dswap","seller":"onlydoge","symbol":"LOLZ","quantity":"2.91869298","price":"0.05700000","timestamp":1660439121,"volume":"0.16636550","buyTxId":"f7841c15739b5b7b69225d9c499ea1698d1baa8e","sellTxId":"d803990fcdce937d5e3afd1e66a537817c56a38d"}
{"index": {"_index":"lolz","_id":"4127470"}}
	{"id":4127470,"type":"sell","buyer":"zionazrael","seller":"forexbrokr","symbol":"LOLZ","quantity":"5.00000000","price":"0.04190103","timestamp":1660441512,"volume":"0.20950515","buyTxId":"1ab2e34e12a5836ea23d27d80e259b66f127a73e","sellTxId":"d759d357c12e6650358b97a0f43c8ea47673e218"}
{"index": {"_index":"lolz","_id":"4127626"}}
	{"id":4127626,"type":"sell","buyer":"zionazrael","seller":"steem82868","symbol":"LOLZ","quantity":"0.00053849","price":"0.04190103","timestamp":1660444431,"volume":"0.00002256","buyTxId":"1ab2e34e12a5836ea23d27d80e259b66f127a73e","sellTxId":"c0347082eef1b4d52ca01662bf87062fc0d6d655"}
{"index": {"_index":"lolz","_id":"4127664"}}
	{"id":4127664,"type":"sell","buyer":"zionazrael","seller":"sabajfa","symbol":"LOLZ","quantity":"107.22076169","price":"0.04190103","timestamp":1660445022,"volume":"4.49266035","buyTxId":"1ab2e34e12a5836ea23d27d80e259b66f127a73e","sellTxId":"5ea81259de8b6351453dc0007bb17866a4aba619"}
