{"index": {"_index":"lolz","_id":"3185220"}}
	{"id":3185220,"type":"sell","buyer":"arpuch","seller":"mima2606","symbol":"LOLZ","quantity":"18.00000000","price":"0.03769999","timestamp":1649812263,"volume":"0.67859982","buyTxId":"1a41e2d98f557874a0e55ddc2be3ba3776a7dda5","sellTxId":"fb0dcf0dabe2236bf484132cffbcfebf7e3ba75d"}
{"index": {"_index":"lolz","_id":"3185992"}}
	{"id":3185992,"type":"buy","buyer":"memehive","seller":"forsakensushi","symbol":"LOLZ","quantity":"156.11827819","price":"0.04980000","timestamp":1649824026,"volume":"7.77469025","buyTxId":"da253cb5cfd8f5036e88c204b9926a6f5891d8fb","sellTxId":"2eb23ea43f5d5512c8ceeb8f578dfb1517663913"}
{"index": {"_index":"lolz","_id":"3185993"}}
	{"id":3185993,"type":"buy","buyer":"memehive","seller":"magicbeans","symbol":"LOLZ","quantity":"50.54322868","price":"0.04990000","timestamp":1649824026,"volume":"2.52210711","buyTxId":"da253cb5cfd8f5036e88c204b9926a6f5891d8fb","sellTxId":"75376cbd203aca7b792fe6f207afe1fa28a12cdc"}
{"index": {"_index":"lolz","_id":"3186143"}}
	{"id":3186143,"type":"sell","buyer":"floki-skarsgaard","seller":"lipe100dedos","symbol":"LOLZ","quantity":"3.00000000","price":"0.03770000","timestamp":1649826453,"volume":"0.11310000","buyTxId":"afb61765a39d55a79c1119fbca7320e8097cfa4c","sellTxId":"75e6ae387417693664a308fdfa1baac50455beb9"}
{"index": {"_index":"lolz","_id":"3186610"}}
	{"id":3186610,"type":"sell","buyer":"floki-skarsgaard","seller":"osomar357","symbol":"LOLZ","quantity":"1.00000000","price":"0.03770000","timestamp":1649835366,"volume":"0.03770000","buyTxId":"afb61765a39d55a79c1119fbca7320e8097cfa4c","sellTxId":"d097881b8d58f2162e07588febe2d3ae762a6e90"}
{"index": {"_index":"lolz","_id":"3186652"}}
	{"id":3186652,"type":"sell","buyer":"floki-skarsgaard","seller":"gestion.alive","symbol":"LOLZ","quantity":"5.00000000","price":"0.03770000","timestamp":1649836158,"volume":"0.18850000","buyTxId":"afb61765a39d55a79c1119fbca7320e8097cfa4c","sellTxId":"6f012728d3abd37e37f1e9235e838fec91b26b44"}
{"index": {"_index":"lolz","_id":"3186835"}}
	{"id":3186835,"type":"sell","buyer":"floki-skarsgaard","seller":"themarkymark","symbol":"LOLZ","quantity":"1.00000000","price":"0.03770000","timestamp":1649838354,"volume":"0.03770000","buyTxId":"afb61765a39d55a79c1119fbca7320e8097cfa4c","sellTxId":"ddae8f193f39bd15c0896ef1ceb0063ca0448ecf"}
{"index": {"_index":"lolz","_id":"3187143"}}
	{"id":3187143,"type":"sell","buyer":"floki-skarsgaard","seller":"urun","symbol":"LOLZ","quantity":"19.00000000","price":"0.03770000","timestamp":1649842182,"volume":"0.71630000","buyTxId":"afb61765a39d55a79c1119fbca7320e8097cfa4c","sellTxId":"324ace79bcc3964f3e534425f1de6c1417662dcc"}
{"index": {"_index":"lolz","_id":"3188101"}}
	{"id":3188101,"type":"sell","buyer":"floki-skarsgaard","seller":"itharagaian","symbol":"LOLZ","quantity":"2.00000000","price":"0.03770000","timestamp":1649854593,"volume":"0.07540000","buyTxId":"afb61765a39d55a79c1119fbca7320e8097cfa4c","sellTxId":"e7463a79754f3ad580e26d71ffb382c3d1f424c5"}
{"index": {"_index":"lolz","_id":"3188180"}}
	{"id":3188180,"type":"sell","buyer":"floki-skarsgaard","seller":"steem82868","symbol":"LOLZ","quantity":"5.76872742","price":"0.03770000","timestamp":1649855649,"volume":"0.21748102","buyTxId":"afb61765a39d55a79c1119fbca7320e8097cfa4c","sellTxId":"186210bf9f31761da0d98aca92671557449f1eb4"}
{"index": {"_index":"lolz","_id":"3188794"}}
	{"id":3188794,"type":"buy","buyer":"hoosie","seller":"magicbeans","symbol":"LOLZ","quantity":"2.00000000","price":"0.04990000","timestamp":1649862885,"volume":"0.09980000","buyTxId":"7379b465490c751ee3da49d8eaefe83ebc038dc2","sellTxId":"75376cbd203aca7b792fe6f207afe1fa28a12cdc"}
{"index": {"_index":"lolz","_id":"3189380"}}
	{"id":3189380,"type":"sell","buyer":"floki-skarsgaard","seller":"fnvdesigns","symbol":"LOLZ","quantity":"0.12046216","price":"0.03770000","timestamp":1649869206,"volume":"0.00454142","buyTxId":"afb61765a39d55a79c1119fbca7320e8097cfa4c","sellTxId":"a96e17c2b337afd627f8d8bcc605a10836383f48"}
{"index": {"_index":"lolz","_id":"3189535"}}
	{"id":3189535,"type":"sell","buyer":"floki-skarsgaard","seller":"apoloo1","symbol":"LOLZ","quantity":"0.03712310","price":"0.03770000","timestamp":1649870334,"volume":"0.00139954","buyTxId":"afb61765a39d55a79c1119fbca7320e8097cfa4c","sellTxId":"0d4dab39fe4d434cef204bf6f4439fd31c4600cb"}
{"index": {"_index":"lolz","_id":"3189934"}}
	{"id":3189934,"type":"sell","buyer":"floki-skarsgaard","seller":"dswap","symbol":"LOLZ","quantity":"6","price":"0.03770000","timestamp":1649873607,"volume":"0.22620000","buyTxId":"afb61765a39d55a79c1119fbca7320e8097cfa4c","sellTxId":"05601193ad96a944f086cba8f6e7797edce49529"}
{"index": {"_index":"lolz","_id":"3190090"}}
	{"id":3190090,"type":"sell","buyer":"floki-skarsgaard","seller":"frawdielp2","symbol":"LOLZ","quantity":"0.03410758","price":"0.03770000","timestamp":1649875116,"volume":"0.00128586","buyTxId":"afb61765a39d55a79c1119fbca7320e8097cfa4c","sellTxId":"e1562215116908878ca953d12e76a32b2cb16a4b"}
{"index": {"_index":"lolz","_id":"3190287"}}
	{"id":3190287,"type":"sell","buyer":"floki-skarsgaard","seller":"andy4475","symbol":"LOLZ","quantity":"3.06054595","price":"0.03770000","timestamp":1649876046,"volume":"0.11538258","buyTxId":"afb61765a39d55a79c1119fbca7320e8097cfa4c","sellTxId":"2410fb1f2c1188910f6140d6a0ac95bd4acdc365"}
{"index": {"_index":"lolz","_id":"3191243"}}
	{"id":3191243,"type":"sell","buyer":"brianhuang","seller":"pixresteemer","symbol":"LOLZ","quantity":"1.00000000","price":"0.03780000","timestamp":1649887329,"volume":"0.03780000","buyTxId":"8e46e3256eca7d26c568ba6f2bb76fa5691f8555","sellTxId":"e0390409bdd0675c96899c82f8efd8ced1345823"}
{"index": {"_index":"lolz","_id":"3191296"}}
	{"id":3191296,"type":"sell","buyer":"brianhuang","seller":"unlikelysurvivor","symbol":"LOLZ","quantity":"0.00525932","price":"0.03780000","timestamp":1649887878,"volume":"0.00019880","buyTxId":"8e46e3256eca7d26c568ba6f2bb76fa5691f8555","sellTxId":"8bf507e58748e24ee3ef70bed43a3cee8a1955dd"}
{"index": {"_index":"lolz","_id":"3191365"}}
	{"id":3191365,"type":"sell","buyer":"brianhuang","seller":"fnvdesigns","symbol":"LOLZ","quantity":"0.00541789","price":"0.03780000","timestamp":1649889024,"volume":"0.00020480","buyTxId":"8e46e3256eca7d26c568ba6f2bb76fa5691f8555","sellTxId":"286cb4292137fb9b7939de373061efa3479a3f9e"}
{"index": {"_index":"lolz","_id":"3191529"}}
	{"id":3191529,"type":"sell","buyer":"brianhuang","seller":"bokica80","symbol":"LOLZ","quantity":"1.00000000","price":"0.03780000","timestamp":1649891442,"volume":"0.03780000","buyTxId":"8e46e3256eca7d26c568ba6f2bb76fa5691f8555","sellTxId":"1658d1ecefcd6cd6dd29e018f5d47ed5652ac550"}
{"index": {"_index":"lolz","_id":"3191670"}}
	{"id":3191670,"type":"sell","buyer":"forsakensushi","seller":"andy4475","symbol":"LOLZ","quantity":"2.00000000","price":"0.03780100","timestamp":1649893566,"volume":"0.07560200","buyTxId":"3cc63d9dea92744d5555000aead7f2e7efdf6be4","sellTxId":"961c1874d8fcf87398cf4529740bff4c0f28a222"}
{"index": {"_index":"lolz","_id":"3191853"}}
	{"id":3191853,"type":"sell","buyer":"forsakensushi","seller":"maggotmilk","symbol":"LOLZ","quantity":"3.00000000","price":"0.03780100","timestamp":1649895900,"volume":"0.11340300","buyTxId":"3cc63d9dea92744d5555000aead7f2e7efdf6be4","sellTxId":"ca8c96581a71bb2436e49cd23039a70e9de36887"}
{"index": {"_index":"lolz","_id":"3191916"}}
	{"id":3191916,"type":"sell","buyer":"forsakensushi","seller":"steem82868","symbol":"LOLZ","quantity":"2.00000000","price":"0.03780100","timestamp":1649896776,"volume":"0.07560200","buyTxId":"3cc63d9dea92744d5555000aead7f2e7efdf6be4","sellTxId":"b618e7eba3379e6b9cc0b70e7d0a208af967d045"}
{"index": {"_index":"lolz","_id":"3191931"}}
	{"id":3191931,"type":"sell","buyer":"forsakensushi","seller":"bobthebuilder2","symbol":"LOLZ","quantity":"2.81604704","price":"0.03780100","timestamp":1649897049,"volume":"0.10644939","buyTxId":"3cc63d9dea92744d5555000aead7f2e7efdf6be4","sellTxId":"5cc8621f0b9108d044ffa1764fd55a3d53e76b0f"}
{"index": {"_index":"lolz","_id":"3192089"}}
	{"id":3192089,"type":"sell","buyer":"forsakensushi","seller":"dswap","symbol":"LOLZ","quantity":"1","price":"0.03780100","timestamp":1649898567,"volume":"0.03780100","buyTxId":"3cc63d9dea92744d5555000aead7f2e7efdf6be4","sellTxId":"f5d46b7e2031afa8e9d9c349560abf0a9dc24a89"}
