{"index": {"_index":"lolz","_id":"3570883"}}
	{"id":3570883,"type":"sell","buyer":"magicbeans","seller":"marimeche2012","symbol":"LOLZ","quantity":"5.00000000","price":"0.05101001","timestamp":1653964614,"volume":"0.25505005","buyTxId":"45a0fec0ba0e84fea647049a7101bb996ce77577","sellTxId":"7af444830e0018a92efed397f9f73070d6f2c645"}
{"index": {"_index":"lolz","_id":"3571276"}}
	{"id":3571276,"type":"sell","buyer":"magicbeans","seller":"captainquack22","symbol":"LOLZ","quantity":"12","price":"0.05102001","timestamp":1653970017,"volume":"0.61224012","buyTxId":"20c634d230fc5df73f124f2c614a482c8313719a","sellTxId":"7093414a5ae4a9d9a522bde40ea4508c169913c3"}
{"index": {"_index":"lolz","_id":"3571344"}}
	{"id":3571344,"type":"buy","buyer":"ironshield","seller":"noblebright","symbol":"LOLZ","quantity":"0.01130182","price":"0.05102010","timestamp":1653971130,"volume":"0.00057662","buyTxId":"a74a137e6463d6dc061378bcb5189d5c24255965","sellTxId":"51c54e68401932ebe2a84732fd06d0cd19c00064"}
{"index": {"_index":"lolz","_id":"3571378"}}
	{"id":3571378,"type":"sell","buyer":"magicbeans","seller":"lipe100dedos","symbol":"LOLZ","quantity":"3.00000000","price":"0.05102001","timestamp":1653971853,"volume":"0.15306003","buyTxId":"20c634d230fc5df73f124f2c614a482c8313719a","sellTxId":"947eb5b64413b2a6da496be7819671ead6b9e565"}
{"index": {"_index":"lolz","_id":"3571448"}}
	{"id":3571448,"type":"sell","buyer":"magicbeans","seller":"nathen007","symbol":"LOLZ","quantity":"1","price":"0.05102001","timestamp":1653972996,"volume":"0.05102001","buyTxId":"20c634d230fc5df73f124f2c614a482c8313719a","sellTxId":"2fe138e405ff74ec3a1cde61da7f9498d4e4ffaf"}
{"index": {"_index":"lolz","_id":"3572065"}}
	{"id":3572065,"type":"sell","buyer":"magicbeans","seller":"dswap","symbol":"LOLZ","quantity":"1.00352994","price":"0.05102001","timestamp":1653981312,"volume":"0.05120011","buyTxId":"20c634d230fc5df73f124f2c614a482c8313719a","sellTxId":"160b3e205ac71f6bc01fb0b25359bd79a3aeda25"}
{"index": {"_index":"lolz","_id":"3572208"}}
	{"id":3572208,"type":"sell","buyer":"magicbeans","seller":"itharagaian","symbol":"LOLZ","quantity":"3.00047545","price":"0.05102001","timestamp":1653983115,"volume":"0.15308429","buyTxId":"20c634d230fc5df73f124f2c614a482c8313719a","sellTxId":"cc43f4290beb410ec3699bdd19d60109af410469"}
{"index": {"_index":"lolz","_id":"3572249"}}
	{"id":3572249,"type":"buy","buyer":"kolbjorn","seller":"steem82868","symbol":"LOLZ","quantity":"0.85051780","price":"0.07280000","timestamp":1653983715,"volume":"0.06191770","buyTxId":"3cc07bda865b475a4decc2d6e69a03830ac075bc","sellTxId":"3a18b95ef6d3a1554834f7b119dc50431e62447d"}
{"index": {"_index":"lolz","_id":"3572254"}}
	{"id":3572254,"type":"buy","buyer":"kolbjorn","seller":"roger.remix","symbol":"LOLZ","quantity":"4.00000000","price":"0.07570000","timestamp":1653983784,"volume":"0.30280000","buyTxId":"1132d59c4a9f041dc27aa07d49f2095ccf0abc29","sellTxId":"cf4d5a931670f1fc2b0e0c8a2fbed54be063d6fb"}
{"index": {"_index":"lolz","_id":"3572271"}}
	{"id":3572271,"type":"buy","buyer":"kolbjorn","seller":"roger.remix","symbol":"LOLZ","quantity":"2.00000000","price":"0.07570000","timestamp":1653983952,"volume":"0.15140000","buyTxId":"19f5cfe44e1c1aa958f1cba5fb084e3bb1acaa03","sellTxId":"cf4d5a931670f1fc2b0e0c8a2fbed54be063d6fb"}
{"index": {"_index":"lolz","_id":"3572396"}}
	{"id":3572396,"type":"sell","buyer":"magicbeans","seller":"hive-143869","symbol":"LOLZ","quantity":"1.00003255","price":"0.05102001","timestamp":1653985482,"volume":"0.05102167","buyTxId":"20c634d230fc5df73f124f2c614a482c8313719a","sellTxId":"8e937f1801a2bcc5841cfbb581f9c2678f5872c7"}
{"index": {"_index":"lolz","_id":"3572608"}}
	{"id":3572608,"type":"sell","buyer":"magicbeans","seller":"cursephantom","symbol":"LOLZ","quantity":"0.26729047","price":"0.05102001","timestamp":1653988464,"volume":"0.01363716","buyTxId":"20c634d230fc5df73f124f2c614a482c8313719a","sellTxId":"f72dc2dd7bc5d94777b5d440794b2db24a98f42a"}
{"index": {"_index":"lolz","_id":"3572611"}}
	{"id":3572611,"type":"sell","buyer":"onlydoge","seller":"cursephantom","symbol":"LOLZ","quantity":"1.73270953","price":"0.05102000","timestamp":1653988527,"volume":"0.08840284","buyTxId":"0bd46e1a94603fc01c4f2eaf65ae9e330b814275","sellTxId":"05c6ce87f5ac9c9cbe0d8a07790aef24cca4c397"}
{"index": {"_index":"lolz","_id":"3572756"}}
	{"id":3572756,"type":"buy","buyer":"hafiz34","seller":"magicbeans","symbol":"LOLZ","quantity":"6.00000000","price":"0.07559999","timestamp":1653990399,"volume":"0.45359994","buyTxId":"e1ed4a19af557aac6ded7177c05118caedbd0728","sellTxId":"229b7b13e844d922735330e62de884dce9fb059d"}
{"index": {"_index":"lolz","_id":"3573116"}}
	{"id":3573116,"type":"sell","buyer":"onlydoge","seller":"dirego1","symbol":"LOLZ","quantity":"39.00006904","price":"0.05102000","timestamp":1653995307,"volume":"1.98978352","buyTxId":"0bd46e1a94603fc01c4f2eaf65ae9e330b814275","sellTxId":"2cd696265b3be80388cf21922958675ee471f627"}
{"index": {"_index":"lolz","_id":"3573556"}}
	{"id":3573556,"type":"sell","buyer":"onlydoge","seller":"xplosive","symbol":"LOLZ","quantity":"0.70000000","price":"0.05102000","timestamp":1654000647,"volume":"0.03571400","buyTxId":"0bd46e1a94603fc01c4f2eaf65ae9e330b814275","sellTxId":"8fdbab79399c3498ab0d910011c084312e062869"}
{"index": {"_index":"lolz","_id":"3573717"}}
	{"id":3573717,"type":"sell","buyer":"onlydoge","seller":"steem82868","symbol":"LOLZ","quantity":"0.47698416","price":"0.05102000","timestamp":1654003260,"volume":"0.02433573","buyTxId":"0bd46e1a94603fc01c4f2eaf65ae9e330b814275","sellTxId":"e33067f6e7ddfa70a69f14b853799ad3d1137ac8"}
{"index": {"_index":"lolz","_id":"3574232"}}
	{"id":3574232,"type":"sell","buyer":"onlydoge","seller":"silvertop","symbol":"LOLZ","quantity":"1.00000000","price":"0.05102000","timestamp":1654008054,"volume":"0.05102000","buyTxId":"0bd46e1a94603fc01c4f2eaf65ae9e330b814275","sellTxId":"99b265db47aacab9f581f05a3dd0faaba1c3911c"}
{"index": {"_index":"lolz","_id":"3574587"}}
	{"id":3574587,"type":"sell","buyer":"onlydoge","seller":"miketr","symbol":"LOLZ","quantity":"14.50333982","price":"0.05102000","timestamp":1654011786,"volume":"0.73996040","buyTxId":"0bd46e1a94603fc01c4f2eaf65ae9e330b814275","sellTxId":"19c1067158c63972d15c475cfac5eeaebc7b41ef"}
{"index": {"_index":"lolz","_id":"3574625"}}
	{"id":3574625,"type":"sell","buyer":"onlydoge","seller":"zottone444","symbol":"LOLZ","quantity":"10.00000000","price":"0.05102000","timestamp":1654012143,"volume":"0.51020000","buyTxId":"0bd46e1a94603fc01c4f2eaf65ae9e330b814275","sellTxId":"83c0f6f6ed9879d923e0bfcface3b28c5c2859dd"}
{"index": {"_index":"lolz","_id":"3574638"}}
	{"id":3574638,"type":"sell","buyer":"onlydoge","seller":"steem82868","symbol":"LOLZ","quantity":"0.96007919","price":"0.05102000","timestamp":1654012194,"volume":"0.04898324","buyTxId":"0bd46e1a94603fc01c4f2eaf65ae9e330b814275","sellTxId":"f5f0d0906a7342bbf59a3c9cd68259084ad70bce"}
{"index": {"_index":"lolz","_id":"3575023"}}
	{"id":3575023,"type":"sell","buyer":"onlydoge","seller":"laritheghost","symbol":"LOLZ","quantity":"0.13349322","price":"0.05102000","timestamp":1654015302,"volume":"0.00681082","buyTxId":"0bd46e1a94603fc01c4f2eaf65ae9e330b814275","sellTxId":"205dddaef4e04b1fb9311b53159d5a0bc0ce628f"}
{"index": {"_index":"lolz","_id":"3575512"}}
	{"id":3575512,"type":"sell","buyer":"onlydoge","seller":"denmarkguy","symbol":"LOLZ","quantity":"0.00649793","price":"0.05102000","timestamp":1654018767,"volume":"0.00033152","buyTxId":"0bd46e1a94603fc01c4f2eaf65ae9e330b814275","sellTxId":"b15dd18c4ea44cca92f0abc9f3c9d0a08e81ce45"}
{"index": {"_index":"lolz","_id":"3575698"}}
	{"id":3575698,"type":"buy","buyer":"yintercept","seller":"revideogf","symbol":"LOLZ","quantity":"0.00029632","price":"0.05102591","timestamp":1654019496,"volume":"0.00001512","buyTxId":"76dd20dc4ba0ae813d46f6cc7b9b7139e13f72ba","sellTxId":"e95221ec2a98a46cfcdc1625d5fad3c722e93022"}
{"index": {"_index":"lolz","_id":"3576037"}}
	{"id":3576037,"type":"sell","buyer":"yintercept","seller":"assasinos3","symbol":"LOLZ","quantity":"6.49710333","price":"0.05102591","timestamp":1654021326,"volume":"0.33152061","buyTxId":"76dd20dc4ba0ae813d46f6cc7b9b7139e13f72ba","sellTxId":"46879536f633e08d9514b86fbe62e3d42938fb21"}
{"index": {"_index":"lolz","_id":"3576419"}}
	{"id":3576419,"type":"buy","buyer":"aliveprojects","seller":"magicbeans","symbol":"LOLZ","quantity":"15.13334881","price":"0.07499999","timestamp":1654025742,"volume":"1.13500101","buyTxId":"19bb27ec009e688a40c6c726fe6e5b5e537ba31b","sellTxId":"e6d64b16364c9a334cd3318ee1ef171ba1ea782d"}
{"index": {"_index":"lolz","_id":"3576786"}}
	{"id":3576786,"type":"sell","buyer":"onlydoge","seller":"simplegame","symbol":"LOLZ","quantity":"1.00000000","price":"0.05102000","timestamp":1654028049,"volume":"0.05102000","buyTxId":"0bd46e1a94603fc01c4f2eaf65ae9e330b814275","sellTxId":"94279f015c34c41d56fcfac2bddcefe0e7bdbdda"}
{"index": {"_index":"lolz","_id":"3576953"}}
	{"id":3576953,"type":"buy","buyer":"flaxz","seller":"magicbeans","symbol":"LOLZ","quantity":"5.62609903","price":"0.07498999","timestamp":1654030020,"volume":"0.42190111","buyTxId":"af8cf7bd47b122689300b20032f9b1e0fd250179","sellTxId":"8411d937f12a95e2bd7eeefc62b1fd05bc66a963"}
{"index": {"_index":"lolz","_id":"3577131"}}
	{"id":3577131,"type":"sell","buyer":"onlydoge","seller":"quduus1","symbol":"LOLZ","quantity":"1.00006082","price":"0.05102000","timestamp":1654031937,"volume":"0.05102310","buyTxId":"0bd46e1a94603fc01c4f2eaf65ae9e330b814275","sellTxId":"2782023cecc4d4cce60f99d5a1a1f31ce0c9d6c3"}
{"index": {"_index":"lolz","_id":"3577227"}}
	{"id":3577227,"type":"sell","buyer":"onlydoge","seller":"bashadow","symbol":"LOLZ","quantity":"19","price":"0.05102000","timestamp":1654033083,"volume":"0.96938000","buyTxId":"0bd46e1a94603fc01c4f2eaf65ae9e330b814275","sellTxId":"29f5cddd61ad45c48ee1e9d8681b766baceb4fd4"}
{"index": {"_index":"lolz","_id":"3577340"}}
	{"id":3577340,"type":"sell","buyer":"onlydoge","seller":"gadrian","symbol":"LOLZ","quantity":"2.00632766","price":"0.05102000","timestamp":1654034373,"volume":"0.10236284","buyTxId":"0bd46e1a94603fc01c4f2eaf65ae9e330b814275","sellTxId":"92d5adf66fbb7ebcb4832f54d25cc49b013491fe"}
{"index": {"_index":"lolz","_id":"3577840"}}
	{"id":3577840,"type":"sell","buyer":"onlydoge","seller":"centtrail","symbol":"LOLZ","quantity":"1.00000000","price":"0.05102000","timestamp":1654038363,"volume":"0.05102000","buyTxId":"0bd46e1a94603fc01c4f2eaf65ae9e330b814275","sellTxId":"9a62bce59cbb11df8681aee65f3f9c7e136bf0f5"}
{"index": {"_index":"lolz","_id":"3577969"}}
	{"id":3577969,"type":"sell","buyer":"onlydoge","seller":"alexandrzombi","symbol":"LOLZ","quantity":"0.00001441","price":"0.05102000","timestamp":1654039392,"volume":"0.00000074","buyTxId":"0bd46e1a94603fc01c4f2eaf65ae9e330b814275","sellTxId":"da427e0ff604a2f8b54be0e51cf63787147ac3a4"}
{"index": {"_index":"lolz","_id":"3577976"}}
	{"id":3577976,"type":"sell","buyer":"onlydoge","seller":"gestion.alive","symbol":"LOLZ","quantity":"42.00000000","price":"0.05102000","timestamp":1654039446,"volume":"2.14284000","buyTxId":"0bd46e1a94603fc01c4f2eaf65ae9e330b814275","sellTxId":"24751da5840e305f96e105524fec76be4c51bfd5"}
{"index": {"_index":"lolz","_id":"3578017"}}
	{"id":3578017,"type":"sell","buyer":"onlydoge","seller":"steem82868","symbol":"LOLZ","quantity":"0.00053167","price":"0.05102000","timestamp":1654039863,"volume":"0.00002713","buyTxId":"0bd46e1a94603fc01c4f2eaf65ae9e330b814275","sellTxId":"5c749ca3c717fabf20d63c773ff92e99bdc09753"}
{"index": {"_index":"lolz","_id":"3578973"}}
	{"id":3578973,"type":"buy","buyer":"wine-cellar","seller":"noblebright","symbol":"LOLZ","quantity":"0.01477514","price":"0.05102015","timestamp":1654049664,"volume":"0.00075383","buyTxId":"aaa61ff404658bed4a25c6caf4e89f61a7cfc6fb","sellTxId":"c32f412ce06f4a64bb7e0c0926226e0fdd5ffc69"}
