{"index": {"_index":"lolz","_id":"3917955"}}
	{"id":3917955,"type":"sell","buyer":"arpuch","seller":"operahoser","symbol":"LOLZ","quantity":"0.00005424","price":"0.04300002","timestamp":1657932327,"volume":"0.00000233","buyTxId":"cffdcb4edf0b8457eabf29baca42f53c7cf4adbe","sellTxId":"3e69151c151096b35f0b8e09c8591e3d4bac37e7"}
{"index": {"_index":"lolz","_id":"3918101"}}
	{"id":3918101,"type":"sell","buyer":"arpuch","seller":"weldmaster","symbol":"LOLZ","quantity":"11.70590217","price":"0.04300002","timestamp":1657933980,"volume":"0.50335403","buyTxId":"cffdcb4edf0b8457eabf29baca42f53c7cf4adbe","sellTxId":"8fafb6d11287676160fbf46e5cd99cb4f1769d34"}
{"index": {"_index":"lolz","_id":"3918280"}}
	{"id":3918280,"type":"sell","buyer":"arpuch","seller":"dswap","symbol":"LOLZ","quantity":"1.08997677","price":"0.04300002","timestamp":1657936638,"volume":"0.04686902","buyTxId":"cffdcb4edf0b8457eabf29baca42f53c7cf4adbe","sellTxId":"7bee9da35c8d22d280064a7c41ec35102ee140da"}
{"index": {"_index":"lolz","_id":"3918862"}}
	{"id":3918862,"type":"sell","buyer":"arpuch","seller":"ydaiznfts","symbol":"LOLZ","quantity":"6.06696090","price":"0.04300002","timestamp":1657945491,"volume":"0.26087944","buyTxId":"cffdcb4edf0b8457eabf29baca42f53c7cf4adbe","sellTxId":"bf5f58ce8fba62dca08716adadb2fde1e58b8072"}
{"index": {"_index":"lolz","_id":"3919484"}}
	{"id":3919484,"type":"sell","buyer":"matons","seller":"hive-143869","symbol":"LOLZ","quantity":"2.00001484","price":"0.04300010","timestamp":1657956327,"volume":"0.08600084","buyTxId":"43134049ed87dfa611e30fd56d53ddb1847bfdb5","sellTxId":"aa7b38c00997f6e66120b3bc28eaaa4b27b84833"}
{"index": {"_index":"lolz","_id":"3919556"}}
	{"id":3919556,"type":"sell","buyer":"matons","seller":"entraide.rewards","symbol":"LOLZ","quantity":"0.00001926","price":"0.04300010","timestamp":1657957266,"volume":"0.00000083","buyTxId":"43134049ed87dfa611e30fd56d53ddb1847bfdb5","sellTxId":"917d4ce04ec7b3794391157444c975d9b1355ed4"}
{"index": {"_index":"lolz","_id":"3919588"}}
	{"id":3919588,"type":"sell","buyer":"matons","seller":"synergie","symbol":"LOLZ","quantity":"0.00001418","price":"0.04300010","timestamp":1657957602,"volume":"0.00000061","buyTxId":"43134049ed87dfa611e30fd56d53ddb1847bfdb5","sellTxId":"b2f0feecf83cd3eea14355f71aaeb1a4d73b82a1"}
{"index": {"_index":"lolz","_id":"3919684"}}
	{"id":3919684,"type":"sell","buyer":"matons","seller":"projectmamabg","symbol":"LOLZ","quantity":"0.00960282","price":"0.04300010","timestamp":1657959051,"volume":"0.00041292","buyTxId":"43134049ed87dfa611e30fd56d53ddb1847bfdb5","sellTxId":"a5b4b55da4ca29e6cae93aace334a5611a4482c3"}
{"index": {"_index":"lolz","_id":"3920420"}}
	{"id":3920420,"type":"sell","buyer":"matons","seller":"dswap","symbol":"LOLZ","quantity":"12.68323692","price":"0.04300010","timestamp":1657971912,"volume":"0.54538046","buyTxId":"43134049ed87dfa611e30fd56d53ddb1847bfdb5","sellTxId":"0d315161312358496a6e8028ae5f658d0a215e65"}
{"index": {"_index":"lolz","_id":"3921262"}}
	{"id":3921262,"type":"sell","buyer":"matons","seller":"zottone444","symbol":"LOLZ","quantity":"1.30711198","price":"0.04300010","timestamp":1657985274,"volume":"0.05620594","buyTxId":"43134049ed87dfa611e30fd56d53ddb1847bfdb5","sellTxId":"dfff17f316d920876aa576a29c54c409e8535c52"}
{"index": {"_index":"lolz","_id":"3921300"}}
	{"id":3921300,"type":"buy","buyer":"brianhuang","seller":"zottone444","symbol":"LOLZ","quantity":"81.69288802","price":"0.04300003","timestamp":1657985760,"volume":"3.51279664","buyTxId":"f57a95b0ccc27e2a5802f0c45a725682e87d7638","sellTxId":"dfff17f316d920876aa576a29c54c409e8535c52"}
{"index": {"_index":"lolz","_id":"3921546"}}
	{"id":3921546,"type":"sell","buyer":"arpuch","seller":"phortun","symbol":"LOLZ","quantity":"1","price":"0.04300002","timestamp":1657988373,"volume":"0.04300002","buyTxId":"cffdcb4edf0b8457eabf29baca42f53c7cf4adbe","sellTxId":"2fcbe258b077845b634053fb7ca5327ba65e95d7"}
{"index": {"_index":"lolz","_id":"3921926"}}
	{"id":3921926,"type":"sell","buyer":"arpuch","seller":"captainquack22","symbol":"LOLZ","quantity":"3","price":"0.04300002","timestamp":1657991940,"volume":"0.12900006","buyTxId":"cffdcb4edf0b8457eabf29baca42f53c7cf4adbe","sellTxId":"b4d0786213ed9c21bb5e35067230e77029654e1d"}
{"index": {"_index":"lolz","_id":"3922381"}}
	{"id":3922381,"type":"sell","buyer":"arpuch","seller":"weldmaster","symbol":"LOLZ","quantity":"12.55954556","price":"0.04300002","timestamp":1657996656,"volume":"0.54006071","buyTxId":"cffdcb4edf0b8457eabf29baca42f53c7cf4adbe","sellTxId":"5ef254ace341cc7cb62136732f1ced9a6bdd6d65"}
{"index": {"_index":"lolz","_id":"3922393"}}
	{"id":3922393,"type":"sell","buyer":"arpuch","seller":"weldmaster","symbol":"LOLZ","quantity":"12.85002499","price":"0.04300002","timestamp":1657996725,"volume":"0.55255133","buyTxId":"cffdcb4edf0b8457eabf29baca42f53c7cf4adbe","sellTxId":"8782d26307ebc5e38121dadd7943539b7e0fe4a3"}
{"index": {"_index":"lolz","_id":"3922580"}}
	{"id":3922580,"type":"sell","buyer":"arpuch","seller":"newshive","symbol":"LOLZ","quantity":"1.00000000","price":"0.04300002","timestamp":1657998996,"volume":"0.04300002","buyTxId":"cffdcb4edf0b8457eabf29baca42f53c7cf4adbe","sellTxId":"30ffa842a877a861bfa3bda344eac9eebf35a559"}
{"index": {"_index":"lolz","_id":"3922772"}}
	{"id":3922772,"type":"sell","buyer":"arpuch","seller":"pousinha","symbol":"LOLZ","quantity":"13","price":"0.04300002","timestamp":1658001339,"volume":"0.55900026","buyTxId":"cffdcb4edf0b8457eabf29baca42f53c7cf4adbe","sellTxId":"20ab4c9084803aa83d8210e648057a1207bb155d"}
{"index": {"_index":"lolz","_id":"3922978"}}
	{"id":3922978,"type":"sell","buyer":"arpuch","seller":"bilidrg","symbol":"LOLZ","quantity":"6.00000000","price":"0.04300002","timestamp":1658003928,"volume":"0.25800012","buyTxId":"cffdcb4edf0b8457eabf29baca42f53c7cf4adbe","sellTxId":"c0e5fa106cbc84f32f30da89e02268aa08f66bb8"}
{"index": {"_index":"lolz","_id":"3923020"}}
	{"id":3923020,"type":"sell","buyer":"arpuch","seller":"noblebright","symbol":"LOLZ","quantity":"0.38375790","price":"0.04300002","timestamp":1658005017,"volume":"0.01650160","buyTxId":"cffdcb4edf0b8457eabf29baca42f53c7cf4adbe","sellTxId":"0872e62a999d50bb5af7e8d997498156132c4cdb"}
{"index": {"_index":"lolz","_id":"3923469"}}
	{"id":3923469,"type":"sell","buyer":"arpuch","seller":"criptosectadepit","symbol":"LOLZ","quantity":"8.08644874","price":"0.04300002","timestamp":1658010384,"volume":"0.34771746","buyTxId":"cffdcb4edf0b8457eabf29baca42f53c7cf4adbe","sellTxId":"2ea61879005dd704705e27f54b27e94ea544d77a"}
{"index": {"_index":"lolz","_id":"3923513"}}
	{"id":3923513,"type":"sell","buyer":"arpuch","seller":"ydaiznfts","symbol":"LOLZ","quantity":"5.03960723","price":"0.04300002","timestamp":1658011311,"volume":"0.21670321","buyTxId":"cffdcb4edf0b8457eabf29baca42f53c7cf4adbe","sellTxId":"e4d92b03be45ed0dfd57c64b6fb4602ea4bb0d10"}
{"index": {"_index":"lolz","_id":"3924089"}}
	{"id":3924089,"type":"sell","buyer":"arpuch","seller":"floki-skarsgaard","symbol":"LOLZ","quantity":"0.00563539","price":"0.04300002","timestamp":1658018379,"volume":"0.00024232","buyTxId":"cffdcb4edf0b8457eabf29baca42f53c7cf4adbe","sellTxId":"314df08d0cc9dd36195488a14183cd03b6f5bb3e"}
