{"index": {"_index":"lolz","_id":"3831411"}}
	{"id":3831411,"type":"sell","buyer":"steem82868","seller":"itharagaian","symbol":"LOLZ","quantity":"0.00125744","price":"0.05128000","timestamp":1656831828,"volume":"0.00006448","buyTxId":"a587a39de6a799e046796ad5909dda88a992b857","sellTxId":"2c6c5f69130b12f3dbbdf84c689bd12c6a52f5bd"}
{"index": {"_index":"lolz","_id":"3831433"}}
	{"id":3831433,"type":"sell","buyer":"steem82868","seller":"hive-143869","symbol":"LOLZ","quantity":"0.00001525","price":"0.05128000","timestamp":1656832275,"volume":"0.00000078","buyTxId":"a587a39de6a799e046796ad5909dda88a992b857","sellTxId":"2e2c677dd32789a52bca2a268789c167ff8e18e2"}
{"index": {"_index":"lolz","_id":"3831500"}}
	{"id":3831500,"type":"sell","buyer":"steem82868","seller":"synergie","symbol":"LOLZ","quantity":"0.00001457","price":"0.05128000","timestamp":1656833034,"volume":"0.00000075","buyTxId":"a587a39de6a799e046796ad5909dda88a992b857","sellTxId":"fe6dae7015c3c3df4bce3ef783290911910f9f19"}
{"index": {"_index":"lolz","_id":"3831759"}}
	{"id":3831759,"type":"sell","buyer":"steem82868","seller":"sugandhaseth","symbol":"LOLZ","quantity":"2.00000000","price":"0.05128000","timestamp":1656837300,"volume":"0.10256000","buyTxId":"a587a39de6a799e046796ad5909dda88a992b857","sellTxId":"0efb291ec02308910d0e41bf907f3326a48f2aac"}
{"index": {"_index":"lolz","_id":"3833148"}}
	{"id":3833148,"type":"sell","buyer":"steem82868","seller":"duke77","symbol":"LOLZ","quantity":"4.00000000","price":"0.05128200","timestamp":1656858624,"volume":"0.20512800","buyTxId":"b1cdd8f0959714385bed08f03a591723f67baaf7","sellTxId":"4c179f746f7d6f5c6fa04677be203a343cb25844"}
{"index": {"_index":"lolz","_id":"3833757"}}
	{"id":3833757,"type":"sell","buyer":"steem82868","seller":"borjan","symbol":"LOLZ","quantity":"6.00000000","price":"0.05128200","timestamp":1656865587,"volume":"0.30769200","buyTxId":"b1cdd8f0959714385bed08f03a591723f67baaf7","sellTxId":"9ae7d2385dbd8c0c7a5815bf6f69e363d95336d2"}
{"index": {"_index":"lolz","_id":"3833758"}}
	{"id":3833758,"type":"sell","buyer":"flquin","seller":"borjan","symbol":"LOLZ","quantity":"12.00000000","price":"0.05128000","timestamp":1656865587,"volume":"0.61536000","buyTxId":"ad3e56cb882203b1057e67caf0b6fb8189c093f2","sellTxId":"9ae7d2385dbd8c0c7a5815bf6f69e363d95336d2"}
{"index": {"_index":"lolz","_id":"3834579"}}
	{"id":3834579,"type":"sell","buyer":"onlydoge","seller":"cursephantom","symbol":"LOLZ","quantity":"4.00000000","price":"0.05120000","timestamp":1656874167,"volume":"0.20480000","buyTxId":"5f9465c239de027597f1818fa1a1d890ecf6dfa6","sellTxId":"32983f89e786170214d75190c7a05d1916cacbcc"}
{"index": {"_index":"lolz","_id":"3835008"}}
	{"id":3835008,"type":"sell","buyer":"onlydoge","seller":"toofasteddie","symbol":"LOLZ","quantity":"6.00000000","price":"0.05120000","timestamp":1656879126,"volume":"0.30720000","buyTxId":"5f9465c239de027597f1818fa1a1d890ecf6dfa6","sellTxId":"d6c63c5c4e247693b799026fc62008030aadd9ac"}
{"index": {"_index":"lolz","_id":"3835267"}}
	{"id":3835267,"type":"sell","buyer":"onlydoge","seller":"centtrail","symbol":"LOLZ","quantity":"4.00000000","price":"0.05120000","timestamp":1656882597,"volume":"0.20480000","buyTxId":"5f9465c239de027597f1818fa1a1d890ecf6dfa6","sellTxId":"3db3c2b88296b9232b17f10474e033086ff4d02f"}
{"index": {"_index":"lolz","_id":"3835575"}}
	{"id":3835575,"type":"sell","buyer":"onlydoge","seller":"bobthebuilder2","symbol":"LOLZ","quantity":"16.98009965","price":"0.05120000","timestamp":1656886623,"volume":"0.86938110","buyTxId":"5f9465c239de027597f1818fa1a1d890ecf6dfa6","sellTxId":"f565c7ce2e01e3e68dbe00337d26df5c06fa5f58"}
{"index": {"_index":"lolz","_id":"3835874"}}
	{"id":3835874,"type":"buy","buyer":"steem82868","seller":"borjan","symbol":"LOLZ","quantity":"18.00000000","price":"0.05124033","timestamp":1656891705,"volume":"0.92232594","buyTxId":"64784f0b36453fd5b6ff42845e02eeb31d9cd290","sellTxId":"9ae7d2385dbd8c0c7a5815bf6f69e363d95336d2"}
{"index": {"_index":"lolz","_id":"3835969"}}
	{"id":3835969,"type":"sell","buyer":"onlydoge","seller":"truth2","symbol":"LOLZ","quantity":"1","price":"0.05120000","timestamp":1656893283,"volume":"0.05120000","buyTxId":"5f9465c239de027597f1818fa1a1d890ecf6dfa6","sellTxId":"eac8704caaf04bc5460705b89fe46b0ad08a351f"}
{"index": {"_index":"lolz","_id":"3836393"}}
	{"id":3836393,"type":"buy","buyer":"edgerik","seller":"onlydoge","symbol":"LOLZ","quantity":"2.00000000","price":"0.18190000","timestamp":1656898761,"volume":"0.36380000","buyTxId":"cba0388a6c4f85caac020a0b9ed0494bf136f713","sellTxId":"6bc1e8520be802650a0b776398e3454a0b32d70c"}
{"index": {"_index":"lolz","_id":"3836423"}}
	{"id":3836423,"type":"sell","buyer":"onlydoge","seller":"twicejoy","symbol":"LOLZ","quantity":"0.72307621","price":"0.05120000","timestamp":1656899076,"volume":"0.03702150","buyTxId":"5f9465c239de027597f1818fa1a1d890ecf6dfa6","sellTxId":"233fce9df14e8a0827b682b66c3a3ca9f7d02beb"}
{"index": {"_index":"lolz","_id":"3836551"}}
	{"id":3836551,"type":"sell","buyer":"onlydoge","seller":"deepspiral","symbol":"LOLZ","quantity":"3","price":"0.05120000","timestamp":1656901059,"volume":"0.15360000","buyTxId":"5f9465c239de027597f1818fa1a1d890ecf6dfa6","sellTxId":"343cfd1d6eadcf8a9aef72be837da31364f21685"}
