{"index": {"_index":"lolz","_id":"3973985"}}
	{"id":3973985,"type":"sell","buyer":"epic-fail","seller":"methodofmad","symbol":"LOLZ","quantity":"8.00338158","price":"0.03000000","timestamp":1658628924,"volume":"0.24010145","buyTxId":"dcac08656358b2cd8c7ac1adf92d6557641a6799","sellTxId":"0c995b06996800e757446b32c122da1d9e6ddc89"}
{"index": {"_index":"lolz","_id":"3974318"}}
	{"id":3974318,"type":"sell","buyer":"epic-fail","seller":"bitcoinflood","symbol":"LOLZ","quantity":"1.14077931","price":"0.03000000","timestamp":1658636034,"volume":"0.03422338","buyTxId":"dcac08656358b2cd8c7ac1adf92d6557641a6799","sellTxId":"2d92387015ef71d306a8313052222a3424b9ac84"}
{"index": {"_index":"lolz","_id":"3974803"}}
	{"id":3974803,"type":"sell","buyer":"epic-fail","seller":"steem82868","symbol":"LOLZ","quantity":"0.00055553","price":"0.03000000","timestamp":1658642715,"volume":"0.00001667","buyTxId":"dcac08656358b2cd8c7ac1adf92d6557641a6799","sellTxId":"a49b97e3f4b91a59e8f5e0702a1a994e0534fcbd"}
{"index": {"_index":"lolz","_id":"3975107"}}
	{"id":3975107,"type":"sell","buyer":"epic-fail","seller":"hive-103505","symbol":"LOLZ","quantity":"2.00144386","price":"0.03000000","timestamp":1658646789,"volume":"0.06004332","buyTxId":"dcac08656358b2cd8c7ac1adf92d6557641a6799","sellTxId":"f05d6e60b79491a0ccc0a0759fa13112f15205e8"}
{"index": {"_index":"lolz","_id":"3975951"}}
	{"id":3975951,"type":"sell","buyer":"epic-fail","seller":"gestion.alive","symbol":"LOLZ","quantity":"2.02097198","price":"0.03000000","timestamp":1658658336,"volume":"0.06062916","buyTxId":"dcac08656358b2cd8c7ac1adf92d6557641a6799","sellTxId":"14b03197a6778fffbee76d476d0713d5d5266ed3"}
{"index": {"_index":"lolz","_id":"3976327"}}
	{"id":3976327,"type":"sell","buyer":"epic-fail","seller":"gadrian","symbol":"LOLZ","quantity":"1.01732340","price":"0.03000000","timestamp":1658665146,"volume":"0.03051970","buyTxId":"dcac08656358b2cd8c7ac1adf92d6557641a6799","sellTxId":"7c44524a483c49b30728458628004e4a9b4857a4"}
{"index": {"_index":"lolz","_id":"3976660"}}
	{"id":3976660,"type":"sell","buyer":"epic-fail","seller":"weldmaster","symbol":"LOLZ","quantity":"28.11118397","price":"0.03000000","timestamp":1658669343,"volume":"0.84333552","buyTxId":"dcac08656358b2cd8c7ac1adf92d6557641a6799","sellTxId":"07dae23e3bbcc6b880313236c1aa981a74b83559"}
{"index": {"_index":"lolz","_id":"3976852"}}
	{"id":3976852,"type":"sell","buyer":"epic-fail","seller":"onw","symbol":"LOLZ","quantity":"0.02051269","price":"0.03000000","timestamp":1658671914,"volume":"0.00061538","buyTxId":"dcac08656358b2cd8c7ac1adf92d6557641a6799","sellTxId":"d12a6fbca91af20e403f81b172831e07fc260931"}
{"index": {"_index":"lolz","_id":"3977016"}}
	{"id":3977016,"type":"sell","buyer":"epic-fail","seller":"ydaiznfts","symbol":"LOLZ","quantity":"6.07259371","price":"0.03000000","timestamp":1658673849,"volume":"0.18217781","buyTxId":"dcac08656358b2cd8c7ac1adf92d6557641a6799","sellTxId":"7ed341e0695eeb9327c90cc4d47298c78d949fd6"}
{"index": {"_index":"lolz","_id":"3977178"}}
	{"id":3977178,"type":"buy","buyer":"siphon","seller":"onlydoge","symbol":"LOLZ","quantity":"10.00000000","price":"0.04367000","timestamp":1658675610,"volume":"0.43670000","buyTxId":"8f5918e2c0078f7ef7b8302f6f9bd5e862f67921","sellTxId":"d1a9dd1596f7a0d458d3d6533d328bdc24fb835f"}
{"index": {"_index":"lolz","_id":"3977421"}}
	{"id":3977421,"type":"sell","buyer":"siphon","seller":"token-thx","symbol":"LOLZ","quantity":"5.00006546","price":"0.03010000","timestamp":1658678865,"volume":"0.15050197","buyTxId":"18d3e385f3ed6bbf4265b9d791bfc33bf8f5857e","sellTxId":"e85cb3036933a8ccd59316c1ab2e4137692c5037"}
{"index": {"_index":"lolz","_id":"3977784"}}
	{"id":3977784,"type":"buy","buyer":"hoosie","seller":"pablodare","symbol":"LOLZ","quantity":"50.00000000","price":"0.04360000","timestamp":1658682330,"volume":"2.18000000","buyTxId":"d416a88c5aa68fa7a94029aab0c119b5abbefe64","sellTxId":"b5b262f158c8318e5c77f710645fd59672010d11"}
{"index": {"_index":"lolz","_id":"3977794"}}
	{"id":3977794,"type":"buy","buyer":"dvpm","seller":"kuhnchun","symbol":"LOLZ","quantity":"4.00000000","price":"0.04367000","timestamp":1658682384,"volume":"0.17468000","buyTxId":"e8f0744992e1cf8db505f10896cc09be58c0ac87","sellTxId":"05ae4eef0771877e84eb2e97348149c57c1ead0c"}
{"index": {"_index":"lolz","_id":"3977795"}}
	{"id":3977795,"type":"buy","buyer":"dvpm","seller":"steem82868","symbol":"LOLZ","quantity":"54.00000000","price":"0.04368000","timestamp":1658682384,"volume":"2.35872000","buyTxId":"e8f0744992e1cf8db505f10896cc09be58c0ac87","sellTxId":"112c99d3cc8a9c538c977b3393a540018a7aa3c7"}
{"index": {"_index":"lolz","_id":"3977807"}}
	{"id":3977807,"type":"buy","buyer":"dvpm","seller":"steem82868","symbol":"LOLZ","quantity":"0.03855015","price":"0.04368000","timestamp":1658682495,"volume":"0.00168387","buyTxId":"d6eced1433bfa1d259127e34ae1b48f687368a1e","sellTxId":"112c99d3cc8a9c538c977b3393a540018a7aa3c7"}
{"index": {"_index":"lolz","_id":"3977808"}}
	{"id":3977808,"type":"buy","buyer":"dvpm","seller":"damla","symbol":"LOLZ","quantity":"1.00000000","price":"0.04389000","timestamp":1658682495,"volume":"0.04389000","buyTxId":"d6eced1433bfa1d259127e34ae1b48f687368a1e","sellTxId":"8b2da5fb55a829f09f10da37d653e462ed4917ff"}
{"index": {"_index":"lolz","_id":"3977809"}}
	{"id":3977809,"type":"buy","buyer":"dvpm","seller":"fredkese","symbol":"LOLZ","quantity":"1.76661132","price":"0.04398900","timestamp":1658682495,"volume":"0.07771147","buyTxId":"d6eced1433bfa1d259127e34ae1b48f687368a1e","sellTxId":"481acb04c187ca0b9cfd87b14d09ff1f61805881"}
{"index": {"_index":"lolz","_id":"3977810"}}
	{"id":3977810,"type":"buy","buyer":"dvpm","seller":"swearingradio","symbol":"LOLZ","quantity":"12.12565289","price":"0.04440000","timestamp":1658682495,"volume":"0.53837899","buyTxId":"d6eced1433bfa1d259127e34ae1b48f687368a1e","sellTxId":"e29c8ffc9b134d17aaabbd62035d0476039173ee"}
{"index": {"_index":"lolz","_id":"3977811"}}
	{"id":3977811,"type":"buy","buyer":"dvpm","seller":"szmobacsi","symbol":"LOLZ","quantity":"24.06918564","price":"0.04440000","timestamp":1658682495,"volume":"1.06867184","buyTxId":"d6eced1433bfa1d259127e34ae1b48f687368a1e","sellTxId":"99241efb78fec745f84f65732d7587ec7f679d51"}
{"index": {"_index":"lolz","_id":"3978455"}}
	{"id":3978455,"type":"sell","buyer":"onlydoge","seller":"queen-silvia","symbol":"LOLZ","quantity":"1.00000000","price":"0.03011000","timestamp":1658688279,"volume":"0.03011000","buyTxId":"c130fa30921c649032f5c08da87d57984d474a6e","sellTxId":"9a330ac03df2ad2059de36d3ca14a3e8c024100a"}
{"index": {"_index":"lolz","_id":"3979147"}}
	{"id":3979147,"type":"sell","buyer":"arc7icwolf","seller":"flsfserkan","symbol":"LOLZ","quantity":"1.00000000","price":"0.03050000","timestamp":1658695899,"volume":"0.03050000","buyTxId":"edd1b0f23792ff21a9c3af567a4f127cd61bc15d","sellTxId":"edf0104d40892a2ce896b38e5810f9c8780e9461"}
{"index": {"_index":"lolz","_id":"3979767"}}
	{"id":3979767,"type":"buy","buyer":"roscar9","seller":"mypathtofire","symbol":"LOLZ","quantity":"15.00000000","price":"0.04430000","timestamp":1658706237,"volume":"0.66450000","buyTxId":"7e8e9809491dd799355379366bfcec97661fd2fd","sellTxId":"f53bc75c01e4a85a2d25c5b51846a89194f5dc00"}
{"index": {"_index":"lolz","_id":"3979860"}}
	{"id":3979860,"type":"sell","buyer":"arc7icwolf","seller":"bambukah","symbol":"LOLZ","quantity":"2.10713277","price":"0.03050000","timestamp":1658707473,"volume":"0.06426755","buyTxId":"edd1b0f23792ff21a9c3af567a4f127cd61bc15d","sellTxId":"9d427916ec163394f0d3623264f7b330ddd12ebb"}
{"index": {"_index":"lolz","_id":"3980519"}}
	{"id":3980519,"type":"sell","buyer":"arc7icwolf","seller":"tanzil2024","symbol":"LOLZ","quantity":"2.00000000","price":"0.03050000","timestamp":1658714769,"volume":"0.06100000","buyTxId":"edd1b0f23792ff21a9c3af567a4f127cd61bc15d","sellTxId":"f2cb458ceddffdde7fdee45ce29730eb5137f796"}
