{"index": {"_index":"lolz","_id":"3595121"}}
	{"id":3595121,"type":"sell","buyer":"ironshield","seller":"mario02","symbol":"LOLZ","quantity":"2.70000000","price":"0.05420000","timestamp":1654223811,"volume":"0.14634000","buyTxId":"58bfee65dbb069b3925ecb86254424e6f1bebd4d","sellTxId":"208748a1102646ea40d3aa016ceb4c1d40375c45"}
{"index": {"_index":"lolz","_id":"3595152"}}
	{"id":3595152,"type":"sell","buyer":"cryptounicorn420","seller":"funnyfunmemes","symbol":"LOLZ","quantity":"1.00000000","price":"0.06200000","timestamp":1654224297,"volume":"0.06200000","buyTxId":"c828131d9c5175f1f40687941d0a2165f8009429","sellTxId":"9f9c46e3374530e3bac6bd8420688bc2666a1129"}
{"index": {"_index":"lolz","_id":"3595568"}}
	{"id":3595568,"type":"sell","buyer":"cryptounicorn420","seller":"floki-skarsgaard","symbol":"LOLZ","quantity":"0.03703694","price":"0.06200000","timestamp":1654231929,"volume":"0.00229629","buyTxId":"c828131d9c5175f1f40687941d0a2165f8009429","sellTxId":"887687b3bc19b7a6382be305cf980a6610fea0dc"}
{"index": {"_index":"lolz","_id":"3595585"}}
	{"id":3595585,"type":"sell","buyer":"cryptounicorn420","seller":"itharagaian","symbol":"LOLZ","quantity":"2.00026665","price":"0.06200000","timestamp":1654232511,"volume":"0.12401653","buyTxId":"c828131d9c5175f1f40687941d0a2165f8009429","sellTxId":"87290e8f697d47ceecfd15423db660d6dbb93472"}
{"index": {"_index":"lolz","_id":"3595671"}}
	{"id":3595671,"type":"sell","buyer":"cryptounicorn420","seller":"hive-143869","symbol":"LOLZ","quantity":"3.00001610","price":"0.06200000","timestamp":1654233417,"volume":"0.18600100","buyTxId":"c828131d9c5175f1f40687941d0a2165f8009429","sellTxId":"e20d24e72f273564acf37523999432d98f938a87"}
{"index": {"_index":"lolz","_id":"3595788"}}
	{"id":3595788,"type":"sell","buyer":"cryptounicorn420","seller":"synergie","symbol":"LOLZ","quantity":"0.00001539","price":"0.06200000","timestamp":1654234731,"volume":"0.00000095","buyTxId":"c828131d9c5175f1f40687941d0a2165f8009429","sellTxId":"a699fb97846f57f8ed9d93c4a508a2dfc223892b"}
{"index": {"_index":"lolz","_id":"3596144"}}
	{"id":3596144,"type":"buy","buyer":"kolbjorn","seller":"magicbeans","symbol":"LOLZ","quantity":"0.07287955","price":"0.07997990","timestamp":1654239696,"volume":"0.00582890","buyTxId":"72e94273a18cd6f9bde57cb8f01129e423d87e57","sellTxId":"a900627cac32f26e9ad3ce1bce48ad45796beec0"}
{"index": {"_index":"lolz","_id":"3596145"}}
	{"id":3596145,"type":"buy","buyer":"kolbjorn","seller":"ben.haase","symbol":"LOLZ","quantity":"0.03409484","price":"0.07997991","timestamp":1654239696,"volume":"0.00272690","buyTxId":"72e94273a18cd6f9bde57cb8f01129e423d87e57","sellTxId":"c3daf03b9268c0f1ac0810480dfe11c53824b33d"}
{"index": {"_index":"lolz","_id":"3596146"}}
	{"id":3596146,"type":"buy","buyer":"kolbjorn","seller":"onlydoge","symbol":"LOLZ","quantity":"19.89302561","price":"0.07998000","timestamp":1654239696,"volume":"1.59104419","buyTxId":"72e94273a18cd6f9bde57cb8f01129e423d87e57","sellTxId":"6676a62aef22d8cf8a10bfe26ed2e596112dd9ec"}
{"index": {"_index":"lolz","_id":"3596149"}}
	{"id":3596149,"type":"buy","buyer":"kolbjorn","seller":"onlydoge","symbol":"LOLZ","quantity":"9.74206206","price":"0.07998000","timestamp":1654239720,"volume":"0.77917012","buyTxId":"3b36143a59516a72112a4af28e54f93efca72c3c","sellTxId":"6676a62aef22d8cf8a10bfe26ed2e596112dd9ec"}
{"index": {"_index":"lolz","_id":"3596150"}}
	{"id":3596150,"type":"buy","buyer":"kolbjorn","seller":"princekham","symbol":"LOLZ","quantity":"10.25793794","price":"0.07999000","timestamp":1654239720,"volume":"0.82053246","buyTxId":"3b36143a59516a72112a4af28e54f93efca72c3c","sellTxId":"16ef68498a5c55f04e5919ae15267da86bcc7db6"}
{"index": {"_index":"lolz","_id":"3596222"}}
	{"id":3596222,"type":"sell","buyer":"onlydoge","seller":"captainquack22","symbol":"LOLZ","quantity":"6","price":"0.06201000","timestamp":1654240665,"volume":"0.37206000","buyTxId":"2f4d2b2710c5a74d627ea44899b0286f3a9f8f26","sellTxId":"d14a4ba321a116fd6a2ecae9167a365b9127d2d9"}
{"index": {"_index":"lolz","_id":"3596324"}}
	{"id":3596324,"type":"buy","buyer":"lightcaptured","seller":"princekham","symbol":"LOLZ","quantity":"5.93893867","price":"0.07999000","timestamp":1654241982,"volume":"0.47505570","buyTxId":"33b834f892acc7749132def5eaeddcff8aaca2c9","sellTxId":"16ef68498a5c55f04e5919ae15267da86bcc7db6"}
{"index": {"_index":"lolz","_id":"3596422"}}
	{"id":3596422,"type":"sell","buyer":"onlydoge","seller":"steem82868","symbol":"LOLZ","quantity":"61.00000000","price":"0.06201000","timestamp":1654244610,"volume":"3.78261000","buyTxId":"2f4d2b2710c5a74d627ea44899b0286f3a9f8f26","sellTxId":"8d32f0d80afa235715a810805717e893dc4fc926"}
{"index": {"_index":"lolz","_id":"3596446"}}
	{"id":3596446,"type":"sell","buyer":"onlydoge","seller":"steem82868","symbol":"LOLZ","quantity":"2.00000000","price":"0.06201000","timestamp":1654244814,"volume":"0.12402000","buyTxId":"2f4d2b2710c5a74d627ea44899b0286f3a9f8f26","sellTxId":"934f389e415ce6a717905e6c51e0901531362dc9"}
{"index": {"_index":"lolz","_id":"3596812"}}
	{"id":3596812,"type":"sell","buyer":"magicbeans","seller":"itharagaian","symbol":"LOLZ","quantity":"1.00000000","price":"0.06201001","timestamp":1654248891,"volume":"0.06201001","buyTxId":"a3fc8ef3e4700c33b4885b2df21c5b58cc13d2b4","sellTxId":"b99d5d83569be6ddb52be330239112fbfa43ab40"}
{"index": {"_index":"lolz","_id":"3597429"}}
	{"id":3597429,"type":"sell","buyer":"cryptounicorn420","seller":"cliffagreen","symbol":"LOLZ","quantity":"0.45144600","price":"0.06500000","timestamp":1654260168,"volume":"0.02934399","buyTxId":"e14db7c4d065b177ed6ef0183b1426faed477c6a","sellTxId":"cd69d7ed462e9fd3a8193b6463c4a5de2537f248"}
{"index": {"_index":"lolz","_id":"3597591"}}
	{"id":3597591,"type":"sell","buyer":"magicbeans","seller":"lotto-de","symbol":"LOLZ","quantity":"4.13856019","price":"0.06500001","timestamp":1654261764,"volume":"0.26900645","buyTxId":"c319ee546893cf4f7c5dc12bb07161b302b3716d","sellTxId":"c58dab4b67dfd25dc3a810bf842601c3b42d12d2"}
{"index": {"_index":"lolz","_id":"3597608"}}
	{"id":3597608,"type":"sell","buyer":"magicbeans","seller":"steem82868","symbol":"LOLZ","quantity":"0.09463887","price":"0.06500001","timestamp":1654262070,"volume":"0.00615153","buyTxId":"c319ee546893cf4f7c5dc12bb07161b302b3716d","sellTxId":"cde39b429d3bc90f623fff4ec98f999a036a62cc"}
{"index": {"_index":"lolz","_id":"3597634"}}
	{"id":3597634,"type":"sell","buyer":"magicbeans","seller":"frawdielp2","symbol":"LOLZ","quantity":"0.02052089","price":"0.06500001","timestamp":1654262283,"volume":"0.00133386","buyTxId":"c319ee546893cf4f7c5dc12bb07161b302b3716d","sellTxId":"35c7aacc892ec4c0409eb3ebc6d64448e059fdd0"}
{"index": {"_index":"lolz","_id":"3597748"}}
	{"id":3597748,"type":"sell","buyer":"cryptounicorn420","seller":"tskmstr00","symbol":"LOLZ","quantity":"18","price":"0.06500000","timestamp":1654262874,"volume":"1.17000000","buyTxId":"e14db7c4d065b177ed6ef0183b1426faed477c6a","sellTxId":"0dd012fafda5775992ea8ca82bb285a4fa2935a6"}
{"index": {"_index":"lolz","_id":"3597811"}}
	{"id":3597811,"type":"sell","buyer":"cryptounicorn420","seller":"weldmaster","symbol":"LOLZ","quantity":"49.69784890","price":"0.06500000","timestamp":1654263903,"volume":"3.23036018","buyTxId":"e14db7c4d065b177ed6ef0183b1426faed477c6a","sellTxId":"7a548ca0b432fa8350a61975fabe396247d63e62"}
{"index": {"_index":"lolz","_id":"3598168"}}
	{"id":3598168,"type":"sell","buyer":"ianmcg","seller":"assassyn","symbol":"LOLZ","quantity":"3.00482374","price":"0.06500100","timestamp":1654268445,"volume":"0.19531655","buyTxId":"52ecd15425ed7eacd25a7d9c78f965409f7079ca","sellTxId":"3d2d8106f6261d3a4ccb7aaaca9edadb83d5dc05"}
{"index": {"_index":"lolz","_id":"3598632"}}
	{"id":3598632,"type":"buy","buyer":"andy4475","seller":"onlydoge","symbol":"LOLZ","quantity":"25.00000000","price":"0.07996000","timestamp":1654272909,"volume":"1.99900000","buyTxId":"fc8f15e6475f284b658e91fcca7f059760b3a80e","sellTxId":"d6b04fe4a9d73480c69b58edd3d07147448fd3e5"}
{"index": {"_index":"lolz","_id":"3598837"}}
	{"id":3598837,"type":"sell","buyer":"magicbeans","seller":"miketr","symbol":"LOLZ","quantity":"2.09495975","price":"0.06500101","timestamp":1654274049,"volume":"0.13617450","buyTxId":"e46fd11430e78e8fb5a76272f1aeaf6631a4acc0","sellTxId":"1e684607abef5cdeed0481e4f7e40ddffeab9fa8"}
{"index": {"_index":"lolz","_id":"3598948"}}
	{"id":3598948,"type":"sell","buyer":"magicbeans","seller":"shainemata","symbol":"LOLZ","quantity":"1","price":"0.06500101","timestamp":1654275093,"volume":"0.06500101","buyTxId":"e46fd11430e78e8fb5a76272f1aeaf6631a4acc0","sellTxId":"dd8ce93b399d68f9615a4d23855d59c14caa2630"}
{"index": {"_index":"lolz","_id":"3599016"}}
	{"id":3599016,"type":"buy","buyer":"ironshield","seller":"onlydoge","symbol":"LOLZ","quantity":"44.00000000","price":"0.07996000","timestamp":1654275687,"volume":"3.51824000","buyTxId":"2b9c8d75c08acf08beda441088f000a179fc08e9","sellTxId":"d6b04fe4a9d73480c69b58edd3d07147448fd3e5"}
{"index": {"_index":"lolz","_id":"3599017"}}
	{"id":3599017,"type":"buy","buyer":"ironshield","seller":"princekham","symbol":"LOLZ","quantity":"33.80312339","price":"0.07999000","timestamp":1654275687,"volume":"2.70391184","buyTxId":"2b9c8d75c08acf08beda441088f000a179fc08e9","sellTxId":"16ef68498a5c55f04e5919ae15267da86bcc7db6"}
{"index": {"_index":"lolz","_id":"3599018"}}
	{"id":3599018,"type":"buy","buyer":"ironshield","seller":"mateodm03","symbol":"LOLZ","quantity":"2.00000000","price":"0.08000000","timestamp":1654275687,"volume":"0.16000000","buyTxId":"2b9c8d75c08acf08beda441088f000a179fc08e9","sellTxId":"582335d612e2fdfaf6e7422dcd6918f48943b811"}
{"index": {"_index":"lolz","_id":"3599019"}}
	{"id":3599019,"type":"buy","buyer":"ironshield","seller":"antor2024","symbol":"LOLZ","quantity":"8.00000000","price":"0.08500000","timestamp":1654275687,"volume":"0.68000000","buyTxId":"2b9c8d75c08acf08beda441088f000a179fc08e9","sellTxId":"2b914c581bc88541bb345e488a9a2b0c30939b52"}
{"index": {"_index":"lolz","_id":"3599020"}}
	{"id":3599020,"type":"buy","buyer":"ironshield","seller":"tanzil2024","symbol":"LOLZ","quantity":"8.00000000","price":"0.08500000","timestamp":1654275687,"volume":"0.68000000","buyTxId":"2b9c8d75c08acf08beda441088f000a179fc08e9","sellTxId":"21926484fc22a2d273912a83d70c18de36e90481"}
{"index": {"_index":"lolz","_id":"3599021"}}
	{"id":3599021,"type":"buy","buyer":"ironshield","seller":"szmobacsi","symbol":"LOLZ","quantity":"20.00000000","price":"0.09992900","timestamp":1654275687,"volume":"1.99858000","buyTxId":"2b9c8d75c08acf08beda441088f000a179fc08e9","sellTxId":"183ca5566e1095ea954388d32b5f8ff9a03e06b3"}
{"index": {"_index":"lolz","_id":"3599022"}}
	{"id":3599022,"type":"buy","buyer":"ironshield","seller":"cryptofiloz","symbol":"LOLZ","quantity":"8.00920711","price":"0.09992990","timestamp":1654275687,"volume":"0.80035927","buyTxId":"2b9c8d75c08acf08beda441088f000a179fc08e9","sellTxId":"2b93b39da73f2dfd50ea839d737aa1c061e4af62"}
{"index": {"_index":"lolz","_id":"3599023"}}
	{"id":3599023,"type":"buy","buyer":"ironshield","seller":"smooms","symbol":"LOLZ","quantity":"4.52122449","price":"0.10000000","timestamp":1654275687,"volume":"0.45212245","buyTxId":"2b9c8d75c08acf08beda441088f000a179fc08e9","sellTxId":"2e4cb4634e6ea1c9d7ba96ba0f725b613dfa84c5"}
{"index": {"_index":"lolz","_id":"3599024"}}
	{"id":3599024,"type":"buy","buyer":"ironshield","seller":"fredkese","symbol":"LOLZ","quantity":"5.00011202","price":"0.13500000","timestamp":1654275687,"volume":"0.67501512","buyTxId":"2b9c8d75c08acf08beda441088f000a179fc08e9","sellTxId":"4d7276d370c5619f37a13a67df5f6e1f4527d9e6"}
{"index": {"_index":"lolz","_id":"3599112"}}
	{"id":3599112,"type":"sell","buyer":"onlydoge","seller":"captainquack22","symbol":"LOLZ","quantity":"11","price":"0.06510000","timestamp":1654276485,"volume":"0.71610000","buyTxId":"84ee6762f8fa8ceb42c9fabe4d31563cf73048e8","sellTxId":"f7135a06c57a974070a025747d800641903672fb"}
{"index": {"_index":"lolz","_id":"3599124"}}
	{"id":3599124,"type":"sell","buyer":"magicbeans","seller":"hive-143869","symbol":"LOLZ","quantity":"1.00000000","price":"0.06510001","timestamp":1654276641,"volume":"0.06510001","buyTxId":"615ac8e668e5a5be5432ecddd2546aa4ee4bc4c9","sellTxId":"9c057cface8311086ec45f14f3a165eed1faf88f"}
{"index": {"_index":"lolz","_id":"3599409"}}
	{"id":3599409,"type":"sell","buyer":"magicbeans","seller":"phortun","symbol":"LOLZ","quantity":"1","price":"0.07000001","timestamp":1654279752,"volume":"0.07000001","buyTxId":"276a0ff41f0831ab0f166f17ec0896e1a572c006","sellTxId":"cf5143b223f45743536d1bc27d2036d6b100e2de"}
{"index": {"_index":"lolz","_id":"3600061"}}
	{"id":3600061,"type":"buy","buyer":"aliveprojects","seller":"rzc24-nftbbg","symbol":"LOLZ","quantity":"4.00039244","price":"0.13500000","timestamp":1654284723,"volume":"0.54005298","buyTxId":"4fdbd67037215b979d1c05abf01da04f396c4b4e","sellTxId":"c9d651b70c89a711a23206af5f7e13a86727ed11"}
{"index": {"_index":"lolz","_id":"3600062"}}
	{"id":3600062,"type":"buy","buyer":"aliveprojects","seller":"cryptofiloz","symbol":"LOLZ","quantity":"5.03781632","price":"0.13500000","timestamp":1654284723,"volume":"0.68010520","buyTxId":"4fdbd67037215b979d1c05abf01da04f396c4b4e","sellTxId":"a4bad057ed469f02c12c2f8c3121d2a8b5cf8721"}
{"index": {"_index":"lolz","_id":"3600063"}}
	{"id":3600063,"type":"buy","buyer":"aliveprojects","seller":"onlydoge","symbol":"LOLZ","quantity":"11.00000000","price":"0.14390000","timestamp":1654284723,"volume":"1.58290000","buyTxId":"4fdbd67037215b979d1c05abf01da04f396c4b4e","sellTxId":"2c2776a5e64088304011787ebff0777692ba53c5"}
{"index": {"_index":"lolz","_id":"3600064"}}
	{"id":3600064,"type":"buy","buyer":"aliveprojects","seller":"thatgermandude","symbol":"LOLZ","quantity":"3.10377070","price":"0.14399999","timestamp":1654284723,"volume":"0.44694295","buyTxId":"4fdbd67037215b979d1c05abf01da04f396c4b4e","sellTxId":"4308c127147923d32a85a816dbebd9de72be3248"}
{"index": {"_index":"lolz","_id":"3600075"}}
	{"id":3600075,"type":"buy","buyer":"todopoderoso","seller":"thatgermandude","symbol":"LOLZ","quantity":"3.46876857","price":"0.14399999","timestamp":1654284870,"volume":"0.49950264","buyTxId":"4e51a15d273eb1f2d9341221208ba7a3f663abd2","sellTxId":"4308c127147923d32a85a816dbebd9de72be3248"}
{"index": {"_index":"lolz","_id":"3600137"}}
	{"id":3600137,"type":"sell","buyer":"magicbeans","seller":"dswap","symbol":"LOLZ","quantity":"4.03538032","price":"0.08010001","timestamp":1654285659,"volume":"0.32323400","buyTxId":"525aaf2067654b42f1c8e7463e1667b794ee2260","sellTxId":"d34976878cfac34c2b98daadd48a169a454a6f27"}
{"index": {"_index":"lolz","_id":"3600350"}}
	{"id":3600350,"type":"sell","buyer":"magicbeans","seller":"dolunay18","symbol":"LOLZ","quantity":"1.00000000","price":"0.08010001","timestamp":1654287657,"volume":"0.08010001","buyTxId":"525aaf2067654b42f1c8e7463e1667b794ee2260","sellTxId":"89191df77dd61d832d0412a6dbcd2a58fbf37075"}
{"index": {"_index":"lolz","_id":"3600373"}}
	{"id":3600373,"type":"sell","buyer":"magicbeans","seller":"ricestrela","symbol":"LOLZ","quantity":"1.00000000","price":"0.08010001","timestamp":1654288137,"volume":"0.08010001","buyTxId":"525aaf2067654b42f1c8e7463e1667b794ee2260","sellTxId":"2c98e761b02af19faf7ab7934ffa2f103eb82367"}
{"index": {"_index":"lolz","_id":"3601090"}}
	{"id":3601090,"type":"sell","buyer":"magicbeans","seller":"operahoser","symbol":"LOLZ","quantity":"0.00003454","price":"0.08020001","timestamp":1654295379,"volume":"0.00000277","buyTxId":"38566f73293ff7cccbe387b6c29da1cceb49d218","sellTxId":"2735e81f93d37ba5d9f5b46bafee2a6d77b850f4"}
{"index": {"_index":"lolz","_id":"3601220"}}
	{"id":3601220,"type":"sell","buyer":"cryptounicorn420","seller":"gaboamc2393","symbol":"LOLZ","quantity":"1.00000000","price":"0.08200000","timestamp":1654297602,"volume":"0.08200000","buyTxId":"34ba96f79e491093d91985aac7549fd19525c12e","sellTxId":"2b5df6e48bf6dbe9cbc35e3c2e495eb9c9ba6c51"}
{"index": {"_index":"lolz","_id":"3601274"}}
	{"id":3601274,"type":"sell","buyer":"cryptounicorn420","seller":"alexandrzombi","symbol":"LOLZ","quantity":"0.00001515","price":"0.08200000","timestamp":1654298034,"volume":"0.00000124","buyTxId":"34ba96f79e491093d91985aac7549fd19525c12e","sellTxId":"d8387c119d3c193355e46750b336949dd3fda063"}
{"index": {"_index":"lolz","_id":"3601492"}}
	{"id":3601492,"type":"buy","buyer":"blue.rabbit","seller":"magicbeans","symbol":"LOLZ","quantity":"38.56808886","price":"0.14399997","timestamp":1654300068,"volume":"5.55380364","buyTxId":"50a189cd20fed961bfb682a924e43553888bd142","sellTxId":"2cc072292a1e7fc722ae3f9090bd34df028e9115"}
{"index": {"_index":"lolz","_id":"3601493"}}
	{"id":3601493,"type":"buy","buyer":"blue.rabbit","seller":"ijat","symbol":"LOLZ","quantity":"10.00000000","price":"0.14399998","timestamp":1654300086,"volume":"1.43999980","buyTxId":"6576e87f270a12a3d72e33b93f701acd37177dcf","sellTxId":"653442a33f66c3f1c22c6b1356e97f66162842dd"}
{"index": {"_index":"lolz","_id":"3601495"}}
	{"id":3601495,"type":"buy","buyer":"blue.rabbit","seller":"thatgermandude","symbol":"LOLZ","quantity":"13.42746073","price":"0.14399999","timestamp":1654300110,"volume":"1.93355421","buyTxId":"2feef8a18b7585b391c9facf31157e0b9a5ba10e","sellTxId":"4308c127147923d32a85a816dbebd9de72be3248"}
{"index": {"_index":"lolz","_id":"3601496"}}
	{"id":3601496,"type":"buy","buyer":"blue.rabbit","seller":"neshk","symbol":"LOLZ","quantity":"3.48196150","price":"0.14399999","timestamp":1654300110,"volume":"0.50140242","buyTxId":"2feef8a18b7585b391c9facf31157e0b9a5ba10e","sellTxId":"7c84dd86d4077115233fc4a594dc934192cb34c0"}
{"index": {"_index":"lolz","_id":"3601532"}}
	{"id":3601532,"type":"sell","buyer":"magicbeans","seller":"token-thx","symbol":"LOLZ","quantity":"5.00016695","price":"0.08200001","timestamp":1654300698,"volume":"0.41001374","buyTxId":"359f0e6e685b05c7edab72caca5e304b3696191a","sellTxId":"9851e4c6c35709f12800a16cc459d3c4ae77aa60"}
{"index": {"_index":"lolz","_id":"3601554"}}
	{"id":3601554,"type":"sell","buyer":"onlydoge","seller":"steem82868","symbol":"LOLZ","quantity":"3.77534476","price":"0.10540000","timestamp":1654300956,"volume":"0.39792134","buyTxId":"e3dd7d5bd2069d39532a11cde70b9b079e1a5ac3","sellTxId":"d99bd2c72e2bc9ef040345461a0490972f31f7b7"}
{"index": {"_index":"lolz","_id":"3601798"}}
	{"id":3601798,"type":"sell","buyer":"onlydoge","seller":"xunba","symbol":"LOLZ","quantity":"1.00000000","price":"0.10540000","timestamp":1654303650,"volume":"0.10540000","buyTxId":"e3dd7d5bd2069d39532a11cde70b9b079e1a5ac3","sellTxId":"052e31f02a3ce9cb8c092dc4ebc9496143332874"}
{"index": {"_index":"lolz","_id":"3601974"}}
	{"id":3601974,"type":"sell","buyer":"onlydoge","seller":"iyanpol12","symbol":"LOLZ","quantity":"1.00000000","price":"0.10540000","timestamp":1654305930,"volume":"0.10540000","buyTxId":"e3dd7d5bd2069d39532a11cde70b9b079e1a5ac3","sellTxId":"26acf7c8f07c1ff3c21987bc80d8434490543a7e"}
{"index": {"_index":"lolz","_id":"3602005"}}
	{"id":3602005,"type":"sell","buyer":"onlydoge","seller":"magicbeans","symbol":"LOLZ","quantity":"89.00000000","price":"0.10540000","timestamp":1654306308,"volume":"9.38060000","buyTxId":"e3dd7d5bd2069d39532a11cde70b9b079e1a5ac3","sellTxId":"89fd81b60e62c29617fc3b0a5fff0ed216da70d2"}
{"index": {"_index":"lolz","_id":"3602113"}}
	{"id":3602113,"type":"sell","buyer":"onlydoge","seller":"rqr4","symbol":"LOLZ","quantity":"0.10125524","price":"0.10540000","timestamp":1654307019,"volume":"0.01067230","buyTxId":"e3dd7d5bd2069d39532a11cde70b9b079e1a5ac3","sellTxId":"141caa67fc08cae4b3c55967cc7e0f140b8add96"}
{"index": {"_index":"lolz","_id":"3602175"}}
	{"id":3602175,"type":"buy","buyer":"cryptounicorn420","seller":"magicbeans","symbol":"LOLZ","quantity":"100.00000000","price":"0.10539999","timestamp":1654308015,"volume":"10.53999900","buyTxId":"07584bf66c1ece715dcb6a06c7fb88402eda15ef","sellTxId":"e4891803bbddee7eeb6a31bbcad0b60f70a7d893"}
