{"index": {"_index":"lolz","_id":"4076512"}}
	{"id":4076512,"type":"sell","buyer":"zionazrael","seller":"ydaiznfts","symbol":"LOLZ","quantity":"4.03776213","price":"0.02600246","timestamp":1659757914,"volume":"0.10499175","buyTxId":"028ebc0c3b21e4d6ad1e9e23db7ae7d7aaae91ac","sellTxId":"9090dbe9eb07527a2c506702328d76dd378a0988"}
{"index": {"_index":"lolz","_id":"4076734"}}
	{"id":4076734,"type":"sell","buyer":"zionazrael","seller":"dswap","symbol":"LOLZ","quantity":"1","price":"0.02600246","timestamp":1659760752,"volume":"0.02600246","buyTxId":"028ebc0c3b21e4d6ad1e9e23db7ae7d7aaae91ac","sellTxId":"311297e475c92cc6edc42ec69bbf1ab26791cfa2"}
{"index": {"_index":"lolz","_id":"4077532"}}
	{"id":4077532,"type":"buy","buyer":"oaaguy","seller":"master-lamps","symbol":"LOLZ","quantity":"0.00000100","price":"0.05679999","timestamp":1659772455,"volume":"0.00000006","buyTxId":"61c400b105042cdd41f14b6ac6fd8e16fba4e1cc","sellTxId":"6cfcc48733b42ca491e850c9242e7eefe18b8073"}
{"index": {"_index":"lolz","_id":"4077604"}}
	{"id":4077604,"type":"sell","buyer":"erhan92","seller":"cwow2","symbol":"LOLZ","quantity":"12","price":"0.02600245","timestamp":1659773727,"volume":"0.31202940","buyTxId":"8d52c05721d1e03da3dbfc11c505b30e24bbc31c","sellTxId":"c57ea2878b44cc0a6e375ab715aa5103719f2129"}
{"index": {"_index":"lolz","_id":"4077754"}}
	{"id":4077754,"type":"sell","buyer":"zionazrael","seller":"repayme4568","symbol":"LOLZ","quantity":"2.00000000","price":"0.02600246","timestamp":1659776322,"volume":"0.05200492","buyTxId":"c55413d682fd76645abcb05252e3ded622148fe1","sellTxId":"3aa64ca83b0e1230644aea37a72a3f684149f2f9"}
{"index": {"_index":"lolz","_id":"4078573"}}
	{"id":4078573,"type":"sell","buyer":"cryptounicorn420","seller":"lightcaptured","symbol":"LOLZ","quantity":"2.01291858","price":"0.03000000","timestamp":1659789150,"volume":"0.06038756","buyTxId":"cac3c3bf83d333e92620f3b218c8b7bd9543291c","sellTxId":"e7abb949c065c02f37c3a7b0541057cc49dda121"}
{"index": {"_index":"lolz","_id":"4078977"}}
	{"id":4078977,"type":"sell","buyer":"cryptounicorn420","seller":"axelx12","symbol":"LOLZ","quantity":"1.00000000","price":"0.03000000","timestamp":1659794064,"volume":"0.03000000","buyTxId":"cac3c3bf83d333e92620f3b218c8b7bd9543291c","sellTxId":"8127e6d331859ad5fbb53378f83fd5c59f06d4de"}
{"index": {"_index":"lolz","_id":"4079027"}}
	{"id":4079027,"type":"buy","buyer":"definethedollar","seller":"master-lamps","symbol":"LOLZ","quantity":"1.01779729","price":"0.05679999","timestamp":1659794751,"volume":"0.05781088","buyTxId":"61fe2e174fe638938fc225c9c07c73951bf38716","sellTxId":"6cfcc48733b42ca491e850c9242e7eefe18b8073"}
{"index": {"_index":"lolz","_id":"4079028"}}
	{"id":4079028,"type":"buy","buyer":"definethedollar","seller":"ben.haase","symbol":"LOLZ","quantity":"0.17140829","price":"0.05679999","timestamp":1659794751,"volume":"0.00973599","buyTxId":"61fe2e174fe638938fc225c9c07c73951bf38716","sellTxId":"88dc64200a1d924bd0797550c9636f13bb798908"}
{"index": {"_index":"lolz","_id":"4079033"}}
	{"id":4079033,"type":"buy","buyer":"definethedollar","seller":"hynalay","symbol":"LOLZ","quantity":"20.00000000","price":"0.05819000","timestamp":1659794787,"volume":"1.16380000","buyTxId":"0676c93572bd7b26fd5c96df7207515e9085303d","sellTxId":"e7cd0f66fcf7e0951852d3ea05a4c4b64172e1f3"}
{"index": {"_index":"lolz","_id":"4079071"}}
	{"id":4079071,"type":"sell","buyer":"cryptounicorn420","seller":"captainquack22","symbol":"LOLZ","quantity":"8","price":"0.03000000","timestamp":1659795270,"volume":"0.24000000","buyTxId":"cac3c3bf83d333e92620f3b218c8b7bd9543291c","sellTxId":"2c57eaf2cf0d5106da94fc27139700e9a8786ddb"}
{"index": {"_index":"lolz","_id":"4079222"}}
	{"id":4079222,"type":"sell","buyer":"cryptounicorn420","seller":"cliffagreen","symbol":"LOLZ","quantity":"1.30300000","price":"0.03000000","timestamp":1659796821,"volume":"0.03909000","buyTxId":"cac3c3bf83d333e92620f3b218c8b7bd9543291c","sellTxId":"fbbaab52be59c29aaa0f17c26eac9b2867161749"}
{"index": {"_index":"lolz","_id":"4079541"}}
	{"id":4079541,"type":"sell","buyer":"zionazrael","seller":"pousinha","symbol":"LOLZ","quantity":"11","price":"0.03000001","timestamp":1659800979,"volume":"0.33000011","buyTxId":"e58729af3148dd5f2a067bfce39555e57ec75eba","sellTxId":"70e7b7587312987430537545f0709364f2a54b35"}
{"index": {"_index":"lolz","_id":"4079612"}}
	{"id":4079612,"type":"sell","buyer":"zionazrael","seller":"weldmaster","symbol":"LOLZ","quantity":"20.72872675","price":"0.03000001","timestamp":1659801825,"volume":"0.62186201","buyTxId":"e58729af3148dd5f2a067bfce39555e57ec75eba","sellTxId":"dbf8262789bc3fffd40c9d2b956b3cbecbe4011c"}
{"index": {"_index":"lolz","_id":"4080069"}}
	{"id":4080069,"type":"sell","buyer":"zionazrael","seller":"dswap","symbol":"LOLZ","quantity":"1","price":"0.03000001","timestamp":1659807750,"volume":"0.03000001","buyTxId":"e58729af3148dd5f2a067bfce39555e57ec75eba","sellTxId":"1cab322a20a85d0de6b72368f37fe047ac9e3ac9"}
{"index": {"_index":"lolz","_id":"4080719"}}
	{"id":4080719,"type":"sell","buyer":"zionazrael","seller":"nineclaws","symbol":"LOLZ","quantity":"3.00000000","price":"0.03000001","timestamp":1659813876,"volume":"0.09000003","buyTxId":"e58729af3148dd5f2a067bfce39555e57ec75eba","sellTxId":"fa26b718aa784c22e50f08056a625aaf65877a3d"}
{"index": {"_index":"lolz","_id":"4081061"}}
	{"id":4081061,"type":"sell","buyer":"zionazrael","seller":"savvyplayer","symbol":"LOLZ","quantity":"6.56685083","price":"0.03000001","timestamp":1659817305,"volume":"0.19700559","buyTxId":"e58729af3148dd5f2a067bfce39555e57ec75eba","sellTxId":"d5fc6c3298aea37896626c890434f0b017afc405"}
{"index": {"_index":"lolz","_id":"4081467"}}
	{"id":4081467,"type":"sell","buyer":"zionazrael","seller":"bokica80","symbol":"LOLZ","quantity":"1.00000000","price":"0.03000001","timestamp":1659824085,"volume":"0.03000001","buyTxId":"e58729af3148dd5f2a067bfce39555e57ec75eba","sellTxId":"00a91612c8a5dd23f1903c2e97392eb187bf7e12"}
{"index": {"_index":"lolz","_id":"4082089"}}
	{"id":4082089,"type":"sell","buyer":"zionazrael","seller":"funnyfunmemes","symbol":"LOLZ","quantity":"5.00000000","price":"0.03100001","timestamp":1659832113,"volume":"0.15500005","buyTxId":"5fec5bc8afc7393b690cbbbeab87cd37ebe1e555","sellTxId":"888989774fb124f5b8a367460c7858c7137b79aa"}
{"index": {"_index":"lolz","_id":"4082149"}}
	{"id":4082149,"type":"sell","buyer":"zionazrael","seller":"dswap","symbol":"LOLZ","quantity":"1","price":"0.03100001","timestamp":1659833073,"volume":"0.03100001","buyTxId":"5fec5bc8afc7393b690cbbbeab87cd37ebe1e555","sellTxId":"cd70ce1fcf4a243acc0bfc032029fa1ff8862e18"}
{"index": {"_index":"lolz","_id":"4082461"}}
	{"id":4082461,"type":"sell","buyer":"cryptounicorn420","seller":"steem82868","symbol":"LOLZ","quantity":"0.08547969","price":"0.03100000","timestamp":1659835860,"volume":"0.00264987","buyTxId":"6521c31c50d88baf5fccaadc76863198999c0605","sellTxId":"0d66794e6fbba24d28b0fd203ae37e76aaee20fd"}
{"index": {"_index":"lolz","_id":"4082801"}}
	{"id":4082801,"type":"buy","buyer":"zionazrael","seller":"steem82868","symbol":"LOLZ","quantity":"22.60000000","price":"0.05680000","timestamp":1659840090,"volume":"1.28368000","buyTxId":"6da4b727b9abf95a8028dbdf21b25085de217138","sellTxId":"2c37f9abdba0bf7b7b8f2dc996d1e86183728727"}
