{"index": {"_index":"lolz","_id":"4035109"}}
	{"id":4035109,"type":"sell","buyer":"onlydoge","seller":"gaboamc2393","symbol":"LOLZ","quantity":"1.00000000","price":"0.04001000","timestamp":1659313995,"volume":"0.04001000","buyTxId":"1bcb3269396b7c78720ec8522835b04c732035bb","sellTxId":"dda60450a6f7fcb6396be0bda32c3fb83027232d"}
{"index": {"_index":"lolz","_id":"4036135"}}
	{"id":4036135,"type":"sell","buyer":"onlydoge","seller":"underlock","symbol":"LOLZ","quantity":"18.00000000","price":"0.04001000","timestamp":1659315423,"volume":"0.72018000","buyTxId":"1bcb3269396b7c78720ec8522835b04c732035bb","sellTxId":"08c2118d0bd147e0ade343e3d795f3ac9b21b4ce"}
{"index": {"_index":"lolz","_id":"4036303"}}
	{"id":4036303,"type":"sell","buyer":"onlydoge","seller":"xheadhunterz","symbol":"LOLZ","quantity":"14.00000000","price":"0.04001000","timestamp":1659315789,"volume":"0.56014000","buyTxId":"1bcb3269396b7c78720ec8522835b04c732035bb","sellTxId":"808d7e613ef48093febeb396141a1e406b192897"}
{"index": {"_index":"lolz","_id":"4037410"}}
	{"id":4037410,"type":"sell","buyer":"onlydoge","seller":"tanzil2024","symbol":"LOLZ","quantity":"3.00000000","price":"0.04001000","timestamp":1659317946,"volume":"0.12003000","buyTxId":"1bcb3269396b7c78720ec8522835b04c732035bb","sellTxId":"a857b8ca22bf4fc95a09f988008da4bef78da8a3"}
{"index": {"_index":"lolz","_id":"4038207"}}
	{"id":4038207,"type":"sell","buyer":"onlydoge","seller":"falcout","symbol":"LOLZ","quantity":"99.00000000","price":"0.04001000","timestamp":1659322245,"volume":"3.96099000","buyTxId":"1bcb3269396b7c78720ec8522835b04c732035bb","sellTxId":"844ed50eb72c57274f85eeb3c452c6e8a5518662"}
{"index": {"_index":"lolz","_id":"4038399"}}
	{"id":4038399,"type":"sell","buyer":"onlydoge","seller":"captainquack22","symbol":"LOLZ","quantity":"14","price":"0.04001000","timestamp":1659323370,"volume":"0.56014000","buyTxId":"1bcb3269396b7c78720ec8522835b04c732035bb","sellTxId":"e8db70be4031ba0ea317216b243d9349dce94ca9"}
{"index": {"_index":"lolz","_id":"4038598"}}
	{"id":4038598,"type":"buy","buyer":"oaaguy","seller":"onlydoge","symbol":"LOLZ","quantity":"7.96305000","price":"0.06279000","timestamp":1659324498,"volume":"0.49999991","buyTxId":"3dd4dbfe69e8b3236645900e1c48bf39fa6c242d","sellTxId":"2299fd74c2b819ba0e66013fecb2ce89049e30db"}
{"index": {"_index":"lolz","_id":"4038624"}}
	{"id":4038624,"type":"sell","buyer":"oaaguy","seller":"noblebright","symbol":"LOLZ","quantity":"0.04473718","price":"0.06279999","timestamp":1659324708,"volume":"0.00280949","buyTxId":"3dd4dbfe69e8b3236645900e1c48bf39fa6c242d","sellTxId":"dad9402a0da518b62478a280e6d0b22df75e73be"}
{"index": {"_index":"lolz","_id":"4038638"}}
	{"id":4038638,"type":"sell","buyer":"oaaguy","seller":"coininstant","symbol":"LOLZ","quantity":"1.00000000","price":"0.06279999","timestamp":1659324837,"volume":"0.06279999","buyTxId":"3dd4dbfe69e8b3236645900e1c48bf39fa6c242d","sellTxId":"8c3445b5976e1da70e9fe9502e5893990da2930b"}
{"index": {"_index":"lolz","_id":"4038791"}}
	{"id":4038791,"type":"sell","buyer":"oaaguy","seller":"metzli","symbol":"LOLZ","quantity":"6.99221280","price":"0.06279999","timestamp":1659325803,"volume":"0.43911089","buyTxId":"3dd4dbfe69e8b3236645900e1c48bf39fa6c242d","sellTxId":"0794f38dcfb67cdcc38cb472ec10f5f253807d66"}
{"index": {"_index":"lolz","_id":"4038807"}}
	{"id":4038807,"type":"sell","buyer":"onlydoge","seller":"metzli","symbol":"LOLZ","quantity":"38.59527789","price":"0.04001000","timestamp":1659326001,"volume":"1.54419706","buyTxId":"1bcb3269396b7c78720ec8522835b04c732035bb","sellTxId":"7da765ec37840f1cd17fb11e0fc0267a0be87cd5"}
{"index": {"_index":"lolz","_id":"4038961"}}
	{"id":4038961,"type":"sell","buyer":"nyinyiwin","seller":"faquan","symbol":"LOLZ","quantity":"1.00000000","price":"0.04000010","timestamp":1659327279,"volume":"0.04000010","buyTxId":"a4c605f34eb3a884379764781a2cc3c4f8af4eb5","sellTxId":"2c47a03579524688dfdf466ccbba83dd458b8685"}
{"index": {"_index":"lolz","_id":"4039242"}}
	{"id":4039242,"type":"sell","buyer":"nyinyiwin","seller":"savvyplayer","symbol":"LOLZ","quantity":"145.27532948","price":"0.04000010","timestamp":1659329463,"volume":"5.81102771","buyTxId":"a4c605f34eb3a884379764781a2cc3c4f8af4eb5","sellTxId":"90620f644a83091447c71238cd9dbc30967a7da9"}
{"index": {"_index":"lolz","_id":"4039248"}}
	{"id":4039248,"type":"sell","buyer":"indiebandguru","seller":"savvyplayer","symbol":"LOLZ","quantity":"7.00000000","price":"0.03030010","timestamp":1659329541,"volume":"0.21210070","buyTxId":"22b88551468ccb7271b33db6d245374f9dd405c6","sellTxId":"a5ff5bcd1669de1e397692881425224ccdf0145a"}
{"index": {"_index":"lolz","_id":"4039249"}}
	{"id":4039249,"type":"sell","buyer":"kryptofire","seller":"savvyplayer","symbol":"LOLZ","quantity":"14.00000000","price":"0.03030007","timestamp":1659329541,"volume":"0.42420098","buyTxId":"7a2dc07bfdf316dd10bd6a54a83ea38752471683","sellTxId":"a5ff5bcd1669de1e397692881425224ccdf0145a"}
{"index": {"_index":"lolz","_id":"4039250"}}
	{"id":4039250,"type":"sell","buyer":"indiebandguru","seller":"savvyplayer","symbol":"LOLZ","quantity":"27.92866921","price":"0.03030005","timestamp":1659329541,"volume":"0.84624007","buyTxId":"7f690d517e096755969fea5486cccd831d571591","sellTxId":"a5ff5bcd1669de1e397692881425224ccdf0145a"}
{"index": {"_index":"lolz","_id":"4039275"}}
	{"id":4039275,"type":"sell","buyer":"indiebandguru","seller":"savvyplayer","symbol":"LOLZ","quantity":"1.07133079","price":"0.03030005","timestamp":1659329883,"volume":"0.03246138","buyTxId":"7f690d517e096755969fea5486cccd831d571591","sellTxId":"2504fad0e8d8ff1d7c6539b10ba092b4e19eb597"}
{"index": {"_index":"lolz","_id":"4039276"}}
	{"id":4039276,"type":"sell","buyer":"vagabondspirit","seller":"savvyplayer","symbol":"LOLZ","quantity":"16.00000000","price":"0.03030000","timestamp":1659329883,"volume":"0.48480000","buyTxId":"559cb08a20bf100358d517e25fc7d70b84ae919d","sellTxId":"2504fad0e8d8ff1d7c6539b10ba092b4e19eb597"}
{"index": {"_index":"lolz","_id":"4039277"}}
	{"id":4039277,"type":"sell","buyer":"dbooster","seller":"savvyplayer","symbol":"LOLZ","quantity":"32.92875348","price":"0.02507101","timestamp":1659329883,"volume":"0.82555711","buyTxId":"a679de93ded62f123e12664897f80376ae6c27e3","sellTxId":"2504fad0e8d8ff1d7c6539b10ba092b4e19eb597"}
{"index": {"_index":"lolz","_id":"4039590"}}
	{"id":4039590,"type":"sell","buyer":"metzli","seller":"steem82868","symbol":"LOLZ","quantity":"45.00000000","price":"0.02600000","timestamp":1659332721,"volume":"1.17000000","buyTxId":"0ac8de466cb3804ffc33873eae262659980928cb","sellTxId":"e853a3cf8a9a985359a98472e0693f66898784ac"}
{"index": {"_index":"lolz","_id":"4039591"}}
	{"id":4039591,"type":"sell","buyer":"dbooster","seller":"steem82868","symbol":"LOLZ","quantity":"21.66656212","price":"0.02507101","timestamp":1659332751,"volume":"0.54320260","buyTxId":"a679de93ded62f123e12664897f80376ae6c27e3","sellTxId":"8b2878c612a998ccebae4b73d48e3e827931904b"}
{"index": {"_index":"lolz","_id":"4040201"}}
	{"id":4040201,"type":"sell","buyer":"dbooster","seller":"fermentedphil","symbol":"LOLZ","quantity":"8.00000000","price":"0.02507101","timestamp":1659339021,"volume":"0.20056808","buyTxId":"a679de93ded62f123e12664897f80376ae6c27e3","sellTxId":"52d9935a14d7b935e544a50e9879dbfcf891d9ed"}
{"index": {"_index":"lolz","_id":"4042186"}}
	{"id":4042186,"type":"sell","buyer":"dbooster","seller":"horusisback","symbol":"LOLZ","quantity":"4","price":"0.02507101","timestamp":1659349689,"volume":"0.10028404","buyTxId":"a679de93ded62f123e12664897f80376ae6c27e3","sellTxId":"9fee98b8923a4073620ddaee77b2ff00194582c1"}
{"index": {"_index":"lolz","_id":"4042187"}}
	{"id":4042187,"type":"sell","buyer":"dbooster","seller":"penyaircyber","symbol":"LOLZ","quantity":"0.00171220","price":"0.02507101","timestamp":1659349707,"volume":"0.00004293","buyTxId":"a679de93ded62f123e12664897f80376ae6c27e3","sellTxId":"5998d9bad2a32b8c90c7bee5bb6113b4aa0e7ba4"}
{"index": {"_index":"lolz","_id":"4042529"}}
	{"id":4042529,"type":"sell","buyer":"dbooster","seller":"quinnertronics","symbol":"LOLZ","quantity":"4.00000000","price":"0.02507101","timestamp":1659354030,"volume":"0.10028404","buyTxId":"a679de93ded62f123e12664897f80376ae6c27e3","sellTxId":"1f7bbdb5b3a510187d1ec289d90a04bc8f3cc173"}
{"index": {"_index":"lolz","_id":"4042648"}}
	{"id":4042648,"type":"sell","buyer":"dbooster","seller":"hotwing","symbol":"LOLZ","quantity":"0.95429877","price":"0.02507101","timestamp":1659355317,"volume":"0.02392523","buyTxId":"a679de93ded62f123e12664897f80376ae6c27e3","sellTxId":"c6d9861e6b5679a84e9bff44b24e4ab3af6e4220"}
{"index": {"_index":"lolz","_id":"4042715"}}
	{"id":4042715,"type":"sell","buyer":"dbooster","seller":"newshive","symbol":"LOLZ","quantity":"5.00000000","price":"0.02507101","timestamp":1659355965,"volume":"0.12535505","buyTxId":"a679de93ded62f123e12664897f80376ae6c27e3","sellTxId":"3c2b9f650fe60059e03c4ea9a8a3b80490032836"}
{"index": {"_index":"lolz","_id":"4042755"}}
	{"id":4042755,"type":"sell","buyer":"dbooster","seller":"tyshiea","symbol":"LOLZ","quantity":"8.00000000","price":"0.02507101","timestamp":1659356805,"volume":"0.20056808","buyTxId":"a679de93ded62f123e12664897f80376ae6c27e3","sellTxId":"be5add514240f23738a8022e3d5e49fc9a065426"}
{"index": {"_index":"lolz","_id":"4043328"}}
	{"id":4043328,"type":"buy","buyer":"degagneiv","seller":"metzli","symbol":"LOLZ","quantity":"0.00071270","price":"0.04000241","timestamp":1659361680,"volume":"0.00002851","buyTxId":"9fa4d1def0a4e984bff79e3572adfc45a3f451e3","sellTxId":"7da765ec37840f1cd17fb11e0fc0267a0be87cd5"}
{"index": {"_index":"lolz","_id":"4043557"}}
	{"id":4043557,"type":"sell","buyer":"dechuck","seller":"cliffagreen","symbol":"LOLZ","quantity":"1.54000000","price":"0.02507102","timestamp":1659363717,"volume":"0.03860937","buyTxId":"5ddc008f6833f43bf27b0cf4ae69022c26a12c7c","sellTxId":"47d858a8d0111a7c16e8f2a786cb5a04ebc2267d"}
{"index": {"_index":"lolz","_id":"4044714"}}
	{"id":4044714,"type":"sell","buyer":"dbooster","seller":"lisamgentile1961","symbol":"LOLZ","quantity":"0.08795889","price":"0.02507130","timestamp":1659370389,"volume":"0.00220524","buyTxId":"8ce44ff604590dd81fe136e253ea140ddab3a283","sellTxId":"f18f0750a4c3ed6f967fb58d9e21ce22538ab040"}
{"index": {"_index":"lolz","_id":"4046094"}}
	{"id":4046094,"type":"buy","buyer":"buzzer11","seller":"demotruk","symbol":"LOLZ","quantity":"1.00000000","price":"0.04000241","timestamp":1659380910,"volume":"0.04000241","buyTxId":"1c45e772b3de0f8d5add767ae7cf44a01f5cfd4b","sellTxId":"b66dfd25d7e56b1c03f9289eaabcc3da1a2b9e79"}
{"index": {"_index":"lolz","_id":"4046095"}}
	{"id":4046095,"type":"buy","buyer":"buzzer11","seller":"weldmaster","symbol":"LOLZ","quantity":"15.52241027","price":"0.04000241","timestamp":1659380910,"volume":"0.62093382","buyTxId":"1c45e772b3de0f8d5add767ae7cf44a01f5cfd4b","sellTxId":"8cfa4ea69cb9dbdba67c158e8252beb10b1c68e8"}
{"index": {"_index":"lolz","_id":"4046096"}}
	{"id":4046096,"type":"buy","buyer":"buzzer11","seller":"pooky","symbol":"LOLZ","quantity":"1.00000000","price":"0.05000000","timestamp":1659380910,"volume":"0.05000000","buyTxId":"1c45e772b3de0f8d5add767ae7cf44a01f5cfd4b","sellTxId":"2b9c466bb7b95f1b586f03015c6810332b9dd307"}
{"index": {"_index":"lolz","_id":"4046097"}}
	{"id":4046097,"type":"buy","buyer":"buzzer11","seller":"onlydoge","symbol":"LOLZ","quantity":"4.77127935","price":"0.06268000","timestamp":1659380910,"volume":"0.29906379","buyTxId":"1c45e772b3de0f8d5add767ae7cf44a01f5cfd4b","sellTxId":"661e1a04d481d7499055562ccf68034dc2ad3317"}
{"index": {"_index":"lolz","_id":"4047109"}}
	{"id":4047109,"type":"sell","buyer":"erhan92","seller":"eythorphoto","symbol":"LOLZ","quantity":"0.82990074","price":"0.02510100","timestamp":1659388302,"volume":"0.02083134","buyTxId":"6a68096386e8944a7ec059c3f1ee5bfdf2cefe66","sellTxId":"067157224c22e7fa03c28e276b0cb71a40ae7602"}
{"index": {"_index":"lolz","_id":"4047271"}}
	{"id":4047271,"type":"sell","buyer":"erhan92","seller":"invest-time","symbol":"LOLZ","quantity":"4.02777389","price":"0.02510100","timestamp":1659389220,"volume":"0.10110115","buyTxId":"6a68096386e8944a7ec059c3f1ee5bfdf2cefe66","sellTxId":"0b6c12b824827ca2667ccc6c7308276af91cc43f"}
{"index": {"_index":"lolz","_id":"4047788"}}
	{"id":4047788,"type":"buy","buyer":"dswap","seller":"braaiboy","symbol":"LOLZ","quantity":"1.07142857","price":"0.05600000","timestamp":1659393135,"volume":"0.06000000","buyTxId":"27fb73f549e43cc6cdac18bc92827a2d60b7ef30","sellTxId":"37bb186ff87aba9478094df3b3de9ee5571e9c86"}
{"index": {"_index":"lolz","_id":"4047846"}}
	{"id":4047846,"type":"sell","buyer":"dbooster","seller":"worldfinances","symbol":"LOLZ","quantity":"1.42484915","price":"0.02510101","timestamp":1659393687,"volume":"0.03576515","buyTxId":"9dce01e998404cbe92a1e7a72c44b91b0caef628","sellTxId":"24bc3c7895f9c75d9843c63a16c15388ffd87d07"}
{"index": {"_index":"lolz","_id":"4048172"}}
	{"id":4048172,"type":"sell","buyer":"dbooster","seller":"bengy","symbol":"LOLZ","quantity":"4","price":"0.02510101","timestamp":1659396183,"volume":"0.10040404","buyTxId":"9dce01e998404cbe92a1e7a72c44b91b0caef628","sellTxId":"3796c3bda99e2c6667863b888a313df8b1ca5bb1"}
{"index": {"_index":"lolz","_id":"4048406"}}
	{"id":4048406,"type":"sell","buyer":"dbooster","seller":"onlydoge","symbol":"LOLZ","quantity":"210.95167475","price":"0.02510101","timestamp":1659397458,"volume":"5.29510010","buyTxId":"9dce01e998404cbe92a1e7a72c44b91b0caef628","sellTxId":"e79bb9bed1977aa7141936748ff5f4cd3bd239b3"}
