{"index": {"_index":"lolz","_id":"3683012"}}
	{"id":3683012,"type":"sell","buyer":"onlydoge","seller":"steem82868","symbol":"LOLZ","quantity":"0.77124501","price":"0.06801000","timestamp":1655168334,"volume":"0.05245237","buyTxId":"949ce6f8c65fd5a30d8faa41a2f5282e358411a8","sellTxId":"21866b9ada65ef9768066a869fd8b8f603e7657f"}
{"index": {"_index":"lolz","_id":"3685518"}}
	{"id":3685518,"type":"sell","buyer":"onlydoge","seller":"monsterbuster","symbol":"LOLZ","quantity":"19.73313475","price":"0.06801000","timestamp":1655189985,"volume":"1.34205049","buyTxId":"949ce6f8c65fd5a30d8faa41a2f5282e358411a8","sellTxId":"b751865e0417edcfce787c82dfd6be2788f107ed"}
{"index": {"_index":"lolz","_id":"3685569"}}
	{"id":3685569,"type":"sell","buyer":"onlydoge","seller":"itharagaian","symbol":"LOLZ","quantity":"1.00032527","price":"0.06801000","timestamp":1655190684,"volume":"0.06803212","buyTxId":"949ce6f8c65fd5a30d8faa41a2f5282e358411a8","sellTxId":"ae1ecd037f983cb262280b74615b2ecd4973002a"}
{"index": {"_index":"lolz","_id":"3685622"}}
	{"id":3685622,"type":"sell","buyer":"onlydoge","seller":"hive-143869","symbol":"LOLZ","quantity":"1.00012195","price":"0.06801000","timestamp":1655191074,"volume":"0.06801829","buyTxId":"949ce6f8c65fd5a30d8faa41a2f5282e358411a8","sellTxId":"f0bb3ac29c1dcfe1e4f0dc1159fda1cc1d79ab47"}
{"index": {"_index":"lolz","_id":"3685636"}}
	{"id":3685636,"type":"sell","buyer":"onlydoge","seller":"penyaircyber","symbol":"LOLZ","quantity":"0.00001006","price":"0.06801000","timestamp":1655191299,"volume":"0.00000068","buyTxId":"949ce6f8c65fd5a30d8faa41a2f5282e358411a8","sellTxId":"1c9cd5d3fc39bd10126eb40a3a55697c4310322d"}
{"index": {"_index":"lolz","_id":"3686282"}}
	{"id":3686282,"type":"sell","buyer":"onlydoge","seller":"captainquack22","symbol":"LOLZ","quantity":"14","price":"0.06801000","timestamp":1655201277,"volume":"0.95214000","buyTxId":"949ce6f8c65fd5a30d8faa41a2f5282e358411a8","sellTxId":"11711a451c91cb90ee0cdeac030390c109098c8c"}
{"index": {"_index":"lolz","_id":"3686758"}}
	{"id":3686758,"type":"sell","buyer":"gaboamc2393","seller":"tanzil2024","symbol":"LOLZ","quantity":"2.00000000","price":"0.06850000","timestamp":1655206605,"volume":"0.13700000","buyTxId":"1f1a84a2f6bcacb45cda854912f3adb7e39934ed","sellTxId":"57a1ccab59af759e51cad400b5a8360dce9a1b44"}
{"index": {"_index":"lolz","_id":"3686772"}}
	{"id":3686772,"type":"sell","buyer":"gaboamc2393","seller":"antor2024","symbol":"LOLZ","quantity":"5.00000000","price":"0.06850000","timestamp":1655206860,"volume":"0.34250000","buyTxId":"1f1a84a2f6bcacb45cda854912f3adb7e39934ed","sellTxId":"373023f71cb22e621433f7466d8e6bc24f150356"}
{"index": {"_index":"lolz","_id":"3686801"}}
	{"id":3686801,"type":"sell","buyer":"gaboamc2393","seller":"javivisan","symbol":"LOLZ","quantity":"2.00000000","price":"0.06850000","timestamp":1655207088,"volume":"0.13700000","buyTxId":"1f1a84a2f6bcacb45cda854912f3adb7e39934ed","sellTxId":"037e08da0838e07bd106128ad7f100563adad24f"}
{"index": {"_index":"lolz","_id":"3686830"}}
	{"id":3686830,"type":"sell","buyer":"gaboamc2393","seller":"khamsky33","symbol":"LOLZ","quantity":"3.00000000","price":"0.06850000","timestamp":1655207322,"volume":"0.20550000","buyTxId":"1f1a84a2f6bcacb45cda854912f3adb7e39934ed","sellTxId":"da08d3183fae99961e8e360a198fc20398d4979c"}
{"index": {"_index":"lolz","_id":"3686880"}}
	{"id":3686880,"type":"sell","buyer":"gaboamc2393","seller":"almahadi","symbol":"LOLZ","quantity":"1.00000000","price":"0.06850000","timestamp":1655207763,"volume":"0.06850000","buyTxId":"1f1a84a2f6bcacb45cda854912f3adb7e39934ed","sellTxId":"44691760e0bbed0969f4bb9691aff677770c5d13"}
{"index": {"_index":"lolz","_id":"3687175"}}
	{"id":3687175,"type":"sell","buyer":"gaboamc2393","seller":"steem82868","symbol":"LOLZ","quantity":"0.33224775","price":"0.06850000","timestamp":1655211960,"volume":"0.02275897","buyTxId":"1f1a84a2f6bcacb45cda854912f3adb7e39934ed","sellTxId":"8805592e5df85e63ad3d3aea25142ef4287485a3"}
{"index": {"_index":"lolz","_id":"3687314"}}
	{"id":3687314,"type":"sell","buyer":"gaboamc2393","seller":"cursephantom","symbol":"LOLZ","quantity":"2.00000000","price":"0.06850000","timestamp":1655212479,"volume":"0.13700000","buyTxId":"1f1a84a2f6bcacb45cda854912f3adb7e39934ed","sellTxId":"fe0e223d736c1f2cc090a1d0014bb9b344644eaf"}
{"index": {"_index":"lolz","_id":"3687777"}}
	{"id":3687777,"type":"sell","buyer":"gaboamc2393","seller":"cliffagreen","symbol":"LOLZ","quantity":"0.62515087","price":"0.06850000","timestamp":1655216643,"volume":"0.04282283","buyTxId":"1f1a84a2f6bcacb45cda854912f3adb7e39934ed","sellTxId":"62c4fb3eb0a749305c348544fbec210cf737dcaa"}
{"index": {"_index":"lolz","_id":"3687913"}}
	{"id":3687913,"type":"sell","buyer":"gaboamc2393","seller":"kolbjorn","symbol":"LOLZ","quantity":"5.00000000","price":"0.06850000","timestamp":1655218095,"volume":"0.34250000","buyTxId":"1f1a84a2f6bcacb45cda854912f3adb7e39934ed","sellTxId":"f3138ee40d1cb71c5a53060dac9e4d3eedee62f6"}
{"index": {"_index":"lolz","_id":"3687922"}}
	{"id":3687922,"type":"sell","buyer":"gaboamc2393","seller":"funnyfunmemes","symbol":"LOLZ","quantity":"1.00000000","price":"0.06850000","timestamp":1655218173,"volume":"0.06850000","buyTxId":"1f1a84a2f6bcacb45cda854912f3adb7e39934ed","sellTxId":"05d371dab9dde465076a8bacdf3f0dacb0c1dbf5"}
{"index": {"_index":"lolz","_id":"3687977"}}
	{"id":3687977,"type":"sell","buyer":"gaboamc2393","seller":"pjansen","symbol":"LOLZ","quantity":"78.04260138","price":"0.06850000","timestamp":1655218620,"volume":"5.34591819","buyTxId":"1f1a84a2f6bcacb45cda854912f3adb7e39934ed","sellTxId":"1e5e020aa522e668e43da70c74616be6c1e8b5c3"}
{"index": {"_index":"lolz","_id":"3687978"}}
	{"id":3687978,"type":"sell","buyer":"ironshield","seller":"pjansen","symbol":"LOLZ","quantity":"15.99133880","price":"0.06800000","timestamp":1655218620,"volume":"1.08741103","buyTxId":"f23d45766566d1810b77b96c491795bfa4058237","sellTxId":"1e5e020aa522e668e43da70c74616be6c1e8b5c3"}
{"index": {"_index":"lolz","_id":"3687979"}}
	{"id":3687979,"type":"sell","buyer":"forsakensushi","seller":"pjansen","symbol":"LOLZ","quantity":"11.84207832","price":"0.06700000","timestamp":1655218620,"volume":"0.79341925","buyTxId":"65732d42a351efe59ce306e0724c11415ec84762","sellTxId":"1e5e020aa522e668e43da70c74616be6c1e8b5c3"}
{"index": {"_index":"lolz","_id":"3688253"}}
	{"id":3688253,"type":"sell","buyer":"forsakensushi","seller":"leemah1","symbol":"LOLZ","quantity":"25.86865001","price":"0.06700000","timestamp":1655219544,"volume":"1.73319955","buyTxId":"65732d42a351efe59ce306e0724c11415ec84762","sellTxId":"9988aafe655ea88ae86a0629e001002d6cbe6259"}
{"index": {"_index":"lolz","_id":"3688350"}}
	{"id":3688350,"type":"sell","buyer":"forsakensushi","seller":"fnvdesigns","symbol":"LOLZ","quantity":"9.83494645","price":"0.06700000","timestamp":1655220600,"volume":"0.65894141","buyTxId":"65732d42a351efe59ce306e0724c11415ec84762","sellTxId":"bf5c6fa687eb54078b70fec123f55da0ae2d6ff0"}
{"index": {"_index":"lolz","_id":"3688983"}}
	{"id":3688983,"type":"sell","buyer":"forsakensushi","seller":"laritheghost","symbol":"LOLZ","quantity":"0.18426573","price":"0.06700000","timestamp":1655225718,"volume":"0.01234580","buyTxId":"65732d42a351efe59ce306e0724c11415ec84762","sellTxId":"5278c756b3cb3d423d3baa01d8ad41f8e285789e"}
{"index": {"_index":"lolz","_id":"3689024"}}
	{"id":3689024,"type":"sell","buyer":"forsakensushi","seller":"indignantgerald","symbol":"LOLZ","quantity":"1.00000000","price":"0.06700000","timestamp":1655226009,"volume":"0.06700000","buyTxId":"65732d42a351efe59ce306e0724c11415ec84762","sellTxId":"e0cbd806132bed9d4ac762d897d880e4159bc285"}
{"index": {"_index":"lolz","_id":"3689111"}}
	{"id":3689111,"type":"sell","buyer":"forsakensushi","seller":"simplegame","symbol":"LOLZ","quantity":"2.00000000","price":"0.06700000","timestamp":1655226393,"volume":"0.13400000","buyTxId":"65732d42a351efe59ce306e0724c11415ec84762","sellTxId":"2b25bc58f62fec54384d4c94550e142dcb45ae53"}
{"index": {"_index":"lolz","_id":"3689127"}}
	{"id":3689127,"type":"sell","buyer":"forsakensushi","seller":"captainquack22","symbol":"LOLZ","quantity":"9","price":"0.06700000","timestamp":1655226480,"volume":"0.60300000","buyTxId":"65732d42a351efe59ce306e0724c11415ec84762","sellTxId":"0e6aac183fe8068434d28d26e1c0281e15b45f89"}
{"index": {"_index":"lolz","_id":"3689351"}}
	{"id":3689351,"type":"sell","buyer":"forsakensushi","seller":"cliffagreen","symbol":"LOLZ","quantity":"0.93388457","price":"0.06700000","timestamp":1655228304,"volume":"0.06257027","buyTxId":"65732d42a351efe59ce306e0724c11415ec84762","sellTxId":"b55fcd635db48acbfaea2fe1d39285df9a758987"}
{"index": {"_index":"lolz","_id":"3689513"}}
	{"id":3689513,"type":"sell","buyer":"forsakensushi","seller":"elizabetamt","symbol":"LOLZ","quantity":"2.05743010","price":"0.06700000","timestamp":1655229315,"volume":"0.13784782","buyTxId":"65732d42a351efe59ce306e0724c11415ec84762","sellTxId":"1f08f12e61a1fe418365fdf2538999231d33218b"}
{"index": {"_index":"lolz","_id":"3689782"}}
	{"id":3689782,"type":"sell","buyer":"forsakensushi","seller":"myfreebtc","symbol":"LOLZ","quantity":"7.00000000","price":"0.06700000","timestamp":1655231565,"volume":"0.46900000","buyTxId":"65732d42a351efe59ce306e0724c11415ec84762","sellTxId":"d57240c6472f0ef08eb7c5453fe11d45d2d092ec"}
{"index": {"_index":"lolz","_id":"3690107"}}
	{"id":3690107,"type":"sell","buyer":"forsakensushi","seller":"silvertop","symbol":"LOLZ","quantity":"1.00000000","price":"0.06700000","timestamp":1655233785,"volume":"0.06700000","buyTxId":"65732d42a351efe59ce306e0724c11415ec84762","sellTxId":"220e1e7c906c471fb633662b3a058ccb2a82a20e"}
{"index": {"_index":"lolz","_id":"3690386"}}
	{"id":3690386,"type":"buy","buyer":"aliveprojects","seller":"kolbjorn","symbol":"LOLZ","quantity":"26.22857142","price":"0.07000000","timestamp":1655236578,"volume":"1.836","buyTxId":"47cce541d7b5f336e82d9f29a6972f3f58317097","sellTxId":"6a1621f3fe73b0b95bb31653f7e9572949c634d9"}
{"index": {"_index":"lolz","_id":"3690478"}}
	{"id":3690478,"type":"sell","buyer":"forsakensushi","seller":"itharagaian","symbol":"LOLZ","quantity":"3.00033064","price":"0.06700000","timestamp":1655237754,"volume":"0.20102215","buyTxId":"65732d42a351efe59ce306e0724c11415ec84762","sellTxId":"b50d0ea25113c3ce59210b8e69c530a49ec739a1"}
{"index": {"_index":"lolz","_id":"3691719"}}
	{"id":3691719,"type":"sell","buyer":"forsakensushi","seller":"steem82868","symbol":"LOLZ","quantity":"0.79350716","price":"0.06700000","timestamp":1655250150,"volume":"0.05316498","buyTxId":"65732d42a351efe59ce306e0724c11415ec84762","sellTxId":"a0bfb4f58152cd31f38de0994387f7d0e67e96d9"}
{"index": {"_index":"lolz","_id":"3691723"}}
	{"id":3691723,"type":"sell","buyer":"forsakensushi","seller":"revideofg","symbol":"LOLZ","quantity":"0.00003604","price":"0.06700000","timestamp":1655250195,"volume":"0.00000241","buyTxId":"65732d42a351efe59ce306e0724c11415ec84762","sellTxId":"7099d13f4784067943a7fa8c611f0433f57f1761"}
{"index": {"_index":"lolz","_id":"3691928"}}
	{"id":3691928,"type":"sell","buyer":"forsakensushi","seller":"deepspiral","symbol":"LOLZ","quantity":"2","price":"0.06700000","timestamp":1655252547,"volume":"0.13400000","buyTxId":"65732d42a351efe59ce306e0724c11415ec84762","sellTxId":"0fa76e100026cca7466d96e9d53df6ca00fcecd2"}
