{"index": {"_index":"lolz","_id":"3458984"}}
	{"id":3458984,"type":"buy","buyer":"anderssinho","seller":"onlydoge","symbol":"LOLZ","quantity":"2.00000000","price":"0.08899000","timestamp":1652852547,"volume":"0.17798000","buyTxId":"09c3f3907768b6766bab451c90059342d054b00e","sellTxId":"85a4ef2b79477ba024fb37ad7075f42a18565056"}
{"index": {"_index":"lolz","_id":"3459395"}}
	{"id":3459395,"type":"sell","buyer":"magicbeans","seller":"itharagaian","symbol":"LOLZ","quantity":"2.00000000","price":"0.04801901","timestamp":1652857845,"volume":"0.09603802","buyTxId":"3980b96ce55ebf99f5f21744da06682b1faddb63","sellTxId":"ea00f87745b2f4fc9f4cc641a0efa39c5838920d"}
{"index": {"_index":"lolz","_id":"3459448"}}
	{"id":3459448,"type":"sell","buyer":"magicbeans","seller":"hive-143869","symbol":"LOLZ","quantity":"1.00000000","price":"0.04801901","timestamp":1652858517,"volume":"0.04801901","buyTxId":"3980b96ce55ebf99f5f21744da06682b1faddb63","sellTxId":"7b41e6254b1a3ec4a6c1bbc2eff4af0e769e68ae"}
{"index": {"_index":"lolz","_id":"3460237"}}
	{"id":3460237,"type":"sell","buyer":"magicbeans","seller":"criptosectadepit","symbol":"LOLZ","quantity":"2.00000000","price":"0.04801901","timestamp":1652866260,"volume":"0.09603802","buyTxId":"3980b96ce55ebf99f5f21744da06682b1faddb63","sellTxId":"46be9b38efa1371e7454177592f6b18de4e9e945"}
{"index": {"_index":"lolz","_id":"3460324"}}
	{"id":3460324,"type":"sell","buyer":"magicbeans","seller":"cursephantom","symbol":"LOLZ","quantity":"3.00000000","price":"0.04801901","timestamp":1652867316,"volume":"0.14405703","buyTxId":"3980b96ce55ebf99f5f21744da06682b1faddb63","sellTxId":"f5d088d69a7bee047550d826abb57b6d3a5b809c"}
{"index": {"_index":"lolz","_id":"3460882"}}
	{"id":3460882,"type":"sell","buyer":"magicbeans","seller":"longganisan","symbol":"LOLZ","quantity":"1.00000000","price":"0.05000001","timestamp":1652874027,"volume":"0.05000001","buyTxId":"78e6fa129920bc59d74ece8b75a123f0ad87ebb4","sellTxId":"a9e75ef24944745b1a8b3756a79dda9dbc23886a"}
{"index": {"_index":"lolz","_id":"3460990"}}
	{"id":3460990,"type":"sell","buyer":"magicbeans","seller":"dotwin1981","symbol":"LOLZ","quantity":"10.00000000","price":"0.05000001","timestamp":1652875398,"volume":"0.50000010","buyTxId":"78e6fa129920bc59d74ece8b75a123f0ad87ebb4","sellTxId":"9ad7e3d118c0a8b200dcdb1956a36bf5766d5632"}
{"index": {"_index":"lolz","_id":"3461129"}}
	{"id":3461129,"type":"buy","buyer":"alex2alex","seller":"gaboamc2393","symbol":"LOLZ","quantity":"8.56045381","price":"0.08700000","timestamp":1652876637,"volume":"0.74475948","buyTxId":"92c7ca9eb440ce0e10ab8859862a80fb40c6ef30","sellTxId":"5e52c9c1bbba5116861398622b6e832c1731f326"}
{"index": {"_index":"lolz","_id":"3461130"}}
	{"id":3461130,"type":"buy","buyer":"alex2alex","seller":"onlydoge","symbol":"LOLZ","quantity":"7.36308034","price":"0.08899000","timestamp":1652876637,"volume":"0.65524052","buyTxId":"92c7ca9eb440ce0e10ab8859862a80fb40c6ef30","sellTxId":"85a4ef2b79477ba024fb37ad7075f42a18565056"}
{"index": {"_index":"lolz","_id":"3461939"}}
	{"id":3461939,"type":"sell","buyer":"danideuder","seller":"simplegame","symbol":"LOLZ","quantity":"3.00000000","price":"0.05000002","timestamp":1652883876,"volume":"0.15000006","buyTxId":"a325be1d54d8391485268fe1b575bc626ea31c35","sellTxId":"438b7461c1ba41f9b3dd269b9564d90de406fc16"}
{"index": {"_index":"lolz","_id":"3462493"}}
	{"id":3462493,"type":"sell","buyer":"magicbeans","seller":"deepsafe","symbol":"LOLZ","quantity":"5.00000000","price":"0.05001001","timestamp":1652887854,"volume":"0.25005005","buyTxId":"8f25edb5463388bd7e4b2386b0c22835f1f31789","sellTxId":"e1a7bef8748f264540309ef5dbad0e53b7e8457b"}
{"index": {"_index":"lolz","_id":"3463036"}}
	{"id":3463036,"type":"sell","buyer":"magicbeans","seller":"madmanmusic","symbol":"LOLZ","quantity":"2","price":"0.05001001","timestamp":1652892339,"volume":"0.10002002","buyTxId":"8f25edb5463388bd7e4b2386b0c22835f1f31789","sellTxId":"a644267c9b582accf73681f62c715bb49326d8e0"}
{"index": {"_index":"lolz","_id":"3464482"}}
	{"id":3464482,"type":"sell","buyer":"magicbeans","seller":"mann0000","symbol":"LOLZ","quantity":"21.09882408","price":"0.05003001","timestamp":1652905779,"volume":"1.05557438","buyTxId":"ba1e507a0e42de3473129c82e9d8c52167cfe029","sellTxId":"0c95ef27ad559f298b90fd0fc3b116f41a424d88"}
{"index": {"_index":"lolz","_id":"3464483"}}
	{"id":3464483,"type":"sell","buyer":"onlydoge","seller":"mann0000","symbol":"LOLZ","quantity":"59.96401000","price":"0.05003000","timestamp":1652905779,"volume":"2.99999942","buyTxId":"c39587e7168751350970d71aaed2aa303b9abfcd","sellTxId":"0c95ef27ad559f298b90fd0fc3b116f41a424d88"}
{"index": {"_index":"lolz","_id":"3464484"}}
	{"id":3464484,"type":"sell","buyer":"danideuder","seller":"mann0000","symbol":"LOLZ","quantity":"9.00000000","price":"0.05000002","timestamp":1652905779,"volume":"0.45000018","buyTxId":"a325be1d54d8391485268fe1b575bc626ea31c35","sellTxId":"0c95ef27ad559f298b90fd0fc3b116f41a424d88"}
{"index": {"_index":"lolz","_id":"3464485"}}
	{"id":3464485,"type":"sell","buyer":"dechuck","seller":"mann0000","symbol":"LOLZ","quantity":"6.00000000","price":"0.05000000","timestamp":1652905779,"volume":"0.30000000","buyTxId":"e1568ff46c86e782f59f66fe8c322517e02a6e12","sellTxId":"0c95ef27ad559f298b90fd0fc3b116f41a424d88"}
{"index": {"_index":"lolz","_id":"3464486"}}
	{"id":3464486,"type":"sell","buyer":"szmobacsi","seller":"mann0000","symbol":"LOLZ","quantity":"25.00000000","price":"0.04801900","timestamp":1652905779,"volume":"1.20047500","buyTxId":"364c2f4a46d6f63b5ea038b6ad1aeb28487378a4","sellTxId":"0c95ef27ad559f298b90fd0fc3b116f41a424d88"}
{"index": {"_index":"lolz","_id":"3464487"}}
	{"id":3464487,"type":"sell","buyer":"gasak","seller":"mann0000","symbol":"LOLZ","quantity":"16.62130696","price":"0.04777001","timestamp":1652905779,"volume":"0.79400000","buyTxId":"804a286e359555dee0aa636a626bad067f67e2a8","sellTxId":"0c95ef27ad559f298b90fd0fc3b116f41a424d88"}
{"index": {"_index":"lolz","_id":"3464488"}}
	{"id":3464488,"type":"sell","buyer":"rayius","seller":"mann0000","symbol":"LOLZ","quantity":"60.37819085","price":"0.04770000","timestamp":1652905779,"volume":"2.88003970","buyTxId":"9680b06ee6f69cfc03198bbad79f79f7ae76f048","sellTxId":"0c95ef27ad559f298b90fd0fc3b116f41a424d88"}
{"index": {"_index":"lolz","_id":"3464831"}}
	{"id":3464831,"type":"sell","buyer":"onlydoge","seller":"simplegame","symbol":"LOLZ","quantity":"1.00000000","price":"0.04771000","timestamp":1652911065,"volume":"0.04771000","buyTxId":"4897e4130e442110ffe65bc0890aee8a9b374b7b","sellTxId":"457c73f160d5998a4e5bfdd4d411c5b01e9cc2f2"}
{"index": {"_index":"lolz","_id":"3465327"}}
	{"id":3465327,"type":"sell","buyer":"onlydoge","seller":"alexandrzombi","symbol":"LOLZ","quantity":"0.00002609","price":"0.04771000","timestamp":1652916531,"volume":"0.00000124","buyTxId":"4897e4130e442110ffe65bc0890aee8a9b374b7b","sellTxId":"4ba02c03ca69fec5ff21a024582e62d0f9b33854"}
{"index": {"_index":"lolz","_id":"3465560"}}
	{"id":3465560,"type":"buy","buyer":"emaxisonline","seller":"magicbeans","symbol":"LOLZ","quantity":"3.00000000","price":"0.06998999","timestamp":1652919468,"volume":"0.20996997","buyTxId":"38a9b0474254a96cb332667c9a9273688f9db65c","sellTxId":"29fe4954d090e86e7b60cd760c284aa74afec9b2"}
{"index": {"_index":"lolz","_id":"3466082"}}
	{"id":3466082,"type":"sell","buyer":"onlydoge","seller":"rzc24-nftbbg","symbol":"LOLZ","quantity":"4.00000000","price":"0.04771000","timestamp":1652926056,"volume":"0.19084000","buyTxId":"4897e4130e442110ffe65bc0890aee8a9b374b7b","sellTxId":"d8a17131194245b1b8b2eaee61beee93095fea9e"}
