{"index": {"_index":"lolz","_id":"3800985"}}
	{"id":3800985,"type":"sell","buyer":"holovision.cash","seller":"hotwing","symbol":"LOLZ","quantity":"0.61876081","price":"0.05000000","timestamp":1656476307,"volume":"0.03093804","buyTxId":"197af971c9a83b56434dc2988e3da237315805ee","sellTxId":"739c6dd041f9371c592c27a98f19bf559bf361f5"}
{"index": {"_index":"lolz","_id":"3801163"}}
	{"id":3801163,"type":"sell","buyer":"holovision.cash","seller":"frawdielp2","symbol":"LOLZ","quantity":"0.07591726","price":"0.05000000","timestamp":1656479757,"volume":"0.00379586","buyTxId":"197af971c9a83b56434dc2988e3da237315805ee","sellTxId":"65a8f0a8c31cef3a40cf881eac7efa275d06d7e1"}
{"index": {"_index":"lolz","_id":"3801295"}}
	{"id":3801295,"type":"sell","buyer":"holovision.cash","seller":"jacksonizer","symbol":"LOLZ","quantity":"8","price":"0.05000000","timestamp":1656480483,"volume":"0.40000000","buyTxId":"197af971c9a83b56434dc2988e3da237315805ee","sellTxId":"68bbd4560bc71e9ed1ad31ecfc555694753b8fcb"}
{"index": {"_index":"lolz","_id":"3801616"}}
	{"id":3801616,"type":"sell","buyer":"holovision.cash","seller":"sentipl","symbol":"LOLZ","quantity":"3.00000584","price":"0.05000000","timestamp":1656484458,"volume":"0.15000029","buyTxId":"197af971c9a83b56434dc2988e3da237315805ee","sellTxId":"3ecb80c3f9ad4b1917f2259dafaa33b29e497ecd"}
{"index": {"_index":"lolz","_id":"3802031"}}
	{"id":3802031,"type":"sell","buyer":"holovision.cash","seller":"barski","symbol":"LOLZ","quantity":"1.00064176","price":"0.05000000","timestamp":1656488616,"volume":"0.05003209","buyTxId":"197af971c9a83b56434dc2988e3da237315805ee","sellTxId":"190c549a4c7a60d8cda59506bb7dc19b557a6d75"}
{"index": {"_index":"lolz","_id":"3802102"}}
	{"id":3802102,"type":"sell","buyer":"holovision.cash","seller":"itharagaian","symbol":"LOLZ","quantity":"0.00042168","price":"0.05000000","timestamp":1656489750,"volume":"0.00002108","buyTxId":"197af971c9a83b56434dc2988e3da237315805ee","sellTxId":"47dffb12433767b1f036b5884248b028794f2d04"}
{"index": {"_index":"lolz","_id":"3802103"}}
	{"id":3802103,"type":"sell","buyer":"holovision.cash","seller":"hive-143869","symbol":"LOLZ","quantity":"2.00004626","price":"0.05000000","timestamp":1656489828,"volume":"0.10000231","buyTxId":"197af971c9a83b56434dc2988e3da237315805ee","sellTxId":"6a9872943d8b56a59fe1ce8e04d5f6ddcd646a7e"}
{"index": {"_index":"lolz","_id":"3802227"}}
	{"id":3802227,"type":"sell","buyer":"holovision.cash","seller":"synergie","symbol":"LOLZ","quantity":"0.00001471","price":"0.05000000","timestamp":1656491352,"volume":"0.00000074","buyTxId":"197af971c9a83b56434dc2988e3da237315805ee","sellTxId":"9bb5d4f7bdc1e5adadd18ebf657dd7da3d9eb24f"}
{"index": {"_index":"lolz","_id":"3802678"}}
	{"id":3802678,"type":"buy","buyer":"koussbar","seller":"noblebright","symbol":"LOLZ","quantity":"0.17188970","price":"0.05000002","timestamp":1656497796,"volume":"0.00859449","buyTxId":"7532e444c0a2bc1ebe5621322e32e911129a0a07","sellTxId":"1201ae9d79271243eb80c766d5e2e17e246b325a"}
{"index": {"_index":"lolz","_id":"3802679"}}
	{"id":3802679,"type":"buy","buyer":"koussbar","seller":"ben.haase","symbol":"LOLZ","quantity":"0.01971739","price":"0.06795990","timestamp":1656497796,"volume":"0.00133999","buyTxId":"7532e444c0a2bc1ebe5621322e32e911129a0a07","sellTxId":"8969b1b4c6369f3a9732e062331fe753f3510e9c"}
{"index": {"_index":"lolz","_id":"3802680"}}
	{"id":3802680,"type":"buy","buyer":"koussbar","seller":"onlydoge","symbol":"LOLZ","quantity":"48.45205973","price":"0.06799000","timestamp":1656497796,"volume":"3.29425554","buyTxId":"7532e444c0a2bc1ebe5621322e32e911129a0a07","sellTxId":"9fdf649fdd4fad295d5845be56d4cbaf8b54b52d"}
{"index": {"_index":"lolz","_id":"3802681"}}
	{"id":3802681,"type":"buy","buyer":"koussbar","seller":"albiro2050","symbol":"LOLZ","quantity":"15.99857143","price":"0.07000000","timestamp":1656497796,"volume":"1.11990000","buyTxId":"7532e444c0a2bc1ebe5621322e32e911129a0a07","sellTxId":"f60b3a5c5eb46e6add020c3b6727685d2675d341"}
{"index": {"_index":"lolz","_id":"3802682"}}
	{"id":3802682,"type":"buy","buyer":"koussbar","seller":"alexandrzombi","symbol":"LOLZ","quantity":"0.00002128","price":"0.08000000","timestamp":1656497796,"volume":"0.00000170","buyTxId":"7532e444c0a2bc1ebe5621322e32e911129a0a07","sellTxId":"27ad2d701eb496468e7b33f7510dd4e6b7b9e651"}
{"index": {"_index":"lolz","_id":"3802683"}}
	{"id":3802683,"type":"buy","buyer":"koussbar","seller":"screamheart","symbol":"LOLZ","quantity":"50.00000000","price":"0.08000000","timestamp":1656497796,"volume":"4.00000000","buyTxId":"7532e444c0a2bc1ebe5621322e32e911129a0a07","sellTxId":"040044d518557ea6afbd4ae26f9d9a27a16cfaf9"}
{"index": {"_index":"lolz","_id":"3802684"}}
	{"id":3802684,"type":"buy","buyer":"koussbar","seller":"szmobacsi","symbol":"LOLZ","quantity":"100.00000000","price":"0.08181000","timestamp":1656497796,"volume":"8.18100000","buyTxId":"7532e444c0a2bc1ebe5621322e32e911129a0a07","sellTxId":"daa02aaf4cd8408fad810b14a0131463e2b409d0"}
{"index": {"_index":"lolz","_id":"3802685"}}
	{"id":3802685,"type":"buy","buyer":"koussbar","seller":"criptosectadepit","symbol":"LOLZ","quantity":"10.00000000","price":"0.08181000","timestamp":1656497796,"volume":"0.81810000","buyTxId":"7532e444c0a2bc1ebe5621322e32e911129a0a07","sellTxId":"68e472998a7678818b0aca809474c86741b28c3d"}
{"index": {"_index":"lolz","_id":"3802686"}}
	{"id":3802686,"type":"buy","buyer":"koussbar","seller":"master-lamps","symbol":"LOLZ","quantity":"0.00235348","price":"0.08198900","timestamp":1656497796,"volume":"0.00019296","buyTxId":"7532e444c0a2bc1ebe5621322e32e911129a0a07","sellTxId":"dfa05eddc07fee7ed8eade7aed7885f0f83ce445"}
{"index": {"_index":"lolz","_id":"3802687"}}
	{"id":3802687,"type":"buy","buyer":"koussbar","seller":"coininstant","symbol":"LOLZ","quantity":"4.00000000","price":"0.08448000","timestamp":1656497796,"volume":"0.33792000","buyTxId":"7532e444c0a2bc1ebe5621322e32e911129a0a07","sellTxId":"812072f359e901a3dfebe29dfaf9f8644cec7995"}
{"index": {"_index":"lolz","_id":"3802688"}}
	{"id":3802688,"type":"buy","buyer":"koussbar","seller":"gaboamc2393","symbol":"LOLZ","quantity":"44.83339622","price":"0.08450000","timestamp":1656497796,"volume":"3.78842198","buyTxId":"7532e444c0a2bc1ebe5621322e32e911129a0a07","sellTxId":"846cd3bedc82c597c6c345b84fdc8dc66af824e5"}
{"index": {"_index":"lolz","_id":"3802689"}}
	{"id":3802689,"type":"buy","buyer":"koussbar","seller":"gaboamc2393","symbol":"LOLZ","quantity":"99.41498047","price":"0.08500000","timestamp":1656497796,"volume":"8.45027334","buyTxId":"7532e444c0a2bc1ebe5621322e32e911129a0a07","sellTxId":"8c27b02d19cac686e686348a500ba7fd11f3023d"}
{"index": {"_index":"lolz","_id":"3803111"}}
	{"id":3803111,"type":"sell","buyer":"onlydoge","seller":"tyshiea","symbol":"LOLZ","quantity":"5.00100000","price":"0.05001000","timestamp":1656503448,"volume":"0.25010001","buyTxId":"4b024ea568fca9b8730b8b77378c847bc8faccd6","sellTxId":"82c7b4d45ae3984b7519fd4b9a53bcd09af52574"}
{"index": {"_index":"lolz","_id":"3803266"}}
	{"id":3803266,"type":"sell","buyer":"onlydoge","seller":"truth2","symbol":"LOLZ","quantity":"1","price":"0.05001000","timestamp":1656504639,"volume":"0.05001000","buyTxId":"4b024ea568fca9b8730b8b77378c847bc8faccd6","sellTxId":"93d91d050cf98a3747a69b7916c1b73b8e4a898b"}
{"index": {"_index":"lolz","_id":"3803516"}}
	{"id":3803516,"type":"sell","buyer":"onlydoge","seller":"fiberfrau","symbol":"LOLZ","quantity":"1.58468661","price":"0.05001000","timestamp":1656506811,"volume":"0.07925018","buyTxId":"4b024ea568fca9b8730b8b77378c847bc8faccd6","sellTxId":"cc29f61b73d2b3187b6e2ad55773446c7e74aa83"}
{"index": {"_index":"lolz","_id":"3803956"}}
	{"id":3803956,"type":"sell","buyer":"onlydoge","seller":"noblebright","symbol":"LOLZ","quantity":"0.10949509","price":"0.05001000","timestamp":1656512358,"volume":"0.00547585","buyTxId":"4b024ea568fca9b8730b8b77378c847bc8faccd6","sellTxId":"3b2fbb1c2149b69ace960910dffcba63f7edb055"}
{"index": {"_index":"lolz","_id":"3804768"}}
	{"id":3804768,"type":"sell","buyer":"hatke","seller":"ydaiznfts","symbol":"LOLZ","quantity":"4.00312075","price":"0.05002000","timestamp":1656520713,"volume":"0.20023610","buyTxId":"a80866a8eae7b1439c3a47ab2a3c299cc825f056","sellTxId":"7423d1e2b8a2c36a1da91ed1df01b939ef941c0c"}
{"index": {"_index":"lolz","_id":"3805407"}}
	{"id":3805407,"type":"sell","buyer":"hatke","seller":"rs405","symbol":"LOLZ","quantity":"2.00276040","price":"0.05002000","timestamp":1656527319,"volume":"0.10017808","buyTxId":"a80866a8eae7b1439c3a47ab2a3c299cc825f056","sellTxId":"9e58a9e7763b81ee38a02c844f1c8c40b3b6d43b"}
{"index": {"_index":"lolz","_id":"3805445"}}
	{"id":3805445,"type":"sell","buyer":"hatke","seller":"dswap","symbol":"LOLZ","quantity":"3.07098994","price":"0.05002000","timestamp":1656527901,"volume":"0.15361092","buyTxId":"a80866a8eae7b1439c3a47ab2a3c299cc825f056","sellTxId":"68b18efbda94d57e486cac4d40c4b9c784b24458"}
{"index": {"_index":"lolz","_id":"3805580"}}
	{"id":3805580,"type":"sell","buyer":"hatke","seller":"quinnertronics","symbol":"LOLZ","quantity":"1.30000000","price":"0.05002000","timestamp":1656529686,"volume":"0.06502600","buyTxId":"a80866a8eae7b1439c3a47ab2a3c299cc825f056","sellTxId":"d4ae411b0151c85f79290e2094b2f0d9dd1e205a"}
{"index": {"_index":"lolz","_id":"3805588"}}
	{"id":3805588,"type":"sell","buyer":"hatke","seller":"discohedge","symbol":"LOLZ","quantity":"2","price":"0.05002000","timestamp":1656529785,"volume":"0.10004000","buyTxId":"a80866a8eae7b1439c3a47ab2a3c299cc825f056","sellTxId":"031788322313e9dbad2a3c859d20030760bc91d8"}
{"index": {"_index":"lolz","_id":"3805734"}}
	{"id":3805734,"type":"sell","buyer":"hatke","seller":"captainquack22","symbol":"LOLZ","quantity":"20","price":"0.05002000","timestamp":1656531726,"volume":"1.00040000","buyTxId":"a80866a8eae7b1439c3a47ab2a3c299cc825f056","sellTxId":"6e492094a736f8185869e4985f3b62955d13783e"}
{"index": {"_index":"lolz","_id":"3805737"}}
	{"id":3805737,"type":"sell","buyer":"hatke","seller":"captainquack22","symbol":"LOLZ","quantity":"20","price":"0.05002000","timestamp":1656531738,"volume":"1.00040000","buyTxId":"a80866a8eae7b1439c3a47ab2a3c299cc825f056","sellTxId":"0d40661a94d7af796e4a3f2e410ac4ac972d723a"}
{"index": {"_index":"lolz","_id":"3805989"}}
	{"id":3805989,"type":"sell","buyer":"hatke","seller":"enforcer48","symbol":"LOLZ","quantity":"6.00000000","price":"0.05002000","timestamp":1656535515,"volume":"0.30012000","buyTxId":"a80866a8eae7b1439c3a47ab2a3c299cc825f056","sellTxId":"63ccd24d19aa64e637111c9b331652013c8e10ce"}
{"index": {"_index":"lolz","_id":"3806078"}}
	{"id":3806078,"type":"sell","buyer":"hatke","seller":"cibersk8","symbol":"LOLZ","quantity":"1.00000000","price":"0.05002000","timestamp":1656536850,"volume":"0.05002000","buyTxId":"a80866a8eae7b1439c3a47ab2a3c299cc825f056","sellTxId":"3a4ba67cacf4e43b1b4a8c524e42eacc13a489ec"}
{"index": {"_index":"lolz","_id":"3806351"}}
	{"id":3806351,"type":"buy","buyer":"aliveprojects","seller":"kolbjorn","symbol":"LOLZ","quantity":"2.68998388","price":"0.07000000","timestamp":1656540831,"volume":"0.18829887","buyTxId":"5e402ed68ee8064642b915c42e6bbea4f1405724","sellTxId":"911af6e092ef39d330cc43c3d85f645f5a9e5c4c"}
{"index": {"_index":"lolz","_id":"3806352"}}
	{"id":3806352,"type":"buy","buyer":"aliveprojects","seller":"onlydoge","symbol":"LOLZ","quantity":"7.58568661","price":"0.08489000","timestamp":1656540831,"volume":"0.64394894","buyTxId":"5e402ed68ee8064642b915c42e6bbea4f1405724","sellTxId":"fc38c60f9f69278e9ff9da1e09ca58f2e2e0c1af"}
{"index": {"_index":"lolz","_id":"3806353"}}
	{"id":3806353,"type":"buy","buyer":"aliveprojects","seller":"hiroshige","symbol":"LOLZ","quantity":"4.87340659","price":"0.08490000","timestamp":1656540831,"volume":"0.41375222","buyTxId":"5e402ed68ee8064642b915c42e6bbea4f1405724","sellTxId":"c33da4628d92079d0614b3333e178f8d30ffa9a5"}
{"index": {"_index":"lolz","_id":"3806614"}}
	{"id":3806614,"type":"sell","buyer":"hatke","seller":"forexbrokr","symbol":"LOLZ","quantity":"1.00000000","price":"0.05002000","timestamp":1656543204,"volume":"0.05002000","buyTxId":"a80866a8eae7b1439c3a47ab2a3c299cc825f056","sellTxId":"477220dc936f0f165b6f8e834173c8da586f86cf"}
{"index": {"_index":"lolz","_id":"3807189"}}
	{"id":3807189,"type":"sell","buyer":"onlydoge","seller":"he-went-rogue","symbol":"LOLZ","quantity":"1","price":"0.05003000","timestamp":1656548904,"volume":"0.05003000","buyTxId":"12542d1c10933a6fac90f10c28c99c250e25f1f0","sellTxId":"9f0ca0156927bd69dcdf99988f04e5db07b1b87f"}
{"index": {"_index":"lolz","_id":"3807378"}}
	{"id":3807378,"type":"sell","buyer":"onlydoge","seller":"gabrielrr17","symbol":"LOLZ","quantity":"2.00000000","price":"0.05003000","timestamp":1656549444,"volume":"0.10006000","buyTxId":"12542d1c10933a6fac90f10c28c99c250e25f1f0","sellTxId":"83cdde664d8c38faddc26b316a1d8f7fa770325a"}
{"index": {"_index":"lolz","_id":"3807502"}}
	{"id":3807502,"type":"sell","buyer":"onlydoge","seller":"dswap","symbol":"LOLZ","quantity":"1","price":"0.05003000","timestamp":1656550728,"volume":"0.05003000","buyTxId":"12542d1c10933a6fac90f10c28c99c250e25f1f0","sellTxId":"9eab27cbc90b6c723c34a2020a86a79d85cd0a88"}
{"index": {"_index":"lolz","_id":"3807675"}}
	{"id":3807675,"type":"sell","buyer":"onlydoge","seller":"princekham","symbol":"LOLZ","quantity":"20.00000000","price":"0.05003000","timestamp":1656553659,"volume":"1.00060000","buyTxId":"12542d1c10933a6fac90f10c28c99c250e25f1f0","sellTxId":"10e38100ee054fdc57e3ada27b782b68d7d44bc8"}
{"index": {"_index":"lolz","_id":"3807867"}}
	{"id":3807867,"type":"sell","buyer":"onlydoge","seller":"thelogicaldude","symbol":"LOLZ","quantity":"25.53810015","price":"0.05003000","timestamp":1656556344,"volume":"1.27767115","buyTxId":"12542d1c10933a6fac90f10c28c99c250e25f1f0","sellTxId":"ffac97eb6d127fcbe999fdcd80b4ce02a6d17e36"}
