{"index": {"_index":"luv","_id":"3130052"}}
	{"id":3130052,"type":"buy","buyer":"dswap","seller":"stayoutoftherz","symbol":"LUV","quantity":"0.45000000","price":"0.02000000","timestamp":1649126565,"volume":"0.00900000","buyTxId":"0bb5efe1f64bb92b1d8e19e28d0f1af25ed9d5e7","sellTxId":"f948cc8a8ab3babf59dd3a5eef6c4b76278221b1"}
{"index": {"_index":"luv","_id":"3130192"}}
	{"id":3130192,"type":"sell","buyer":"donigarten","seller":"laritheghost","symbol":"LUV","quantity":"1.26629200","price":"0.01510000","timestamp":1649127729,"volume":"0.01912101","buyTxId":"f98c9dc735ea9a55a4834022f347b1c19bb8c054","sellTxId":"8b1a5d3c1f2bd839bf27dde71821fc95e7f31ee7"}
{"index": {"_index":"luv","_id":"3130493"}}
	{"id":3130493,"type":"sell","buyer":"donigarten","seller":"steemstreems","symbol":"LUV","quantity":"0.02039606","price":"0.01510000","timestamp":1649131767,"volume":"0.00030798","buyTxId":"f98c9dc735ea9a55a4834022f347b1c19bb8c054","sellTxId":"8d7883a4306c4982a46403d73865939615668e87"}
{"index": {"_index":"luv","_id":"3130495"}}
	{"id":3130495,"type":"buy","buyer":"dswap","seller":"stayoutoftherz","symbol":"LUV","quantity":"0.06403850","price":"0.02000000","timestamp":1649131770,"volume":"0.00128077","buyTxId":"98d971201bc303662ac647d66858d6ec378e292a","sellTxId":"f948cc8a8ab3babf59dd3a5eef6c4b76278221b1"}
{"index": {"_index":"luv","_id":"3130500"}}
	{"id":3130500,"type":"buy","buyer":"dswap","seller":"stayoutoftherz","symbol":"LUV","quantity":"0.44613050","price":"0.02000000","timestamp":1649131824,"volume":"0.00892261","buyTxId":"8a21b769c6ed940da97f38f39c602909684f88aa","sellTxId":"f948cc8a8ab3babf59dd3a5eef6c4b76278221b1"}
{"index": {"_index":"luv","_id":"3130543"}}
	{"id":3130543,"type":"buy","buyer":"dswap","seller":"stayoutoftherz","symbol":"LUV","quantity":"0.56250000","price":"0.02000000","timestamp":1649131992,"volume":"0.01125000","buyTxId":"01e98d410d98e472353c0ef9cd0b54df9b5eb84c","sellTxId":"f948cc8a8ab3babf59dd3a5eef6c4b76278221b1"}
{"index": {"_index":"luv","_id":"3131458"}}
	{"id":3131458,"type":"sell","buyer":"donigarten","seller":"cynano","symbol":"LUV","quantity":"2.00000000","price":"0.01510000","timestamp":1649146314,"volume":"0.03020000","buyTxId":"f98c9dc735ea9a55a4834022f347b1c19bb8c054","sellTxId":"9f94e038c88a1fc0234dca76e836f10b93eb7d9e"}
{"index": {"_index":"luv","_id":"3132058"}}
	{"id":3132058,"type":"buy","buyer":"roger.remix","seller":"stayoutoftherz","symbol":"LUV","quantity":"4.47733100","price":"0.02000000","timestamp":1649154615,"volume":"0.08954662","buyTxId":"be52064786ac6deb78b2a1a7353a6e20c0247d86","sellTxId":"f948cc8a8ab3babf59dd3a5eef6c4b76278221b1"}
{"index": {"_index":"luv","_id":"3132191"}}
	{"id":3132191,"type":"sell","buyer":"donigarten","seller":"chesatochi","symbol":"LUV","quantity":"1.00000000","price":"0.01510000","timestamp":1649156616,"volume":"0.01510000","buyTxId":"f98c9dc735ea9a55a4834022f347b1c19bb8c054","sellTxId":"16fe9df0c3aa1b18f1f938d90d2ef2e57a0d6bcc"}
{"index": {"_index":"luv","_id":"3132571"}}
	{"id":3132571,"type":"sell","buyer":"donigarten","seller":"phortun","symbol":"LUV","quantity":"1.00000000","price":"0.01510000","timestamp":1649161293,"volume":"0.01510000","buyTxId":"f98c9dc735ea9a55a4834022f347b1c19bb8c054","sellTxId":"b1ea73eddd7d6e93f1641d41c94d277a92f1615a"}
{"index": {"_index":"luv","_id":"3132969"}}
	{"id":3132969,"type":"sell","buyer":"donigarten","seller":"deltasteem","symbol":"LUV","quantity":"0.77113037","price":"0.01510000","timestamp":1649165715,"volume":"0.01164407","buyTxId":"f98c9dc735ea9a55a4834022f347b1c19bb8c054","sellTxId":"0fa5b10ce4f72d277fbfcfbc3ddb2c08fbdfbaf0"}
{"index": {"_index":"luv","_id":"3132994"}}
	{"id":3132994,"type":"sell","buyer":"roger.remix","seller":"dkid14","symbol":"LUV","quantity":"43.00000000","price":"0.01460001","timestamp":1649165952,"volume":"0.62780043","buyTxId":"9a7d006f519179a7f23a564dfabac3d0d0925f95","sellTxId":"5d7af5a6901ef6600617984b56892ca0c43342b4"}
{"index": {"_index":"luv","_id":"3133838"}}
	{"id":3133838,"type":"sell","buyer":"johnripper","seller":"thebigsweed","symbol":"LUV","quantity":"9.00000000","price":"0.01460002","timestamp":1649176299,"volume":"0.13140018","buyTxId":"fcc2e7727126dd07b0bdbb663dc782b4b2eb92f1","sellTxId":"6c1d59859b857b000f8f7ccf36a710c7118b1d6c"}
{"index": {"_index":"luv","_id":"3133853"}}
	{"id":3133853,"type":"sell","buyer":"roger.remix","seller":"themarkymark","symbol":"LUV","quantity":"1.00200039","price":"0.01460001","timestamp":1649176500,"volume":"0.01462922","buyTxId":"9a7d006f519179a7f23a564dfabac3d0d0925f95","sellTxId":"2d3e897ed7e72a8caa4eef40b66d2314665d5a3c"}
{"index": {"_index":"luv","_id":"3133902"}}
	{"id":3133902,"type":"buy","buyer":"johnripper","seller":"thebigsweed","symbol":"LUV","quantity":"10.00000000","price":"0.01460002","timestamp":1649176965,"volume":"0.14600020","buyTxId":"e351f46cef42cf3a686b4722ddd2d907b2ca129b","sellTxId":"6c1d59859b857b000f8f7ccf36a710c7118b1d6c"}
{"index": {"_index":"luv","_id":"3134581"}}
	{"id":3134581,"type":"buy","buyer":"zonadigital21","seller":"thebigsweed","symbol":"LUV","quantity":"1.00000000","price":"0.01460002","timestamp":1649184285,"volume":"0.01460002","buyTxId":"a4312ee0dae9a73619d7809b610291c3fb8566f3","sellTxId":"6c1d59859b857b000f8f7ccf36a710c7118b1d6c"}
{"index": {"_index":"luv","_id":"3134974"}}
	{"id":3134974,"type":"sell","buyer":"roger.remix","seller":"silvertop","symbol":"LUV","quantity":"8.00000000","price":"0.01460001","timestamp":1649187228,"volume":"0.11680008","buyTxId":"9a7d006f519179a7f23a564dfabac3d0d0925f95","sellTxId":"dda934409fa92873d7bfae2564c4447b9259d3a0"}
{"index": {"_index":"luv","_id":"3135244"}}
	{"id":3135244,"type":"sell","buyer":"roger.remix","seller":"gadrian","symbol":"LUV","quantity":"4.00000000","price":"0.01460001","timestamp":1649190141,"volume":"0.05840004","buyTxId":"9a7d006f519179a7f23a564dfabac3d0d0925f95","sellTxId":"bda6b6e5272b11609fb01d4651ecf9c0b1269de9"}
{"index": {"_index":"luv","_id":"3135502"}}
	{"id":3135502,"type":"sell","buyer":"roger.remix","seller":"cursephantom","symbol":"LUV","quantity":"1.00000000","price":"0.01460001","timestamp":1649193246,"volume":"0.01460001","buyTxId":"9a7d006f519179a7f23a564dfabac3d0d0925f95","sellTxId":"99d1b533943a00f6ecf86c58520ba929c6ae311a"}
{"index": {"_index":"luv","_id":"3135696"}}
	{"id":3135696,"type":"sell","buyer":"roger.remix","seller":"unlikelysurvivor","symbol":"LUV","quantity":"0.00873965","price":"0.01460001","timestamp":1649195553,"volume":"0.00012760","buyTxId":"9a7d006f519179a7f23a564dfabac3d0d0925f95","sellTxId":"474292028d5e3e3959bc2187b6e8fd8d19deb697"}
{"index": {"_index":"luv","_id":"3135948"}}
	{"id":3135948,"type":"sell","buyer":"roger.remix","seller":"laritheghost","symbol":"LUV","quantity":"1.22175737","price":"0.01460001","timestamp":1649197692,"volume":"0.01783767","buyTxId":"9a7d006f519179a7f23a564dfabac3d0d0925f95","sellTxId":"391611b585edcb54cbae8ef053ff9a71c08bdb50"}
{"index": {"_index":"luv","_id":"3136361"}}
	{"id":3136361,"type":"sell","buyer":"roger.remix","seller":"imagenius","symbol":"LUV","quantity":"32.94138200","price":"0.01460001","timestamp":1649203458,"volume":"0.48094451","buyTxId":"9a7d006f519179a7f23a564dfabac3d0d0925f95","sellTxId":"09c87ee0a7caa998699bc02fa3bc883acfe33c38"}
{"index": {"_index":"luv","_id":"3136833"}}
	{"id":3136833,"type":"sell","buyer":"kellyrsa","seller":"cine.comps","symbol":"LUV","quantity":"10.00000000","price":"0.01460000","timestamp":1649206851,"volume":"0.14600000","buyTxId":"d9e2e328e42ba8e9b1406fb5353f2f898d98a85e","sellTxId":"9c376e8c94279ff13709e453b52a2852cc7d9cfa"}
{"index": {"_index":"luv","_id":"3137018"}}
	{"id":3137018,"type":"sell","buyer":"kellyrsa","seller":"bearmol","symbol":"LUV","quantity":"1.00000000","price":"0.01460000","timestamp":1649209683,"volume":"0.01460000","buyTxId":"d9e2e328e42ba8e9b1406fb5353f2f898d98a85e","sellTxId":"3111aa27ceca8309243534e4a731d8483f1ad5f1"}
