{"index": {"_index":"luv","_id":"3875273"}}=	{"id":3875273,"type":"sell","buyer":"amaari","seller":"pousinha","symbol":"LUV","quantity":"2","price":"0.00960001","timestamp":1657417377,"volume":"0.01920002","buyTxId":"06594c30eb37acfc366b7a5c0cc3a3f4b6e8a255","sellTxId":"2093f1faabcfbd948b5f74d6329ff028842b4b6a"}
{"index": {"_index":"luv","_id":"3875823"}}=	{"id":3875823,"type":"sell","buyer":"amaari","seller":"bartolomee","symbol":"LUV","quantity":"1","price":"0.00960001","timestamp":1657423761,"volume":"0.00960001","buyTxId":"06594c30eb37acfc366b7a5c0cc3a3f4b6e8a255","sellTxId":"f90feb2edf4f6af8c2f09ab4466fd92ff0568948"}
{"index": {"_index":"luv","_id":"3876781"}}=	{"id":3876781,"type":"sell","buyer":"amaari","seller":"hive-143869","symbol":"LUV","quantity":"1.00000000","price":"0.00960001","timestamp":1657437903,"volume":"0.00960001","buyTxId":"06594c30eb37acfc366b7a5c0cc3a3f4b6e8a255","sellTxId":"dc8e35dac3a2408cdefdd1f7669ddaeedc1ebb8b"}
{"index": {"_index":"luv","_id":"3876999"}}=	{"id":3876999,"type":"sell","buyer":"amaari","seller":"minava.museum","symbol":"LUV","quantity":"1.00000000","price":"0.00960001","timestamp":1657440720,"volume":"0.00960001","buyTxId":"06594c30eb37acfc366b7a5c0cc3a3f4b6e8a255","sellTxId":"6d619bd688e21a1ea0c30a8c7db0848010d2234e"}
{"index": {"_index":"luv","_id":"3877111"}}=	{"id":3877111,"type":"sell","buyer":"amaari","seller":"itharagaian","symbol":"LUV","quantity":"1.00000000","price":"0.00960001","timestamp":1657442223,"volume":"0.00960001","buyTxId":"06594c30eb37acfc366b7a5c0cc3a3f4b6e8a255","sellTxId":"9e7ff410ce82de99a80f274ec4ac877ee8479705"}
{"index": {"_index":"luv","_id":"3877886"}}=	{"id":3877886,"type":"sell","buyer":"amaari","seller":"sayago","symbol":"LUV","quantity":"5.00000000","price":"0.00960001","timestamp":1657453596,"volume":"0.04800005","buyTxId":"06594c30eb37acfc366b7a5c0cc3a3f4b6e8a255","sellTxId":"d75aa71abe82d51397067efad8f91ed2700ea048"}
{"index": {"_index":"luv","_id":"3877915"}}=	{"id":3877915,"type":"sell","buyer":"amaari","seller":"cursephantom","symbol":"LUV","quantity":"1.00000000","price":"0.00960001","timestamp":1657453983,"volume":"0.00960001","buyTxId":"06594c30eb37acfc366b7a5c0cc3a3f4b6e8a255","sellTxId":"d1411f39c702f9cb9f61a7eb5eded7242ff75c4f"}
{"index": {"_index":"luv","_id":"3878244"}}=	{"id":3878244,"type":"sell","buyer":"amaari","seller":"mehmetfix","symbol":"LUV","quantity":"47.98974233","price":"0.00960001","timestamp":1657458159,"volume":"0.46070201","buyTxId":"06594c30eb37acfc366b7a5c0cc3a3f4b6e8a255","sellTxId":"a25833a3f02a06652b8e5425e779cfb08414b318"}
{"index": {"_index":"luv","_id":"3879337"}}=	{"id":3879337,"type":"sell","buyer":"metzli","seller":"lumpiadobo","symbol":"LUV","quantity":"1.00000000","price":"0.00959999","timestamp":1657468314,"volume":"0.00959999","buyTxId":"dcceec9f158dfea09183d1db061d9b89d7d8fde5","sellTxId":"fd48bc4bef3862ed4281959a655abefed1f5cedc"}
{"index": {"_index":"luv","_id":"3881979"}}=	{"id":3881979,"type":"sell","buyer":"amaari","seller":"papacrusher","symbol":"LUV","quantity":"4.00000000","price":"0.01001001","timestamp":1657496544,"volume":"0.04004004","buyTxId":"9224caeee2cc0d9a4a6e60b2a644d34a12a8f980","sellTxId":"a5bd8811ab6930da648d7cbcb9284e23e7891610"}
{"index": {"_index":"luv","_id":"3882136"}}=	{"id":3882136,"type":"sell","buyer":"amaari","seller":"ydaiznfts","symbol":"LUV","quantity":"6.00000000","price":"0.01001001","timestamp":1657498452,"volume":"0.06006006","buyTxId":"9224caeee2cc0d9a4a6e60b2a644d34a12a8f980","sellTxId":"743b8f7eeb72ff809dceb261cd4f0c03d2522312"}
{"index": {"_index":"luv","_id":"3882140"}}=	{"id":3882140,"type":"sell","buyer":"onlydoge","seller":"ydaiznfts","symbol":"LUV","quantity":"2.00000000","price":"0.01001000","timestamp":1657498479,"volume":"0.02002000","buyTxId":"af91ddaa5bbf53fcca86085aada3cec49e2a7202","sellTxId":"df8638983a5936e217ce268c026a8020a8f6f0a7"}
