{"index": {"_index":"luv","_id":"3312166"}}
	{"id":3312166,"type":"sell","buyer":"keimo","seller":"dswap","symbol":"LUV","quantity":"1","price":"0.02400000","timestamp":1651287273,"volume":"0.02400000","buyTxId":"0a72c998820ee6c105aa071d3b75e7da3069f490","sellTxId":"df83e7122da22ed95e740eb82961c6efe790479d"}
{"index": {"_index":"luv","_id":"3312912"}}
	{"id":3312912,"type":"buy","buyer":"edgerik","seller":"dksart","symbol":"LUV","quantity":"3.00000000","price":"0.02745000","timestamp":1651296468,"volume":"0.08235000","buyTxId":"68f297725da1a1d2c2e4a097c64962e93b1d09a7","sellTxId":"b5f87c41fd2ff8558c1b7f03cc8c0c6d70bb3966"}
{"index": {"_index":"luv","_id":"3313237"}}
	{"id":3313237,"type":"sell","buyer":"keimo","seller":"lammbock","symbol":"LUV","quantity":"1.00545515","price":"0.02400000","timestamp":1651301547,"volume":"0.02413092","buyTxId":"0a72c998820ee6c105aa071d3b75e7da3069f490","sellTxId":"d9f587ac7b5b31f4cc248925df2d3220b445d397"}
{"index": {"_index":"luv","_id":"3313244"}}
	{"id":3313244,"type":"sell","buyer":"keimo","seller":"agog","symbol":"LUV","quantity":"2.00000000","price":"0.02400000","timestamp":1651301613,"volume":"0.04800000","buyTxId":"0a72c998820ee6c105aa071d3b75e7da3069f490","sellTxId":"6fd39dbae1a48004f8529b2bed373d5a7f848efc"}
{"index": {"_index":"luv","_id":"3313338"}}
	{"id":3313338,"type":"sell","buyer":"keimo","seller":"xplosive","symbol":"LUV","quantity":"3.00000000","price":"0.02400000","timestamp":1651302681,"volume":"0.07200000","buyTxId":"0a72c998820ee6c105aa071d3b75e7da3069f490","sellTxId":"e18955cd9c26f6373b1ef0d7f5db56db360bd145"}
{"index": {"_index":"luv","_id":"3313640"}}
	{"id":3313640,"type":"sell","buyer":"keimo","seller":"brianhuang","symbol":"LUV","quantity":"2.99454485","price":"0.02400000","timestamp":1651306278,"volume":"0.07186908","buyTxId":"0a72c998820ee6c105aa071d3b75e7da3069f490","sellTxId":"e7e2b6744598a3e4c96a46618a01c861bdfd5b06"}
{"index": {"_index":"luv","_id":"3313647"}}
	{"id":3313647,"type":"sell","buyer":"hiq.magazine","seller":"brianhuang","symbol":"LUV","quantity":"42.46664120","price":"0.02000000","timestamp":1651306305,"volume":"0.84933282","buyTxId":"632ba9ec6807f0fa165c9a5f2d6375c6c4331271","sellTxId":"f0786314fed217ebdffe240f4b5efe9ef25b069c"}
{"index": {"_index":"luv","_id":"3313809"}}
	{"id":3313809,"type":"sell","buyer":"brianhuang","seller":"xplosive","symbol":"LUV","quantity":"2.00000000","price":"0.01501000","timestamp":1651307772,"volume":"0.03002000","buyTxId":"85ab6071a5c11e92908c96cbd1f5ee67d1dfb905","sellTxId":"6e1c7a021fa285eb5d86ce8a6adf5ef2d3dc1dc0"}
{"index": {"_index":"luv","_id":"3314648"}}
	{"id":3314648,"type":"buy","buyer":"pkhwug","seller":"dksart","symbol":"LUV","quantity":"4.00000000","price":"0.02745000","timestamp":1651319757,"volume":"0.10980000","buyTxId":"6beeb936420cca32301863b789fb4c4efcd7068e","sellTxId":"b5f87c41fd2ff8558c1b7f03cc8c0c6d70bb3966"}
{"index": {"_index":"luv","_id":"3314649"}}
	{"id":3314649,"type":"buy","buyer":"pkhwug","seller":"onewolfe","symbol":"LUV","quantity":"1.00000000","price":"0.02748900","timestamp":1651319757,"volume":"0.02748900","buyTxId":"6beeb936420cca32301863b789fb4c4efcd7068e","sellTxId":"dca0a7c842fc1ab758dda8380ae3feec7bb8c0f1"}
{"index": {"_index":"luv","_id":"3314650"}}
	{"id":3314650,"type":"buy","buyer":"pkhwug","seller":"onlydoge","symbol":"LUV","quantity":"5.91633321","price":"0.02749000","timestamp":1651319757,"volume":"0.16264000","buyTxId":"6beeb936420cca32301863b789fb4c4efcd7068e","sellTxId":"699a0e91b2b13bac1afeb7403c2dfcd5ece61fb2"}
{"index": {"_index":"luv","_id":"3314771"}}
	{"id":3314771,"type":"sell","buyer":"brianhuang","seller":"frawdielp2","symbol":"LUV","quantity":"0.00322583","price":"0.01501000","timestamp":1651320708,"volume":"0.00004842","buyTxId":"85ab6071a5c11e92908c96cbd1f5ee67d1dfb905","sellTxId":"642af152be32ad1e2ccbc7684e892395c66836dc"}
{"index": {"_index":"luv","_id":"3316500"}}
	{"id":3316500,"type":"sell","buyer":"brianhuang","seller":"kizunasport","symbol":"LUV","quantity":"1.50000000","price":"0.01501000","timestamp":1651340289,"volume":"0.02251500","buyTxId":"85ab6071a5c11e92908c96cbd1f5ee67d1dfb905","sellTxId":"eb5468d6c9ba211479f80a053b5da06b8631e6ae"}
{"index": {"_index":"luv","_id":"3317388"}}
	{"id":3317388,"type":"buy","buyer":"mizuosemla","seller":"pero82","symbol":"LUV","quantity":"2.00000000","price":"0.02000000","timestamp":1651348218,"volume":"0.04000000","buyTxId":"489c94e310a62479184dd6a346636575762334ae","sellTxId":"38714d7377399266f0fbbadee79c7a00e1331ebb"}
{"index": {"_index":"luv","_id":"3317389"}}
	{"id":3317389,"type":"buy","buyer":"mizuosemla","seller":"onlydoge","symbol":"LUV","quantity":"35.04928806","price":"0.02739000","timestamp":1651348218,"volume":"0.96000000","buyTxId":"489c94e310a62479184dd6a346636575762334ae","sellTxId":"0020e6e65cd0254f233bdece71daf9b86c50f57d"}
{"index": {"_index":"luv","_id":"3317635"}}
	{"id":3317635,"type":"sell","buyer":"brianhuang","seller":"flaxz","symbol":"LUV","quantity":"5","price":"0.01501000","timestamp":1651351137,"volume":"0.07505000","buyTxId":"85ab6071a5c11e92908c96cbd1f5ee67d1dfb905","sellTxId":"3d329942596e518b5b196c94dc9ac89d75f202ed"}
{"index": {"_index":"luv","_id":"3317776"}}
	{"id":3317776,"type":"sell","buyer":"brianhuang","seller":"robibasa","symbol":"LUV","quantity":"1.00000052","price":"0.01501000","timestamp":1651353402,"volume":"0.01501001","buyTxId":"85ab6071a5c11e92908c96cbd1f5ee67d1dfb905","sellTxId":"a01182320620c85097e39d45966a2ba48ae74247"}
{"index": {"_index":"luv","_id":"3319226"}}
	{"id":3319226,"type":"sell","buyer":"brianhuang","seller":"dswap","symbol":"LUV","quantity":"7","price":"0.01501000","timestamp":1651368165,"volume":"0.10507000","buyTxId":"85ab6071a5c11e92908c96cbd1f5ee67d1dfb905","sellTxId":"f2282ed774d01722b397a1ed91408aa66dd7f23b"}
