{"index": {"_index":"luv","_id":"4127473"}}
	{"id":4127473,"type":"sell","buyer":"solips","seller":"forexbrokr","symbol":"LUV","quantity":"5.00000000","price":"0.00555200","timestamp":1660441596,"volume":"0.02776000","buyTxId":"ad1f2d82e6dcb1970cb6a69799f99f749df208e9","sellTxId":"8017c7fe5a079e2a234a580967eecd3e8ce8fc1f"}
{"index": {"_index":"luv","_id":"4127692"}}
	{"id":4127692,"type":"sell","buyer":"solips","seller":"uglykillerpigz","symbol":"LUV","quantity":"1","price":"0.00555200","timestamp":1660445580,"volume":"0.00555200","buyTxId":"ad1f2d82e6dcb1970cb6a69799f99f749df208e9","sellTxId":"cb1b7a91d587d4fc01c69c19a6d5548699f01fbd"}
{"index": {"_index":"luv","_id":"4128535"}}
	{"id":4128535,"type":"sell","buyer":"solips","seller":"barski","symbol":"LUV","quantity":"1.00000000","price":"0.00555200","timestamp":1660461009,"volume":"0.00555200","buyTxId":"ad1f2d82e6dcb1970cb6a69799f99f749df208e9","sellTxId":"1d443b4b74a7d424c6d7661a0d50599c628ede6e"}
{"index": {"_index":"luv","_id":"4128974"}}
	{"id":4128974,"type":"sell","buyer":"solips","seller":"lightcaptured","symbol":"LUV","quantity":"6.00000339","price":"0.00555200","timestamp":1660466382,"volume":"0.03331202","buyTxId":"ad1f2d82e6dcb1970cb6a69799f99f749df208e9","sellTxId":"ebe6635e2f95cad44622d16712ea630e464dd267"}
{"index": {"_index":"luv","_id":"4131052"}}
	{"id":4131052,"type":"sell","buyer":"solips","seller":"ahmetay","symbol":"LUV","quantity":"1.00000000","price":"0.00555200","timestamp":1660492131,"volume":"0.00555200","buyTxId":"ad1f2d82e6dcb1970cb6a69799f99f749df208e9","sellTxId":"45100064cc8a9576ee8192cbc78b7a0d916b4a0d"}
{"index": {"_index":"luv","_id":"4131136"}}
	{"id":4131136,"type":"sell","buyer":"solips","seller":"eforucom","symbol":"LUV","quantity":"1.00000328","price":"0.00555200","timestamp":1660493511,"volume":"0.00555202","buyTxId":"ad1f2d82e6dcb1970cb6a69799f99f749df208e9","sellTxId":"8144f94cb65c0201e174c84ec73ce25ed52d5441"}
{"index": {"_index":"luv","_id":"4131390"}}
	{"id":4131390,"type":"sell","buyer":"solips","seller":"nebulusx","symbol":"LUV","quantity":"0.00000102","price":"0.00555200","timestamp":1660496766,"volume":"0.00000001","buyTxId":"ad1f2d82e6dcb1970cb6a69799f99f749df208e9","sellTxId":"2ac298bd51823f35c3e261100b716d67e180eef4"}
{"index": {"_index":"luv","_id":"4131462"}}
	{"id":4131462,"type":"sell","buyer":"solips","seller":"ydaiznfts","symbol":"LUV","quantity":"1.56894403","price":"0.00555200","timestamp":1660497969,"volume":"0.00871077","buyTxId":"ad1f2d82e6dcb1970cb6a69799f99f749df208e9","sellTxId":"5089a82ef2ee009366c1d092da3da8d0b408b3fa"}
{"index": {"_index":"luv","_id":"4131463"}}
	{"id":4131463,"type":"sell","buyer":"bilpcoinbpc","seller":"ydaiznfts","symbol":"LUV","quantity":"5.43105597","price":"0.00555200","timestamp":1660497969,"volume":"0.03015322","buyTxId":"00ac6ef6ceca0c20304cd17712509d08c615fb2a","sellTxId":"5089a82ef2ee009366c1d092da3da8d0b408b3fa"}
{"index": {"_index":"luv","_id":"4131531"}}
	{"id":4131531,"type":"sell","buyer":"bilpcoinbpc","seller":"elgringoviejo","symbol":"LUV","quantity":"10","price":"0.00555200","timestamp":1660499301,"volume":"0.05552000","buyTxId":"00ac6ef6ceca0c20304cd17712509d08c615fb2a","sellTxId":"942e8c99d50f964162f60b0e38d0a2af7745fd09"}
{"index": {"_index":"luv","_id":"4132560"}}
	{"id":4132560,"type":"sell","buyer":"bilpcoinbpc","seller":"adrian1968","symbol":"LUV","quantity":"1.00000000","price":"0.00555200","timestamp":1660511715,"volume":"0.00555200","buyTxId":"00ac6ef6ceca0c20304cd17712509d08c615fb2a","sellTxId":"bec83e97aaccbedbc80659025c9ab41cf2f3af22"}
{"index": {"_index":"luv","_id":"4132645"}}
	{"id":4132645,"type":"sell","buyer":"bilpcoinbpc","seller":"pousinha","symbol":"LUV","quantity":"2","price":"0.00555200","timestamp":1660513272,"volume":"0.01110400","buyTxId":"00ac6ef6ceca0c20304cd17712509d08c615fb2a","sellTxId":"9e16c775aced6282ca2659d66e1312d2c1f40921"}
{"index": {"_index":"luv","_id":"4133567"}}
	{"id":4133567,"type":"sell","buyer":"bilpcoinbpc","seller":"steem82868","symbol":"LUV","quantity":"5.00001488","price":"0.00555200","timestamp":1660523466,"volume":"0.02776008","buyTxId":"00ac6ef6ceca0c20304cd17712509d08c615fb2a","sellTxId":"94532c31fb44d2178323ab4eeba4a3f5551c5c66"}
