{"index": {"_index":"luv","_id":"4061067"}}
	{"id":4061067,"type":"sell","buyer":"mineopoly","seller":"pousinha","symbol":"LUV","quantity":"6","price":"0.00560000","timestamp":1659550329,"volume":"0.03360000","buyTxId":"5ee610469a8172fc648a8ec3dd8769d57530781c","sellTxId":"5564aa1a25f9651104b2382cf4ccbc6d9b0374ef"}
{"index": {"_index":"luv","_id":"4061736"}}
	{"id":4061736,"type":"sell","buyer":"mineopoly","seller":"mehmetfix","symbol":"LUV","quantity":"90.00000000","price":"0.00560000","timestamp":1659557943,"volume":"0.50400000","buyTxId":"5ee610469a8172fc648a8ec3dd8769d57530781c","sellTxId":"a6da8154e1149f80ba456e6b4ce8af4a7a69746e"}
{"index": {"_index":"luv","_id":"4061799"}}
	{"id":4061799,"type":"sell","buyer":"mineopoly","seller":"journeylife","symbol":"LUV","quantity":"1.00000000","price":"0.00560000","timestamp":1659558678,"volume":"0.00560000","buyTxId":"5ee610469a8172fc648a8ec3dd8769d57530781c","sellTxId":"bdc8eaea282daaa450b5388493b06245b1361b68"}
{"index": {"_index":"luv","_id":"4061837"}}
	{"id":4061837,"type":"sell","buyer":"mineopoly","seller":"mehmetfix","symbol":"LUV","quantity":"10.00000000","price":"0.00560000","timestamp":1659559086,"volume":"0.05600000","buyTxId":"5ee610469a8172fc648a8ec3dd8769d57530781c","sellTxId":"480ea432292732e02010b6ac088de96ca00d383a"}
{"index": {"_index":"luv","_id":"4061920"}}
	{"id":4061920,"type":"sell","buyer":"mineopoly","seller":"ydaiznfts","symbol":"LUV","quantity":"14.00000000","price":"0.00560000","timestamp":1659560004,"volume":"0.07840000","buyTxId":"5ee610469a8172fc648a8ec3dd8769d57530781c","sellTxId":"fdce59fda4f5fc17e0fa22d663418a099c138fc4"}
{"index": {"_index":"luv","_id":"4063143"}}
	{"id":4063143,"type":"sell","buyer":"mineopoly","seller":"operahoser","symbol":"LUV","quantity":"1.00000000","price":"0.00560000","timestamp":1659574518,"volume":"0.00560000","buyTxId":"5ee610469a8172fc648a8ec3dd8769d57530781c","sellTxId":"84a603c5c7c4937686b151617d87a819b4872820"}
{"index": {"_index":"luv","_id":"4063545"}}
	{"id":4063545,"type":"buy","buyer":"dswap","seller":"curator50","symbol":"LUV","quantity":"1.00000000","price":"0.00899999","timestamp":1659580674,"volume":"0.00899999","buyTxId":"5d469fac4a538a5bb4d0de12684871995156110b","sellTxId":"3cc96a668c1981523ce8841be7f4e89b051101cc"}
{"index": {"_index":"luv","_id":"4063546"}}
	{"id":4063546,"type":"buy","buyer":"dswap","seller":"zirochka","symbol":"LUV","quantity":"2.70417052","price":"0.00959999","timestamp":1659580674,"volume":"0.02596001","buyTxId":"5d469fac4a538a5bb4d0de12684871995156110b","sellTxId":"a090dfc0d9bc9202ecb14c905506676ae8a350ab"}
{"index": {"_index":"luv","_id":"4064110"}}
	{"id":4064110,"type":"sell","buyer":"mineopoly","seller":"xplosive","symbol":"LUV","quantity":"1.00000000","price":"0.00560000","timestamp":1659588168,"volume":"0.00560000","buyTxId":"5ee610469a8172fc648a8ec3dd8769d57530781c","sellTxId":"43a987741753a7ed74a38b19ad5b07a4360cd686"}
{"index": {"_index":"luv","_id":"4064711"}}
	{"id":4064711,"type":"sell","buyer":"mineopoly","seller":"itharagaian","symbol":"LUV","quantity":"5.00000000","price":"0.00560000","timestamp":1659599817,"volume":"0.02800000","buyTxId":"5ee610469a8172fc648a8ec3dd8769d57530781c","sellTxId":"13fdbb56fdda77fbec47979ed55486866867320f"}
{"index": {"_index":"luv","_id":"4065119"}}
	{"id":4065119,"type":"sell","buyer":"mineopoly","seller":"cursephantom","symbol":"LUV","quantity":"2.00000000","price":"0.00560000","timestamp":1659606363,"volume":"0.01120000","buyTxId":"5ee610469a8172fc648a8ec3dd8769d57530781c","sellTxId":"f89a7d0ba2300ff4c881b6bfa6d6a9dfb362b109"}
{"index": {"_index":"luv","_id":"4065150"}}
	{"id":4065150,"type":"sell","buyer":"mineopoly","seller":"anomalix","symbol":"LUV","quantity":"0.00002598","price":"0.00560000","timestamp":1659606780,"volume":"0.00000015","buyTxId":"5ee610469a8172fc648a8ec3dd8769d57530781c","sellTxId":"02137e65fe64837346db3c5fdf2cdac6bd5be99f"}
{"index": {"_index":"luv","_id":"4066577"}}
	{"id":4066577,"type":"sell","buyer":"mineopoly","seller":"dswap","symbol":"LUV","quantity":"1.00000049","price":"0.00560000","timestamp":1659625644,"volume":"0.00560000","buyTxId":"5ee610469a8172fc648a8ec3dd8769d57530781c","sellTxId":"e127f7bcc119f12f1c78791c8fdf5a44205c0245"}
{"index": {"_index":"luv","_id":"4067358"}}
	{"id":4067358,"type":"sell","buyer":"mineopoly","seller":"ugochill","symbol":"LUV","quantity":"1.00000000","price":"0.00560000","timestamp":1659634098,"volume":"0.00560000","buyTxId":"5ee610469a8172fc648a8ec3dd8769d57530781c","sellTxId":"513038e698617a6aabb82a3d9b9af22cf20f5489"}
