{"index": {"_index":"luv","_id":"3761736"}}
	{"id":3761736,"type":"sell","buyer":"metzli","seller":"quotidien","symbol":"LUV","quantity":"1.00000000","price":"0.01665100","timestamp":1656057555,"volume":"0.01665100","buyTxId":"d58d7742b9ac840f3aa51402b464b4b4152e64fd","sellTxId":"b11c38fb862bf1583dadbdbdb90b2a7a560959bc"}
{"index": {"_index":"luv","_id":"3761737"}}
	{"id":3761737,"type":"sell","buyer":"dubble","seller":"quotidien","symbol":"LUV","quantity":"2.00000000","price":"0.01665000","timestamp":1656057555,"volume":"0.03330000","buyTxId":"1c3445a6aa846f44c52b600175fa5449d46f712d","sellTxId":"b11c38fb862bf1583dadbdbdb90b2a7a560959bc"}
{"index": {"_index":"luv","_id":"3761821"}}
	{"id":3761821,"type":"sell","buyer":"dubble","seller":"pele23","symbol":"LUV","quantity":"1.00000000","price":"0.01665000","timestamp":1656058782,"volume":"0.01665000","buyTxId":"1c3445a6aa846f44c52b600175fa5449d46f712d","sellTxId":"0c66d05652ff550cc57660de6c1f5f27053777e6"}
{"index": {"_index":"luv","_id":"3762125"}}
	{"id":3762125,"type":"sell","buyer":"dubble","seller":"gestion.alive","symbol":"LUV","quantity":"4.00000000","price":"0.01665000","timestamp":1656062202,"volume":"0.06660000","buyTxId":"1c3445a6aa846f44c52b600175fa5449d46f712d","sellTxId":"44b25fde82060eb1552c1e9d1b9f53bcf1cd5bb2"}
{"index": {"_index":"luv","_id":"3762179"}}
	{"id":3762179,"type":"buy","buyer":"hafiz34","seller":"onlydoge","symbol":"LUV","quantity":"20.00000000","price":"0.02467000","timestamp":1656063762,"volume":"0.49340000","buyTxId":"7a8f289908c517c68fcf37c297c81d4d921b42f0","sellTxId":"3a1b9e2a922e80acda55fdd4ed7f0bd621d726a5"}
{"index": {"_index":"luv","_id":"3762456"}}
	{"id":3762456,"type":"sell","buyer":"dubble","seller":"femcy-willcy","symbol":"LUV","quantity":"30.00000000","price":"0.01665000","timestamp":1656066780,"volume":"0.49950000","buyTxId":"1c3445a6aa846f44c52b600175fa5449d46f712d","sellTxId":"a58f5083d3dd67ae37176bc752be05a50042201e"}
{"index": {"_index":"luv","_id":"3762967"}}
	{"id":3762967,"type":"buy","buyer":"samsmith1971","seller":"onlydoge","symbol":"LUV","quantity":"40.00000000","price":"0.02467000","timestamp":1656073617,"volume":"0.98680000","buyTxId":"fec517111d73a28b2708f9acaa11d5396a9ae019","sellTxId":"3a1b9e2a922e80acda55fdd4ed7f0bd621d726a5"}
{"index": {"_index":"luv","_id":"3763255"}}
	{"id":3763255,"type":"sell","buyer":"benbow2017","seller":"mushanov","symbol":"LUV","quantity":"100.00000000","price":"0.01700000","timestamp":1656076962,"volume":"1.70000000","buyTxId":"a6dbb04bc2e1ab4fedd0896e109388a321619738","sellTxId":"2d5fe0382c26b860c933f460f48c698db02974d1"}
{"index": {"_index":"luv","_id":"3763256"}}
	{"id":3763256,"type":"sell","buyer":"benbow2017","seller":"mushanov","symbol":"LUV","quantity":"100.00000000","price":"0.01700000","timestamp":1656076962,"volume":"1.70000000","buyTxId":"05e18d11ea38a8605e5045a27a5e62e6f6f0f074","sellTxId":"2d5fe0382c26b860c933f460f48c698db02974d1"}
{"index": {"_index":"luv","_id":"3763451"}}
	{"id":3763451,"type":"sell","buyer":"dubble","seller":"ydaiznfts","symbol":"LUV","quantity":"5.00000000","price":"0.01665000","timestamp":1656079407,"volume":"0.08325000","buyTxId":"1c3445a6aa846f44c52b600175fa5449d46f712d","sellTxId":"ed8ba72e7f3253482a2eda3150b3b195768c946b"}
{"index": {"_index":"luv","_id":"3763461"}}
	{"id":3763461,"type":"buy","buyer":"benbow2017","seller":"onlydoge","symbol":"LUV","quantity":"100.00000000","price":"0.02467000","timestamp":1656079524,"volume":"2.46700000","buyTxId":"5d5d3344b1d2ab87e5d8e6bc4e14895e62c52708","sellTxId":"3a1b9e2a922e80acda55fdd4ed7f0bd621d726a5"}
{"index": {"_index":"luv","_id":"3763905"}}
	{"id":3763905,"type":"sell","buyer":"benbow2017","seller":"jesustiano","symbol":"LUV","quantity":"2.00000000","price":"0.01700000","timestamp":1656084168,"volume":"0.03400000","buyTxId":"69a0712e143de469f765c8b036ce62880927b49c","sellTxId":"bdea23affb9a98b8190acb5ccc4b3b01397cf81a"}
{"index": {"_index":"luv","_id":"3764279"}}
	{"id":3764279,"type":"buy","buyer":"wesphilbin","seller":"onlydoge","symbol":"LUV","quantity":"25.06953018","price":"0.02467000","timestamp":1656087354,"volume":"0.61846531","buyTxId":"fd4ee6a6e49cc9305b0e5232794d8812cf01ed4c","sellTxId":"3a1b9e2a922e80acda55fdd4ed7f0bd621d726a5"}
{"index": {"_index":"luv","_id":"3764280"}}
	{"id":3764280,"type":"buy","buyer":"wesphilbin","seller":"embunpagi","symbol":"LUV","quantity":"14.00000000","price":"0.02467000","timestamp":1656087354,"volume":"0.34538000","buyTxId":"fd4ee6a6e49cc9305b0e5232794d8812cf01ed4c","sellTxId":"3c324ee4dd6d661443cd53e1a2deeb5f863ad3eb"}
{"index": {"_index":"luv","_id":"3764281"}}
	{"id":3764281,"type":"buy","buyer":"wesphilbin","seller":"gaboamc2393","symbol":"LUV","quantity":"90.69241011","price":"0.02470000","timestamp":1656087354,"volume":"2.24010253","buyTxId":"fd4ee6a6e49cc9305b0e5232794d8812cf01ed4c","sellTxId":"4f906d88defc36a829393dc373cec4b517b8ecf8"}
{"index": {"_index":"luv","_id":"3764282"}}
	{"id":3764282,"type":"buy","buyer":"wesphilbin","seller":"supriya.gupta","symbol":"LUV","quantity":"7.00000000","price":"0.02487000","timestamp":1656087354,"volume":"0.17409000","buyTxId":"fd4ee6a6e49cc9305b0e5232794d8812cf01ed4c","sellTxId":"b807c70ed895dfba6d25ee638d8862beca07e2cf"}
{"index": {"_index":"luv","_id":"3764283"}}
	{"id":3764283,"type":"buy","buyer":"wesphilbin","seller":"c1udadan0x","symbol":"LUV","quantity":"10.00000000","price":"0.02487000","timestamp":1656087354,"volume":"0.24870000","buyTxId":"fd4ee6a6e49cc9305b0e5232794d8812cf01ed4c","sellTxId":"0e0a58cbabb3f6cbde6aa5818fd49ef38fda9d1c"}
{"index": {"_index":"luv","_id":"3764284"}}
	{"id":3764284,"type":"buy","buyer":"wesphilbin","seller":"steem82868","symbol":"LUV","quantity":"1.00000000","price":"0.02490000","timestamp":1656087354,"volume":"0.02490000","buyTxId":"fd4ee6a6e49cc9305b0e5232794d8812cf01ed4c","sellTxId":"5d363ce910e29500cc08e9c8063af4243f08df66"}
{"index": {"_index":"luv","_id":"3764285"}}
	{"id":3764285,"type":"buy","buyer":"wesphilbin","seller":"ianmcg","symbol":"LUV","quantity":"9.63954780","price":"0.02549000","timestamp":1656087354,"volume":"0.24571207","buyTxId":"fd4ee6a6e49cc9305b0e5232794d8812cf01ed4c","sellTxId":"5aa78d6be4e46a3d667fa8e509bb290256a74aec"}
{"index": {"_index":"luv","_id":"3764286"}}
	{"id":3764286,"type":"buy","buyer":"wesphilbin","seller":"dksart","symbol":"LUV","quantity":"3.12790776","price":"0.02580000","timestamp":1656087354,"volume":"0.08070002","buyTxId":"fd4ee6a6e49cc9305b0e5232794d8812cf01ed4c","sellTxId":"7b3f23edea834db9fc41ba74af689032b7f7de90"}
{"index": {"_index":"luv","_id":"3764287"}}
	{"id":3764287,"type":"buy","buyer":"wesphilbin","seller":"damla","symbol":"LUV","quantity":"0.85077790","price":"0.02580000","timestamp":1656087354,"volume":"0.02195007","buyTxId":"fd4ee6a6e49cc9305b0e5232794d8812cf01ed4c","sellTxId":"60101448e199865abf4841bd8cfb9c0d4de2a023"}
{"index": {"_index":"luv","_id":"3764627"}}
	{"id":3764627,"type":"sell","buyer":"onlydoge","seller":"lisamgentile1961","symbol":"LUV","quantity":"2.00000000","price":"0.01751000","timestamp":1656090459,"volume":"0.03502000","buyTxId":"21f31ca2d90c2fb4a532d8fb7bde2102b11ac6fc","sellTxId":"e031f5703799b6bd9ef2d7d9bf90403be4ccf2b0"}
{"index": {"_index":"luv","_id":"3765036"}}
	{"id":3765036,"type":"buy","buyer":"zealous4ever","seller":"damla","symbol":"LUV","quantity":"0.14922222","price":"0.02580000","timestamp":1656094254,"volume":"0.00384993","buyTxId":"686ef20c628cf9995d532355d2ef8db018e70ee8","sellTxId":"60101448e199865abf4841bd8cfb9c0d4de2a023"}
{"index": {"_index":"luv","_id":"3765037"}}
	{"id":3765037,"type":"buy","buyer":"zealous4ever","seller":"urkanon","symbol":"LUV","quantity":"9.00000000","price":"0.02580000","timestamp":1656094254,"volume":"0.23220000","buyTxId":"686ef20c628cf9995d532355d2ef8db018e70ee8","sellTxId":"7073775e55231fcd83b4bd892359c5209b054f85"}
{"index": {"_index":"luv","_id":"3765038"}}
	{"id":3765038,"type":"buy","buyer":"zealous4ever","seller":"xheadhunterz","symbol":"LUV","quantity":"4.99999978","price":"0.02580000","timestamp":1656094254,"volume":"0.12899999","buyTxId":"686ef20c628cf9995d532355d2ef8db018e70ee8","sellTxId":"5876ad2692474f51a9794c9e50187157c20b4eac"}
{"index": {"_index":"luv","_id":"3765041"}}
	{"id":3765041,"type":"buy","buyer":"zealous4ever","seller":"xheadhunterz","symbol":"LUV","quantity":"0.00000022","price":"0.02580000","timestamp":1656094308,"volume":"0.00000001","buyTxId":"3eb71474e549a630498fd4463a1e951cff22e6fd","sellTxId":"5876ad2692474f51a9794c9e50187157c20b4eac"}
{"index": {"_index":"luv","_id":"3765042"}}
	{"id":3765042,"type":"buy","buyer":"zealous4ever","seller":"achimmertens","symbol":"LUV","quantity":"7.00004878","price":"0.02590000","timestamp":1656094308,"volume":"0.18130126","buyTxId":"3eb71474e549a630498fd4463a1e951cff22e6fd","sellTxId":"cd5c30bd819773aa3504999e9416c5037488c85d"}
{"index": {"_index":"luv","_id":"3765052"}}
	{"id":3765052,"type":"buy","buyer":"zealous4ever","seller":"achimmertens","symbol":"LUV","quantity":"23.00000400","price":"0.02590000","timestamp":1656094413,"volume":"0.59570010","buyTxId":"bd26bb8623e8ee7b51ff3f92ccd6c6c2e97bec9e","sellTxId":"cd5c30bd819773aa3504999e9416c5037488c85d"}
{"index": {"_index":"luv","_id":"3765085"}}
	{"id":3765085,"type":"sell","buyer":"benbow2017","seller":"captainquack22","symbol":"LUV","quantity":"15","price":"0.01760000","timestamp":1656094755,"volume":"0.26400000","buyTxId":"c1319a201c5e335ca0c42b0ee450da06e5f48764","sellTxId":"d820da1112974d78551aee8df4efa0c9ff209438"}
{"index": {"_index":"luv","_id":"3765580"}}
	{"id":3765580,"type":"sell","buyer":"benbow2017","seller":"dswap","symbol":"LUV","quantity":"3","price":"0.01765000","timestamp":1656100389,"volume":"0.05295000","buyTxId":"91d5d2e5e3143af91c4e9fe2bdb02b2ac40e1c0b","sellTxId":"6246c433c70812e7edd748e758ba032329d57d6c"}
{"index": {"_index":"luv","_id":"3765911"}}
	{"id":3765911,"type":"sell","buyer":"onlydoge","seller":"wil.metcalfe","symbol":"LUV","quantity":"8.00000000","price":"0.01766000","timestamp":1656106314,"volume":"0.14128000","buyTxId":"0c824af83453f49e86884d92af478efda89c6e85","sellTxId":"123e33d860a9351416daf8cfdafd3c8a2284813b"}
{"index": {"_index":"luv","_id":"3766049"}}
	{"id":3766049,"type":"sell","buyer":"onlydoge","seller":"aliveandthriving","symbol":"LUV","quantity":"2","price":"0.01766000","timestamp":1656108150,"volume":"0.03532000","buyTxId":"0c824af83453f49e86884d92af478efda89c6e85","sellTxId":"475bc22309188e461a606ae7b6748d7bfccd4fdd"}
{"index": {"_index":"luv","_id":"3766752"}}
	{"id":3766752,"type":"sell","buyer":"onlydoge","seller":"pjansen","symbol":"LUV","quantity":"1","price":"0.01766000","timestamp":1656115683,"volume":"0.01766000","buyTxId":"0c824af83453f49e86884d92af478efda89c6e85","sellTxId":"a8d9aa08dd500d0d8cdcc58e0b3c7901b7da801d"}
{"index": {"_index":"luv","_id":"3766981"}}
	{"id":3766981,"type":"sell","buyer":"onlydoge","seller":"osomar357","symbol":"LUV","quantity":"1.00000000","price":"0.01766000","timestamp":1656118617,"volume":"0.01766000","buyTxId":"0c824af83453f49e86884d92af478efda89c6e85","sellTxId":"14df8ba002d1da17dffec27285492c6ff082d110"}
{"index": {"_index":"luv","_id":"3767296"}}
	{"id":3767296,"type":"sell","buyer":"onlydoge","seller":"pousinha","symbol":"LUV","quantity":"2","price":"0.01766000","timestamp":1656123255,"volume":"0.03532000","buyTxId":"0c824af83453f49e86884d92af478efda89c6e85","sellTxId":"e458eba2db9d45b81710d7bb2c2dc4ab787c0de9"}
