{"index": {"_index":"luv","_id":"3815001"}}
	{"id":3815001,"type":"sell","buyer":"droida","seller":"ruralio","symbol":"LUV","quantity":"4.00000000","price":"0.01526811","timestamp":1656636813,"volume":"0.06107244","buyTxId":"0ad0dd311666be22ff016f0dd8568ab5b2b2c5c7","sellTxId":"ed2dabcab52e061257e106f5e6c4aa66bae951e9"}
{"index": {"_index":"luv","_id":"3815791"}}
	{"id":3815791,"type":"sell","buyer":"droida","seller":"ydaiznfts","symbol":"LUV","quantity":"4.00000000","price":"0.01526811","timestamp":1656645468,"volume":"0.06107244","buyTxId":"0ad0dd311666be22ff016f0dd8568ab5b2b2c5c7","sellTxId":"b4bc9c149d9d6d5edc433b7767ae9fd74726eedd"}
{"index": {"_index":"luv","_id":"3816581"}}
	{"id":3816581,"type":"sell","buyer":"droida","seller":"gestion.alive","symbol":"LUV","quantity":"7.00000000","price":"0.01526811","timestamp":1656653082,"volume":"0.10687677","buyTxId":"0ad0dd311666be22ff016f0dd8568ab5b2b2c5c7","sellTxId":"c1325b103927a6e102dd663ba8d038d77b69924c"}
{"index": {"_index":"luv","_id":"3816615"}}
	{"id":3816615,"type":"buy","buyer":"laruche","seller":"steem82868","symbol":"LUV","quantity":"3.00000000","price":"0.02000000","timestamp":1656653637,"volume":"0.06000000","buyTxId":"5930dee238945f0611d6203443d30947c7d6bc62","sellTxId":"8b1c38d0911fb659709b6a51f968ffa97a79529e"}
{"index": {"_index":"luv","_id":"3816616"}}
	{"id":3816616,"type":"buy","buyer":"laruche","seller":"dksart","symbol":"LUV","quantity":"19.00000000","price":"0.02088000","timestamp":1656653637,"volume":"0.39672000","buyTxId":"5930dee238945f0611d6203443d30947c7d6bc62","sellTxId":"ac4c51f662a655a49c337f05ad3c6464e839742b"}
{"index": {"_index":"luv","_id":"3816617"}}
	{"id":3816617,"type":"buy","buyer":"laruche","seller":"brianhuang","symbol":"LUV","quantity":"30.00000000","price":"0.02089990","timestamp":1656653637,"volume":"0.62699700","buyTxId":"5930dee238945f0611d6203443d30947c7d6bc62","sellTxId":"82537d23a5c1aef50bd60bb7832c11ff28fdef9b"}
{"index": {"_index":"luv","_id":"3816618"}}
	{"id":3816618,"type":"buy","buyer":"laruche","seller":"amigareaction","symbol":"LUV","quantity":"1.00000000","price":"0.02089990","timestamp":1656653637,"volume":"0.02089990","buyTxId":"5930dee238945f0611d6203443d30947c7d6bc62","sellTxId":"a57081bf791a35e323058dfd816ce268b1213a23"}
{"index": {"_index":"luv","_id":"3816619"}}
	{"id":3816619,"type":"buy","buyer":"laruche","seller":"bokica80","symbol":"LUV","quantity":"0.39944542","price":"0.02089999","timestamp":1656653637,"volume":"0.00834841","buyTxId":"5930dee238945f0611d6203443d30947c7d6bc62","sellTxId":"5ad60de4705737d89af0b0d4ff4405318e25768d"}
{"index": {"_index":"luv","_id":"3816620"}}
	{"id":3816620,"type":"buy","buyer":"laruche","seller":"fredkese","symbol":"LUV","quantity":"15.00000000","price":"0.02098900","timestamp":1656653637,"volume":"0.31483500","buyTxId":"5930dee238945f0611d6203443d30947c7d6bc62","sellTxId":"fc0322496ea9a33688ab700493422d72381c68ec"}
{"index": {"_index":"luv","_id":"3816621"}}
	{"id":3816621,"type":"buy","buyer":"laruche","seller":"onlydoge","symbol":"LUV","quantity":"52.00031135","price":"0.02099000","timestamp":1656653637,"volume":"1.09148654","buyTxId":"5930dee238945f0611d6203443d30947c7d6bc62","sellTxId":"ef6374ee3839a931a6da7a1e6fbc4963a925dcfa"}
{"index": {"_index":"luv","_id":"3816622"}}
	{"id":3816622,"type":"buy","buyer":"laruche","seller":"umuk","symbol":"LUV","quantity":"100.00000000","price":"0.02100000","timestamp":1656653637,"volume":"2.10000000","buyTxId":"5930dee238945f0611d6203443d30947c7d6bc62","sellTxId":"3a51b773065ec032c4969f5c8a25442fff352edc"}
{"index": {"_index":"luv","_id":"3816623"}}
	{"id":3816623,"type":"buy","buyer":"laruche","seller":"bitandi","symbol":"LUV","quantity":"10.78385412","price":"0.02282900","timestamp":1656653637,"volume":"0.24618461","buyTxId":"5930dee238945f0611d6203443d30947c7d6bc62","sellTxId":"cf243f1ffd39514a3405b617eb79ac7f2a96da60"}
{"index": {"_index":"luv","_id":"3816624"}}
	{"id":3816624,"type":"buy","buyer":"laruche","seller":"gadrian","symbol":"LUV","quantity":"7.00000000","price":"0.02283000","timestamp":1656653637,"volume":"0.15981000","buyTxId":"5930dee238945f0611d6203443d30947c7d6bc62","sellTxId":"2be8f00e15b5a63ca35fbfd71be1ec87c15dc60f"}
{"index": {"_index":"luv","_id":"3816625"}}
	{"id":3816625,"type":"buy","buyer":"laruche","seller":"amigareaction","symbol":"LUV","quantity":"1.00000000","price":"0.02283000","timestamp":1656653637,"volume":"0.02283000","buyTxId":"5930dee238945f0611d6203443d30947c7d6bc62","sellTxId":"8118f2aa3a2bd26413b4c7b595da0b93f090360a"}
{"index": {"_index":"luv","_id":"3816626"}}
	{"id":3816626,"type":"buy","buyer":"laruche","seller":"ganjafarmer","symbol":"LUV","quantity":"23.00000451","price":"0.02283000","timestamp":1656653637,"volume":"0.52509010","buyTxId":"5930dee238945f0611d6203443d30947c7d6bc62","sellTxId":"6e66ecff5d748ffb467119b71a29a0d1ac9caf3f"}
{"index": {"_index":"luv","_id":"3816627"}}
	{"id":3816627,"type":"buy","buyer":"laruche","seller":"achimmertens","symbol":"LUV","quantity":"750.06943783","price":"0.02590000","timestamp":1656653637,"volume":"19.42679844","buyTxId":"5930dee238945f0611d6203443d30947c7d6bc62","sellTxId":"cd5c30bd819773aa3504999e9416c5037488c85d"}
{"index": {"_index":"luv","_id":"3818253"}}
	{"id":3818253,"type":"sell","buyer":"droida","seller":"roger.remix","symbol":"LUV","quantity":"19.38474381","price":"0.01526811","timestamp":1656669540,"volume":"0.29596840","buyTxId":"0ad0dd311666be22ff016f0dd8568ab5b2b2c5c7","sellTxId":"80f4f19f69bae4e647d2eda53af1a9367572c42d"}
{"index": {"_index":"luv","_id":"3819090"}}
	{"id":3819090,"type":"sell","buyer":"onlydoge","seller":"not-here","symbol":"LUV","quantity":"1.00000000","price":"0.00135000","timestamp":1656681825,"volume":"0.00135000","buyTxId":"00770dbb99fe64f312548244b9ebaf60b9d244e8","sellTxId":"92da40835d21e7ae8ef7ee51217536a8f8a361c1"}
{"index": {"_index":"luv","_id":"3820264"}}
	{"id":3820264,"type":"buy","buyer":"hafiz34","seller":"walarhein","symbol":"LUV","quantity":"50.00000000","price":"0.01911000","timestamp":1656692934,"volume":"0.95550000","buyTxId":"b303ffcdfa0f23f42693a1d888a321411935c730","sellTxId":"0c009df2a751127b5ba4d923e5ae6152944ba56d"}
{"index": {"_index":"luv","_id":"3820806"}}
	{"id":3820806,"type":"sell","buyer":"onlydoge","seller":"ydaiznfts","symbol":"LUV","quantity":"4.00000000","price":"0.00135000","timestamp":1656698049,"volume":"0.00540000","buyTxId":"00770dbb99fe64f312548244b9ebaf60b9d244e8","sellTxId":"844afb7a43bdc93ca66d1f09a31e68f698eb40a6"}
{"index": {"_index":"luv","_id":"3821925"}}
	{"id":3821925,"type":"sell","buyer":"amaari","seller":"operahoser","symbol":"LUV","quantity":"1.00000000","price":"0.00135001","timestamp":1656709815,"volume":"0.00135001","buyTxId":"7a9c4da08d79068b3e231ae20970421b93ca7f30","sellTxId":"9dcfb4af15770e94e23b1d073bb6a43162515944"}
{"index": {"_index":"luv","_id":"3822397"}}
	{"id":3822397,"type":"sell","buyer":"amaari","seller":"aliveandthriving","symbol":"LUV","quantity":"3","price":"0.00201001","timestamp":1656715200,"volume":"0.00603003","buyTxId":"d65b18b378a18b71482f381090ac17a59ec5272c","sellTxId":"a90b461b3967c758dd81bbce80649133364774c6"}
{"index": {"_index":"luv","_id":"3822487"}}
	{"id":3822487,"type":"sell","buyer":"amaari","seller":"pjansen","symbol":"LUV","quantity":"1","price":"0.00201001","timestamp":1656716346,"volume":"0.00201001","buyTxId":"d65b18b378a18b71482f381090ac17a59ec5272c","sellTxId":"eff1e2aed311eea72689a565ed2ccc7b66f9b024"}
