{"index": {"_index":"luv","_id":"4135019"}}
	{"id":4135019,"type":"sell","buyer":"bilpcoinbpc","seller":"itharagaian","symbol":"LUV","quantity":"1.00000000","price":"0.00555200","timestamp":1660545672,"volume":"0.00555200","buyTxId":"00ac6ef6ceca0c20304cd17712509d08c615fb2a","sellTxId":"42586fec73c44a71ed46f69ea204e19570a68660"}
{"index": {"_index":"luv","_id":"4135109"}}
	{"id":4135109,"type":"sell","buyer":"bilpcoinbpc","seller":"quotidien","symbol":"LUV","quantity":"5.00000000","price":"0.00555200","timestamp":1660546983,"volume":"0.02776000","buyTxId":"00ac6ef6ceca0c20304cd17712509d08c615fb2a","sellTxId":"0a779e952ababeae913595b1f8baaeeb32a24ca1"}
{"index": {"_index":"luv","_id":"4135181"}}
	{"id":4135181,"type":"sell","buyer":"bilpcoinbpc","seller":"entraide.rewards","symbol":"LUV","quantity":"1.00000000","price":"0.00555200","timestamp":1660547961,"volume":"0.00555200","buyTxId":"00ac6ef6ceca0c20304cd17712509d08c615fb2a","sellTxId":"08ce0485654b3f166a5be91738053b72b6d9bd07"}
{"index": {"_index":"luv","_id":"4135210"}}
	{"id":4135210,"type":"sell","buyer":"bilpcoinbpc","seller":"hive-143869","symbol":"LUV","quantity":"0.13787748","price":"0.00555200","timestamp":1660548312,"volume":"0.00076550","buyTxId":"00ac6ef6ceca0c20304cd17712509d08c615fb2a","sellTxId":"97cc2d742a07928191c78d7791b454b746384c45"}
{"index": {"_index":"luv","_id":"4135560"}}
	{"id":4135560,"type":"sell","buyer":"onlydoge","seller":"shufunk","symbol":"LUV","quantity":"100.00000000","price":"0.00555100","timestamp":1660554378,"volume":"0.55510000","buyTxId":"6c9880f66aee27a2069021ba116ace0d296c4ded","sellTxId":"4e50e1aa3a092f5571dc099c1d59258f3c961531"}
{"index": {"_index":"luv","_id":"4137359"}}
	{"id":4137359,"type":"buy","buyer":"imagenius.dac","seller":"hive-143869","symbol":"LUV","quantity":"0.86212252","price":"0.00555200","timestamp":1660575960,"volume":"0.00478650","buyTxId":"326b55634eaa3676a7621cae4257cb23f6712f09","sellTxId":"97cc2d742a07928191c78d7791b454b746384c45"}
{"index": {"_index":"luv","_id":"4137510"}}
	{"id":4137510,"type":"sell","buyer":"imagenius.dac","seller":"eforucom","symbol":"LUV","quantity":"0.00000337","price":"0.00567890","timestamp":1660577856,"volume":"0.00000002","buyTxId":"326b55634eaa3676a7621cae4257cb23f6712f09","sellTxId":"23618bb3ed6ba649d8cf6048b610ac972092c46d"}
{"index": {"_index":"luv","_id":"4137927"}}
	{"id":4137927,"type":"sell","buyer":"imagenius.dac","seller":"helios.voter","symbol":"LUV","quantity":"2.00000000","price":"0.00567890","timestamp":1660583562,"volume":"0.01135780","buyTxId":"326b55634eaa3676a7621cae4257cb23f6712f09","sellTxId":"7a9dbaee5866c45c6aac6709a35a80baef554c59"}
{"index": {"_index":"luv","_id":"4138637"}}
	{"id":4138637,"type":"sell","buyer":"imagenius.dac","seller":"madmanmusic","symbol":"LUV","quantity":"12.00000000","price":"0.00567890","timestamp":1660592346,"volume":"0.06814680","buyTxId":"326b55634eaa3676a7621cae4257cb23f6712f09","sellTxId":"0a0107358ab2e1cbe0b208c3d86384ba1f2010c8"}
{"index": {"_index":"luv","_id":"4139213"}}
	{"id":4139213,"type":"sell","buyer":"imagenius.dac","seller":"dracozauberer","symbol":"LUV","quantity":"5","price":"0.00567890","timestamp":1660598391,"volume":"0.02839450","buyTxId":"326b55634eaa3676a7621cae4257cb23f6712f09","sellTxId":"9c30728b3a9d4570adaabed6e9437a1177ef78e4"}
{"index": {"_index":"luv","_id":"4140371"}}
	{"id":4140371,"type":"sell","buyer":"imagenius.dac","seller":"thisisawesome","symbol":"LUV","quantity":"8","price":"0.00567890","timestamp":1660611426,"volume":"0.04543120","buyTxId":"326b55634eaa3676a7621cae4257cb23f6712f09","sellTxId":"cb4eac2861e9d5eca220cbd7c44939c4f0053f94"}
{"index": {"_index":"luv","_id":"4140887"}}
	{"id":4140887,"type":"sell","buyer":"imagenius.dac","seller":"cryptochroma","symbol":"LUV","quantity":"4.00000000","price":"0.00567890","timestamp":1660617834,"volume":"0.02271560","buyTxId":"326b55634eaa3676a7621cae4257cb23f6712f09","sellTxId":"c1bdce241bc5f19a9d5a37cecb59f14ed78a36d2"}
{"index": {"_index":"luv","_id":"4140926"}}
	{"id":4140926,"type":"sell","buyer":"imagenius.dac","seller":"princekham","symbol":"LUV","quantity":"250.00000000","price":"0.00567890","timestamp":1660618185,"volume":"1.41972500","buyTxId":"326b55634eaa3676a7621cae4257cb23f6712f09","sellTxId":"680e4e8c3e46cba8e825c9290afbdda1ae4fc098"}
