{"index": {"_index":"luv","_id":"3519748"}}
	{"id":3519748,"type":"sell","buyer":"achimmertens","seller":"itharagaian","symbol":"LUV","quantity":"2.00000000","price":"0.01700000","timestamp":1653462636,"volume":"0.03400000","buyTxId":"b92f56fb04a636070bc8a913c1cd3d60a154ea89","sellTxId":"e0c812f38af7fc5319f1ae7700396f5e938e2e67"}
{"index": {"_index":"luv","_id":"3519965"}}
	{"id":3519965,"type":"sell","buyer":"achimmertens","seller":"rzc24-nftbbg","symbol":"LUV","quantity":"6.00000000","price":"0.01700000","timestamp":1653464754,"volume":"0.10200000","buyTxId":"b92f56fb04a636070bc8a913c1cd3d60a154ea89","sellTxId":"3095567ca4c186e559e27ffb0412013f1c4415b3"}
{"index": {"_index":"luv","_id":"3520146"}}
	{"id":3520146,"type":"sell","buyer":"achimmertens","seller":"steem82868","symbol":"LUV","quantity":"0.07542552","price":"0.01700000","timestamp":1653466071,"volume":"0.00128223","buyTxId":"b92f56fb04a636070bc8a913c1cd3d60a154ea89","sellTxId":"cb5f80c5a101a839b21e501fdcb06eefc7aa6895"}
{"index": {"_index":"luv","_id":"3521848"}}
	{"id":3521848,"type":"sell","buyer":"achimmertens","seller":"derfabs","symbol":"LUV","quantity":"7.00000000","price":"0.01700000","timestamp":1653480057,"volume":"0.11900000","buyTxId":"b92f56fb04a636070bc8a913c1cd3d60a154ea89","sellTxId":"57f5e016c34a437c3134702c56b75bab43cbea3d"}
{"index": {"_index":"luv","_id":"3521911"}}
	{"id":3521911,"type":"sell","buyer":"achimmertens","seller":"derfabs","symbol":"LUV","quantity":"10.00000000","price":"0.01700000","timestamp":1653480582,"volume":"0.17000000","buyTxId":"b92f56fb04a636070bc8a913c1cd3d60a154ea89","sellTxId":"924f9068a239c54c6f94b6a314fd30f6320da77e"}
{"index": {"_index":"luv","_id":"3523521"}}
	{"id":3523521,"type":"buy","buyer":"hafiz34","seller":"laritheghost","symbol":"LUV","quantity":"0.24860100","price":"0.01700001","timestamp":1653489741,"volume":"0.00422622","buyTxId":"0d8bfe48e164b691928c1932a78747a18ca81b56","sellTxId":"3afa0a413575dd3c07ab3a8819244fe568b1a80d"}
{"index": {"_index":"luv","_id":"3523545"}}
	{"id":3523545,"type":"buy","buyer":"hafiz34","seller":"tokutaro22","symbol":"LUV","quantity":"4.00000000","price":"0.02499990","timestamp":1653489807,"volume":"0.09999960","buyTxId":"ed1c4d3545823a32a10ae84ff4023baac9c5085d","sellTxId":"806cd7c83a14433a0fabd6e1920e4311b8b96ca8"}
{"index": {"_index":"luv","_id":"3523546"}}
	{"id":3523546,"type":"buy","buyer":"hafiz34","seller":"yintercept","symbol":"LUV","quantity":"2.00000000","price":"0.02499990","timestamp":1653489807,"volume":"0.04999980","buyTxId":"ed1c4d3545823a32a10ae84ff4023baac9c5085d","sellTxId":"d38e0ca0d419ee029a1a0396ec8702c344581558"}
{"index": {"_index":"luv","_id":"3523575"}}
	{"id":3523575,"type":"buy","buyer":"hafiz34","seller":"theissen","symbol":"LUV","quantity":"11.00000000","price":"0.02499999","timestamp":1653489951,"volume":"0.27499989","buyTxId":"17a0fa8aa83b1b0d72f08071443ee33be4f57f4a","sellTxId":"c36c0f9ede476f0104a9ed500ba8c53b4aca2820"}
{"index": {"_index":"luv","_id":"3523597"}}
	{"id":3523597,"type":"buy","buyer":"hafiz34","seller":"mypathtofire","symbol":"LUV","quantity":"5.00000000","price":"0.02500000","timestamp":1653490188,"volume":"0.12500000","buyTxId":"950c996f7a80628dc41d4f019a1de5de32254aef","sellTxId":"676efdaf7f503eede99a2b8f886655b3d50a84d0"}
{"index": {"_index":"luv","_id":"3526958"}}
	{"id":3526958,"type":"sell","buyer":"achimmertens","seller":"kevm","symbol":"LUV","quantity":"4","price":"0.01700000","timestamp":1653502914,"volume":"0.06800000","buyTxId":"b92f56fb04a636070bc8a913c1cd3d60a154ea89","sellTxId":"228778148c87daaee259c7f24a8314c56b79d7a2"}
{"index": {"_index":"luv","_id":"3530004"}}
	{"id":3530004,"type":"sell","buyer":"achimmertens","seller":"yekindar","symbol":"LUV","quantity":"1.00000000","price":"0.01700000","timestamp":1653530784,"volume":"0.01700000","buyTxId":"b92f56fb04a636070bc8a913c1cd3d60a154ea89","sellTxId":"767fe2e7f76672821fac73540d553641c569ebbe"}
{"index": {"_index":"luv","_id":"3530008"}}
	{"id":3530008,"type":"sell","buyer":"achimmertens","seller":"osomar357","symbol":"LUV","quantity":"1.00000000","price":"0.01700000","timestamp":1653530832,"volume":"0.01700000","buyTxId":"b92f56fb04a636070bc8a913c1cd3d60a154ea89","sellTxId":"056d0f7804e0215dde178f958cf6baa3d8ce47b3"}
