{"jsonrpc":"2.0","id":1,"result":[{"_id":4156502,"type":"sell","buyer":"imagenius.dac","seller":"steem82868","symbol":"LUV","quantity":"1.00000000","price":"0.00567890","timestamp":1660796031,"volume":"0.00567890","buyTxId":"326b55634eaa3676a7621cae4257cb23f6712f09","sellTxId":"49964c3832d8b1b1cc5dded9bad63793de22e297"},{"_id":4158376,"type":"sell","buyer":"imagenius.dac","seller":"dotwin1981","symbol":"LUV","quantity":"3.00000000","price":"0.00567890","timestamp":1660818048,"volume":"0.01703670","buyTxId":"326b55634eaa3676a7621cae4257cb23f6712f09","sellTxId":"e28c908542f9358eb6cbe003440043f301b0e98a"},{"_id":4158820,"type":"sell","buyer":"imagenius.dac","seller":"hatdogsensei","symbol":"LUV","quantity":"9.00000000","price":"0.00567890","timestamp":1660824024,"volume":"0.05111010","buyTxId":"326b55634eaa3676a7621cae4257cb23f6712f09","sellTxId":"ed2e05ab5a109a37d1965ff52852dd2b811242e3"},{"_id":4158896,"type":"sell","buyer":"imagenius.dac","seller":"robibasa","symbol":"LUV","quantity":"1.00000379","price":"0.00567890","timestamp":1660825011,"volume":"0.00567892","buyTxId":"326b55634eaa3676a7621cae4257cb23f6712f09","sellTxId":"4e04a12bf0252da007569966be83b3347864af89"},{"_id":4160138,"type":"buy","buyer":"flaxz","seller":"steem82868","symbol":"LUV","quantity":"3.00000000","price":"0.00860000","timestamp":1660838619,"volume":"0.02580000","buyTxId":"f563c35e02796642a278d597a4e5b839fc0df583","sellTxId":"6f8541160128c1ee42c00ccbb7e06ea5599c0f9e"},{"_id":4160139,"type":"buy","buyer":"flaxz","seller":"ruralio","symbol":"LUV","quantity":"4.00000000","price":"0.00860000","timestamp":1660838619,"volume":"0.03440000","buyTxId":"f563c35e02796642a278d597a4e5b839fc0df583","sellTxId":"dc9d25462e488d23bb726d06c009d8f227f48907"},{"_id":4160141,"type":"buy","buyer":"flaxz","seller":"dksart","symbol":"LUV","quantity":"1.00000000","price":"0.00955000","timestamp":1660838640,"volume":"0.00955000","buyTxId":"c345cae62af95191fd03f70a9997ef28e7aa27af","sellTxId":"49d9438050c698a0e06b6785aa229dd88903ab7e"},{"_id":4161297,"type":"sell","buyer":"imagenius.dac","seller":"cwow2","symbol":"LUV","quantity":"12","price":"0.00567890","timestamp":1660851495,"volume":"0.06814680","buyTxId":"326b55634eaa3676a7621cae4257cb23f6712f09","sellTxId":"ab6ca3d3ecc590faae277b1ecfe18fb234fce737"},{"_id":4162204,"type":"sell","buyer":"imagenius.dac","seller":"ydaiznfts","symbol":"LUV","quantity":"9.00000000","price":"0.00567890","timestamp":1660864392,"volume":"0.05111010","buyTxId":"326b55634eaa3676a7621cae4257cb23f6712f09","sellTxId":"c793402086e1bd1c141dabf720c778f9b1430acf"},{"_id":4162233,"type":"sell","buyer":"imagenius.dac","seller":"xplosive","symbol":"LUV","quantity":"9.00000000","price":"0.00567890","timestamp":1660864707,"volume":"0.05111010","buyTxId":"326b55634eaa3676a7621cae4257cb23f6712f09","sellTxId":"5bfedcd2860d7af76fba3343e94a262205e65a21"},{"_id":4163296,"type":"buy","buyer":"synergized","seller":"kirstin","symbol":"LUV","quantity":"5.00000000","price":"0.00950000","timestamp":1660872756,"volume":"0.04750000","buyTxId":"fec1408a5faf3d0a57857db4950b60d0163561f4","sellTxId":"de6d45091f1bc60e28a634e58cf193474fadb64a"},{"_id":4163307,"type":"buy","buyer":"synergized","seller":"dksart","symbol":"LUV","quantity":"3.99997213","price":"0.00955000","timestamp":1660872816,"volume":"0.03819973","buyTxId":"c6e8b66b90d5c6ad08c294f986fa1409062c5601","sellTxId":"49d9438050c698a0e06b6785aa229dd88903ab7e"},{"_id":4163998,"type":"sell","buyer":"imagenius.dac","seller":"captainquack22","symbol":"LUV","quantity":"10","price":"0.00567890","timestamp":1660881336,"volume":"0.05678900","buyTxId":"326b55634eaa3676a7621cae4257cb23f6712f09","sellTxId":"af4d6f7438778a8a20caaca72eea2a423f67a7ee"}]}