{"index": {"_index":"luv","_id":"3739227"}}
	{"id":3739227,"type":"buy","buyer":"hafiz34","seller":"steem82868","symbol":"LUV","quantity":"1.00000000","price":"0.02280000","timestamp":1655773188,"volume":"0.02280000","buyTxId":"5b425a1349feb23f7d8758b8bc18a9679849a0d1","sellTxId":"9f553a2bb0380fadec7bd0d786c33c7ca2d9a097"}
{"index": {"_index":"luv","_id":"3739234"}}
	{"id":3739234,"type":"buy","buyer":"hafiz34","seller":"gaboamc2393","symbol":"LUV","quantity":"19.60784313","price":"0.02550000","timestamp":1655773293,"volume":"0.5","buyTxId":"10fdf2e3701dbd4da16dce5da5930673205d750c","sellTxId":"8f4c7af375d8fea758fa5a931b64b5813b7f23d9"}
{"index": {"_index":"luv","_id":"3740153"}}
	{"id":3740153,"type":"sell","buyer":"sabajfa","seller":"mango-juice","symbol":"LUV","quantity":"7.00000000","price":"0.01620000","timestamp":1655787306,"volume":"0.11340000","buyTxId":"75b947899e312ee6e47096f4f95d6ff97235cb46","sellTxId":"2759019064d2b6f916e974064e93fdf18aa2296b"}
{"index": {"_index":"luv","_id":"3741893"}}
	{"id":3741893,"type":"sell","buyer":"benbow2017","seller":"kristall97","symbol":"LUV","quantity":"11","price":"0.01650000","timestamp":1655818182,"volume":"0.18150000","buyTxId":"3c085d838e3dbd7cf406adc56232668187d4892a","sellTxId":"7688180fcfde785ab125473ff1302952f40dd7fe"}
{"index": {"_index":"luv","_id":"3743227"}}
	{"id":3743227,"type":"sell","buyer":"benbow2017","seller":"dswap","symbol":"LUV","quantity":"5","price":"0.01650000","timestamp":1655831481,"volume":"0.08250000","buyTxId":"3c085d838e3dbd7cf406adc56232668187d4892a","sellTxId":"006a95f194affe96057973acea931d27a5792ea0"}
{"index": {"_index":"luv","_id":"3743524"}}
	{"id":3743524,"type":"sell","buyer":"gaboamc2393","seller":"invest-time","symbol":"LUV","quantity":"2.00000000","price":"0.01660000","timestamp":1655833941,"volume":"0.03320000","buyTxId":"c5f8ffb4b4ab3309165dcfbaae2de8c11804f102","sellTxId":"fed8ed7d4329baa54629e0a7cccefdaba30831e6"}
{"index": {"_index":"luv","_id":"3743607"}}
	{"id":3743607,"type":"sell","buyer":"gaboamc2393","seller":"gestion.alive","symbol":"LUV","quantity":"7.00000000","price":"0.01660000","timestamp":1655834313,"volume":"0.11620000","buyTxId":"c5f8ffb4b4ab3309165dcfbaae2de8c11804f102","sellTxId":"3ed0449e30a6ddded302418a8d653a528236dbac"}
{"index": {"_index":"luv","_id":"3744224"}}
	{"id":3744224,"type":"buy","buyer":"beeber","seller":"steem82868","symbol":"LUV","quantity":"1.00000000","price":"0.02286000","timestamp":1655841528,"volume":"0.02286000","buyTxId":"689fdaceea2e8be5393ac03b2f857d5eda4ba584","sellTxId":"0af7860c714a4c67792f5deca8bf7121d5a10ccf"}
{"index": {"_index":"luv","_id":"3744266"}}
	{"id":3744266,"type":"sell","buyer":"gaboamc2393","seller":"hive-143869","symbol":"LUV","quantity":"1.00000000","price":"0.01660000","timestamp":1655842140,"volume":"0.01660000","buyTxId":"c5f8ffb4b4ab3309165dcfbaae2de8c11804f102","sellTxId":"07176bdc424d85f585ccc1a38bfee6748ee5fe51"}
{"index": {"_index":"luv","_id":"3744995"}}
	{"id":3744995,"type":"sell","buyer":"gaboamc2393","seller":"laritheghost","symbol":"LUV","quantity":"0.31025324","price":"0.01660000","timestamp":1655849307,"volume":"0.00515020","buyTxId":"c5f8ffb4b4ab3309165dcfbaae2de8c11804f102","sellTxId":"b1ac6a16e28e8c6bbbbbbee1c8498c0886ac3c02"}
{"index": {"_index":"luv","_id":"3745049"}}
	{"id":3745049,"type":"buy","buyer":"jesustiano","seller":"gaboamc2393","symbol":"LUV","quantity":"1.00000000","price":"0.02510000","timestamp":1655849898,"volume":"0.02510000","buyTxId":"6d32443574708261553a2332f33f2530e5ba51d9","sellTxId":"f9cedda4ff98c21c2426dbc79816745f1ed06ace"}
{"index": {"_index":"luv","_id":"3745098"}}
	{"id":3745098,"type":"sell","buyer":"gaboamc2393","seller":"makeitreal95","symbol":"LUV","quantity":"7","price":"0.01660000","timestamp":1655850255,"volume":"0.11620000","buyTxId":"c5f8ffb4b4ab3309165dcfbaae2de8c11804f102","sellTxId":"decf65d21d3e1eba39aef0fb30ecce3513a3aafa"}
{"index": {"_index":"luv","_id":"3745101"}}
	{"id":3745101,"type":"sell","buyer":"gaboamc2393","seller":"jesustiano","symbol":"LUV","quantity":"2.00000000","price":"0.01660000","timestamp":1655850327,"volume":"0.03320000","buyTxId":"c5f8ffb4b4ab3309165dcfbaae2de8c11804f102","sellTxId":"7326a468fc2c28763d681743d1e8de9da6971bcf"}
{"index": {"_index":"luv","_id":"3745605"}}
	{"id":3745605,"type":"sell","buyer":"gaboamc2393","seller":"ydaiznfts","symbol":"LUV","quantity":"4.00000000","price":"0.01660000","timestamp":1655856609,"volume":"0.06640000","buyTxId":"c5f8ffb4b4ab3309165dcfbaae2de8c11804f102","sellTxId":"648a430a348ea244eabd41040d0a531ed6f507a9"}
{"index": {"_index":"luv","_id":"3745794"}}
	{"id":3745794,"type":"sell","buyer":"gaboamc2393","seller":"xplosive","symbol":"LUV","quantity":"1.00000000","price":"0.01660000","timestamp":1655859549,"volume":"0.01660000","buyTxId":"c5f8ffb4b4ab3309165dcfbaae2de8c11804f102","sellTxId":"e77512041a18d42ba05f5156c195893e12dc2228"}
