{"index": {"_index":"luv","_id":"3602669"}}
	{"id":3602669,"type":"sell","buyer":"achimmertens","seller":"doudoer","symbol":"LUV","quantity":"2","price":"0.01700000","timestamp":1654313310,"volume":"0.03400000","buyTxId":"b92f56fb04a636070bc8a913c1cd3d60a154ea89","sellTxId":"a9b12666bdc3594634aaedc7ea39ff11729d4e20"}
{"index": {"_index":"luv","_id":"3602822"}}
	{"id":3602822,"type":"sell","buyer":"achimmertens","seller":"rzc24-nftbbg","symbol":"LUV","quantity":"8.00000000","price":"0.01700000","timestamp":1654315701,"volume":"0.13600000","buyTxId":"b92f56fb04a636070bc8a913c1cd3d60a154ea89","sellTxId":"fc6458ec66906a61c167f5e7513aa1439790d31a"}
{"index": {"_index":"luv","_id":"3603388"}}
	{"id":3603388,"type":"sell","buyer":"achimmertens","seller":"innfauno12","symbol":"LUV","quantity":"1.00000000","price":"0.01700000","timestamp":1654323834,"volume":"0.01700000","buyTxId":"b92f56fb04a636070bc8a913c1cd3d60a154ea89","sellTxId":"066111798b8857833e5b4702f5959a655d38f875"}
{"index": {"_index":"luv","_id":"3603722"}}
	{"id":3603722,"type":"sell","buyer":"achimmertens","seller":"horusisback","symbol":"LUV","quantity":"13","price":"0.01700000","timestamp":1654328631,"volume":"0.22100000","buyTxId":"b92f56fb04a636070bc8a913c1cd3d60a154ea89","sellTxId":"4a1be92d882530806f472f64e5520e1dc5a1853f"}
{"index": {"_index":"luv","_id":"3603726"}}
	{"id":3603726,"type":"sell","buyer":"achimmertens","seller":"mann0000","symbol":"LUV","quantity":"10","price":"0.01700000","timestamp":1654328703,"volume":"0.17000000","buyTxId":"b92f56fb04a636070bc8a913c1cd3d60a154ea89","sellTxId":"1b05ecf2028d94eec7532fed763f525d93a63ed4"}
{"index": {"_index":"luv","_id":"3604275"}}
	{"id":3604275,"type":"sell","buyer":"achimmertens","seller":"sagemaya","symbol":"LUV","quantity":"0.00000108","price":"0.01700000","timestamp":1654336170,"volume":"0.00000002","buyTxId":"b92f56fb04a636070bc8a913c1cd3d60a154ea89","sellTxId":"4e4df3265d557dbe67f40de58971ad2d20ff02ca"}
{"index": {"_index":"luv","_id":"3605378"}}
	{"id":3605378,"type":"sell","buyer":"achimmertens","seller":"jlufer","symbol":"LUV","quantity":"21.00000000","price":"0.01700000","timestamp":1654349049,"volume":"0.35700000","buyTxId":"b92f56fb04a636070bc8a913c1cd3d60a154ea89","sellTxId":"881f9660685fb8e6f96cd714cad81164114b979f"}
{"index": {"_index":"luv","_id":"3605563"}}
	{"id":3605563,"type":"sell","buyer":"achimmertens","seller":"xplosive","symbol":"LUV","quantity":"330.00000000","price":"0.01700000","timestamp":1654350645,"volume":"5.61000000","buyTxId":"b92f56fb04a636070bc8a913c1cd3d60a154ea89","sellTxId":"835544623d5a3b1acaecde45c6bd201a36d3bd2d"}
{"index": {"_index":"luv","_id":"3605987"}}
	{"id":3605987,"type":"sell","buyer":"achimmertens","seller":"fnvdesigns","symbol":"LUV","quantity":"1.03927087","price":"0.01700000","timestamp":1654354809,"volume":"0.01766760","buyTxId":"b92f56fb04a636070bc8a913c1cd3d60a154ea89","sellTxId":"84747ee1ca819465b1061f43756e46598b0009ee"}
{"index": {"_index":"luv","_id":"3606250"}}
	{"id":3606250,"type":"sell","buyer":"achimmertens","seller":"bokica80","symbol":"LUV","quantity":"4.00000103","price":"0.01700000","timestamp":1654356813,"volume":"0.06800002","buyTxId":"b92f56fb04a636070bc8a913c1cd3d60a154ea89","sellTxId":"1b42865774bc1aef399808d307374ff09194f311"}
{"index": {"_index":"luv","_id":"3606299"}}
	{"id":3606299,"type":"sell","buyer":"achimmertens","seller":"drunksamurai","symbol":"LUV","quantity":"5.00000000","price":"0.01700000","timestamp":1654357245,"volume":"0.08500000","buyTxId":"b92f56fb04a636070bc8a913c1cd3d60a154ea89","sellTxId":"b8f4767ab62e67d69237111c9c2ad2a7f9ec8e21"}
{"index": {"_index":"luv","_id":"3607008"}}
	{"id":3607008,"type":"sell","buyer":"achimmertens","seller":"eforucom","symbol":"LUV","quantity":"1.00000000","price":"0.01700000","timestamp":1654363575,"volume":"0.01700000","buyTxId":"b92f56fb04a636070bc8a913c1cd3d60a154ea89","sellTxId":"e62a529bac70eba55672d0e61f935d9e99910258"}
{"index": {"_index":"luv","_id":"3607055"}}
	{"id":3607055,"type":"sell","buyer":"achimmertens","seller":"ugochill","symbol":"LUV","quantity":"1.00000000","price":"0.01700000","timestamp":1654364001,"volume":"0.01700000","buyTxId":"b92f56fb04a636070bc8a913c1cd3d60a154ea89","sellTxId":"539ae0f7f066ff57bd6c160b3f37811f02fd61ca"}
{"index": {"_index":"luv","_id":"3607940"}}
	{"id":3607940,"type":"sell","buyer":"achimmertens","seller":"lammbock","symbol":"LUV","quantity":"1.07699275","price":"0.01700000","timestamp":1654374504,"volume":"0.01830888","buyTxId":"b92f56fb04a636070bc8a913c1cd3d60a154ea89","sellTxId":"41d3adf5fa931618da49f2e8cae292874b8a2b2e"}
{"index": {"_index":"luv","_id":"3608078"}}
	{"id":3608078,"type":"sell","buyer":"achimmertens","seller":"holybread","symbol":"LUV","quantity":"9.00000000","price":"0.01700000","timestamp":1654376850,"volume":"0.15300000","buyTxId":"b92f56fb04a636070bc8a913c1cd3d60a154ea89","sellTxId":"b30af50d4463d4e70f858f9570adfe5c1c13da55"}
{"index": {"_index":"luv","_id":"3608722"}}
	{"id":3608722,"type":"sell","buyer":"achimmertens","seller":"txracer","symbol":"LUV","quantity":"0.00021342","price":"0.01700000","timestamp":1654380849,"volume":"0.00000363","buyTxId":"b92f56fb04a636070bc8a913c1cd3d60a154ea89","sellTxId":"e0850a9e0c4cf8a7a8c18f6f2a6e6f56b465ec14"}
{"index": {"_index":"luv","_id":"3609349"}}
	{"id":3609349,"type":"sell","buyer":"achimmertens","seller":"hive-103505","symbol":"LUV","quantity":"37.00000000","price":"0.01700000","timestamp":1654389276,"volume":"0.62900000","buyTxId":"b92f56fb04a636070bc8a913c1cd3d60a154ea89","sellTxId":"00a74abfc583a7bfb59c1213ad9b0f7cd1238481"}
{"index": {"_index":"luv","_id":"3609444"}}
	{"id":3609444,"type":"sell","buyer":"achimmertens","seller":"steem82868","symbol":"LUV","quantity":"1.00000000","price":"0.01700000","timestamp":1654390854,"volume":"0.01700000","buyTxId":"b92f56fb04a636070bc8a913c1cd3d60a154ea89","sellTxId":"5c829d83e3fd1807df02bd2d5e2fe21853f7540f"}
