{"index": {"_index":"luv","_id":"3610657"}}
	{"id":3610657,"type":"sell","buyer":"achimmertens","seller":"dswap","symbol":"LUV","quantity":"1","price":"0.01700000","timestamp":1654408491,"volume":"0.01700000","buyTxId":"b92f56fb04a636070bc8a913c1cd3d60a154ea89","sellTxId":"50b7ada0fd6bcf3b94bb9c6641fd6ab314a9e3c9"}
{"index": {"_index":"luv","_id":"3610762"}}
	{"id":3610762,"type":"sell","buyer":"achimmertens","seller":"itharagaian","symbol":"LUV","quantity":"1.00000000","price":"0.01700000","timestamp":1654410372,"volume":"0.01700000","buyTxId":"b92f56fb04a636070bc8a913c1cd3d60a154ea89","sellTxId":"6a68301468bf6de3aa88bad3fe1427c2141f81d0"}
{"index": {"_index":"luv","_id":"3613317"}}
	{"id":3613317,"type":"buy","buyer":"ydaiznfts","seller":"giono","symbol":"LUV","quantity":"2.00000000","price":"0.01700100","timestamp":1654443426,"volume":"0.03400200","buyTxId":"427e7b2d9281c7395d6cf7a1da11df5349b93ced","sellTxId":"c6783c5073fced6ed0f5d0c73fa557dd72ae58ed"}
{"index": {"_index":"luv","_id":"3613318"}}
	{"id":3613318,"type":"buy","buyer":"ydaiznfts","seller":"nai93","symbol":"LUV","quantity":"1.00000000","price":"0.01700100","timestamp":1654443426,"volume":"0.01700100","buyTxId":"427e7b2d9281c7395d6cf7a1da11df5349b93ced","sellTxId":"263d4a87ef0e2eac024bd84dc1dd71ca88de075c"}
{"index": {"_index":"luv","_id":"3613319"}}
	{"id":3613319,"type":"buy","buyer":"ydaiznfts","seller":"snlbaskurt","symbol":"LUV","quantity":"1.00000000","price":"0.01700100","timestamp":1654443426,"volume":"0.01700100","buyTxId":"427e7b2d9281c7395d6cf7a1da11df5349b93ced","sellTxId":"5e092689af6e9faa72d976c9b287a1fdbac00b0d"}
{"index": {"_index":"luv","_id":"3613320"}}
	{"id":3613320,"type":"buy","buyer":"ydaiznfts","seller":"onlydoge","symbol":"LUV","quantity":"97.00000000","price":"0.02449000","timestamp":1654443426,"volume":"2.37553000","buyTxId":"427e7b2d9281c7395d6cf7a1da11df5349b93ced","sellTxId":"add8774cc744a6ff4800ae3fb62dce466ece9ec2"}
{"index": {"_index":"luv","_id":"3613329"}}
	{"id":3613329,"type":"buy","buyer":"ydaiznfts","seller":"onlydoge","symbol":"LUV","quantity":"4.00000000","price":"0.02449000","timestamp":1654443489,"volume":"0.09796000","buyTxId":"55040076633e3e53357565760e49cc7930ffbd56","sellTxId":"add8774cc744a6ff4800ae3fb62dce466ece9ec2"}
{"index": {"_index":"luv","_id":"3613641"}}
	{"id":3613641,"type":"sell","buyer":"bilpcoinbpc","seller":"kevm","symbol":"LUV","quantity":"3","price":"0.01700099","timestamp":1654447017,"volume":"0.05100297","buyTxId":"e276874bf3b2a1d7b98f041bd8162d97a82f4384","sellTxId":"efa99470d192807e8e0ad72600d46801e9449c9f"}
{"index": {"_index":"luv","_id":"3614335"}}
	{"id":3614335,"type":"sell","buyer":"bilpcoinbpc","seller":"laritheghost","symbol":"LUV","quantity":"0.57978098","price":"0.01700099","timestamp":1654453812,"volume":"0.00985685","buyTxId":"e276874bf3b2a1d7b98f041bd8162d97a82f4384","sellTxId":"c7ac2562be4e1ff77b9b8d425b0b63517409103a"}
{"index": {"_index":"luv","_id":"3615269"}}
	{"id":3615269,"type":"sell","buyer":"bilpcoinbpc","seller":"cursephantom","symbol":"LUV","quantity":"0.42021902","price":"0.01700099","timestamp":1654464180,"volume":"0.00714414","buyTxId":"e276874bf3b2a1d7b98f041bd8162d97a82f4384","sellTxId":"92b5c6874d6faf5ee4f532aad028b1807b19d560"}
{"index": {"_index":"luv","_id":"3615899"}}
	{"id":3615899,"type":"buy","buyer":"smartalectees","seller":"cursephantom","symbol":"LUV","quantity":"2.57978098","price":"0.01700099","timestamp":1654471560,"volume":"0.04385883","buyTxId":"677d00df20f598195922d4ce3b5ef616909ae620","sellTxId":"92b5c6874d6faf5ee4f532aad028b1807b19d560"}
{"index": {"_index":"luv","_id":"3615906"}}
	{"id":3615906,"type":"buy","buyer":"smartalectees","seller":"galaxikiller","symbol":"LUV","quantity":"1.00000000","price":"0.02448000","timestamp":1654471644,"volume":"0.02448000","buyTxId":"db2658c45440ec0d091eba703787052ff1d1a2a9","sellTxId":"333a59c2acd2f7387fee85241d704f2d3538dbe5"}
{"index": {"_index":"luv","_id":"3615910"}}
	{"id":3615910,"type":"buy","buyer":"smartalectees","seller":"onlydoge","symbol":"LUV","quantity":"5.42021902","price":"0.02449000","timestamp":1654471704,"volume":"0.13274116","buyTxId":"c14cb57c60107e3bf180d4844fb58ad35dfd320a","sellTxId":"add8774cc744a6ff4800ae3fb62dce466ece9ec2"}
{"index": {"_index":"luv","_id":"3616102"}}
	{"id":3616102,"type":"sell","buyer":"achimmertens","seller":"steem82868","symbol":"LUV","quantity":"2.00000000","price":"0.01700000","timestamp":1654474332,"volume":"0.03400000","buyTxId":"b92f56fb04a636070bc8a913c1cd3d60a154ea89","sellTxId":"a126f4ebfb4227cfea78ba61cd29f6404eda5916"}
{"index": {"_index":"luv","_id":"3616641"}}
	{"id":3616641,"type":"buy","buyer":"buezor","seller":"onlydoge","symbol":"LUV","quantity":"42.12097223","price":"0.02449000","timestamp":1654480842,"volume":"1.03154261","buyTxId":"183bc13e85251c8a703ef8f1dfa0e41c2598a6cf","sellTxId":"add8774cc744a6ff4800ae3fb62dce466ece9ec2"}
{"index": {"_index":"luv","_id":"3616649"}}
	{"id":3616649,"type":"buy","buyer":"buezor","seller":"onlydoge","symbol":"LUV","quantity":"1.77646590","price":"0.02449000","timestamp":1654481001,"volume":"0.04350565","buyTxId":"e5c0443bf2153b6c268b1a12611a687418b80175","sellTxId":"add8774cc744a6ff4800ae3fb62dce466ece9ec2"}
