{"index": {"_index":"luv","_id":"3888703"}}
	{"id":3888703,"type":"sell","buyer":"elkingplayer","seller":"superhive","symbol":"LUV","quantity":"3","price":"0.01200000","timestamp":1657580235,"volume":"0.03600000","buyTxId":"657a7d23c3f75916e7677f0f33ae83268e82d00c","sellTxId":"ae64bd736ab72074fa3f9fc571d22c340faf94ab"}
{"index": {"_index":"luv","_id":"3889010"}}
	{"id":3889010,"type":"buy","buyer":"edgerik","seller":"achimmertens","symbol":"LUV","quantity":"5.00000000","price":"0.02990000","timestamp":1657583685,"volume":"0.14950000","buyTxId":"23b1e0261347a05c01cec2d89350db1e09bcb035","sellTxId":"a83b93e37080330f9ea30474edae61e18d514d99"}
{"index": {"_index":"luv","_id":"3889022"}}
	{"id":3889022,"type":"sell","buyer":"elkingplayer","seller":"thisisawesome","symbol":"LUV","quantity":"2","price":"0.01200000","timestamp":1657583895,"volume":"0.02400000","buyTxId":"657a7d23c3f75916e7677f0f33ae83268e82d00c","sellTxId":"813fe56c8f87dae9796fd42f0791bb873cb0f059"}
{"index": {"_index":"luv","_id":"3889985"}}
	{"id":3889985,"type":"sell","buyer":"elkingplayer","seller":"osomar357","symbol":"LUV","quantity":"1.00000000","price":"0.01200000","timestamp":1657593705,"volume":"0.01200000","buyTxId":"657a7d23c3f75916e7677f0f33ae83268e82d00c","sellTxId":"5bee97ebb42da4b3f96f6e404515dd4a90c3c28e"}
{"index": {"_index":"luv","_id":"3890594"}}
	{"id":3890594,"type":"buy","buyer":"thatcryptodave","seller":"pablodare","symbol":"LUV","quantity":"2.37173573","price":"0.02900000","timestamp":1657602771,"volume":"0.06878034","buyTxId":"56d699bfe05d0d3318b843f481bc81a99949b9f4","sellTxId":"bccb9aac16a6dbe6724a043413c51a6f902d9abe"}
{"index": {"_index":"luv","_id":"3890873"}}
	{"id":3890873,"type":"sell","buyer":"elkingplayer","seller":"hive-143869","symbol":"LUV","quantity":"1.00000000","price":"0.01200000","timestamp":1657607172,"volume":"0.01200000","buyTxId":"657a7d23c3f75916e7677f0f33ae83268e82d00c","sellTxId":"f418e7abcc3b88c3a0dcc155053c7d5ff2dee98d"}
{"index": {"_index":"luv","_id":"3891009"}}
	{"id":3891009,"type":"buy","buyer":"projectmamabg","seller":"pablodare","symbol":"LUV","quantity":"9.00000000","price":"0.02900000","timestamp":1657608831,"volume":"0.26100000","buyTxId":"58dfbf08ffc2d079fe1bb523450be6d7c1a4b3b7","sellTxId":"bccb9aac16a6dbe6724a043413c51a6f902d9abe"}
{"index": {"_index":"luv","_id":"3891025"}}
	{"id":3891025,"type":"sell","buyer":"elkingplayer","seller":"quotidien","symbol":"LUV","quantity":"3.00000000","price":"0.01200000","timestamp":1657608999,"volume":"0.03600000","buyTxId":"657a7d23c3f75916e7677f0f33ae83268e82d00c","sellTxId":"2bf9c330755cb7ab0c4ff0acfc95efd93c916e5c"}
{"index": {"_index":"luv","_id":"3892216"}}
	{"id":3892216,"type":"sell","buyer":"onlydoge","seller":"ugochill","symbol":"LUV","quantity":"1.00000000","price":"0.01203000","timestamp":1657625886,"volume":"0.01203000","buyTxId":"fffe4b23ab3bdcf5a8d717393c92d44783193e0c","sellTxId":"e402a61ea58db6d48a49991ca90bf6c1ac75e3c4"}
{"index": {"_index":"luv","_id":"3892866"}}
	{"id":3892866,"type":"sell","buyer":"onlydoge","seller":"aliveprojects","symbol":"LUV","quantity":"12","price":"0.01203000","timestamp":1657634463,"volume":"0.14436000","buyTxId":"fffe4b23ab3bdcf5a8d717393c92d44783193e0c","sellTxId":"09d6906532eba284eb498c1c60d66e2b8a79dfed"}
{"index": {"_index":"luv","_id":"3893176"}}
	{"id":3893176,"type":"sell","buyer":"onlydoge","seller":"andy4475","symbol":"LUV","quantity":"1.00057192","price":"0.01203000","timestamp":1657635381,"volume":"0.01203688","buyTxId":"fffe4b23ab3bdcf5a8d717393c92d44783193e0c","sellTxId":"0d6566f3db8144a29cd90a2f7ab2c6be576bddbb"}
{"index": {"_index":"luv","_id":"3893211"}}
	{"id":3893211,"type":"sell","buyer":"onlydoge","seller":"flaxz","symbol":"LUV","quantity":"2","price":"0.01203000","timestamp":1657635816,"volume":"0.02406000","buyTxId":"fffe4b23ab3bdcf5a8d717393c92d44783193e0c","sellTxId":"96ada8317903624acae492270da9a821ccb40cce"}
{"index": {"_index":"luv","_id":"3893721"}}
	{"id":3893721,"type":"sell","buyer":"onlydoge","seller":"steemstreems","symbol":"LUV","quantity":"1.39404979","price":"0.01203000","timestamp":1657640862,"volume":"0.01677042","buyTxId":"fffe4b23ab3bdcf5a8d717393c92d44783193e0c","sellTxId":"0e14e63dd1676dc5aff05f1a7eefd05b1f3adf2b"}
{"index": {"_index":"luv","_id":"3894452"}}
	{"id":3894452,"type":"buy","buyer":"hive-189742","seller":"amaari","symbol":"LUV","quantity":"0.28799999","price":"0.02099999","timestamp":1657649064,"volume":"0.00604800","buyTxId":"21c629d1a297cff43299805e6e8f4d708454669c","sellTxId":"b72e01d17b02469d9cb1eac6ae6419fe1bdd4905"}
{"index": {"_index":"luv","_id":"3894665"}}
	{"id":3894665,"type":"buy","buyer":"hafiz34","seller":"amaari","symbol":"LUV","quantity":"15.71200000","price":"0.02099999","timestamp":1657651407,"volume":"0.32995184","buyTxId":"e2ea581053a5b3c8b1e402d0c3ffd075ccd8beac","sellTxId":"b72e01d17b02469d9cb1eac6ae6419fe1bdd4905"}
{"index": {"_index":"luv","_id":"3894667"}}
	{"id":3894667,"type":"buy","buyer":"hafiz34","seller":"krakonos","symbol":"LUV","quantity":"3.00561200","price":"0.02100000","timestamp":1657651431,"volume":"0.06311785","buyTxId":"68709be89da26900c00bb31154ba14d4703b10fe","sellTxId":"fcf0f0b953a676af7c2f1db00eb51f11ceecad5a"}
{"index": {"_index":"luv","_id":"3896093"}}
	{"id":3896093,"type":"sell","buyer":"danideuder","seller":"ydaiznfts","symbol":"LUV","quantity":"7.00000000","price":"0.01300000","timestamp":1657665456,"volume":"0.09100000","buyTxId":"5d926ae3801e5148e923d0dcfd9855f76571b39f","sellTxId":"28464a94f0713f70beec86d116e5571317c0417c"}
