{"index": {"_index":"luv","_id":"3938499"}}
	{"id":3938499,"type":"sell","buyer":"amaari","seller":"shaidon","symbol":"LUV","quantity":"3.00209122","price":"0.01001001","timestamp":1658191941,"volume":"0.03005096","buyTxId":"8d5aec09bbea7b686a2991e17c6806bcb741ce28","sellTxId":"ce37ca7770c113cf5705e3e92f1f3a04e87d48c0"}
{"index": {"_index":"luv","_id":"3939268"}}
	{"id":3939268,"type":"sell","buyer":"amaari","seller":"thisisawesome","symbol":"LUV","quantity":"2","price":"0.01001001","timestamp":1658195877,"volume":"0.02002002","buyTxId":"8d5aec09bbea7b686a2991e17c6806bcb741ce28","sellTxId":"075fd108b395dc08784b02a0a0f485459ce13940"}
{"index": {"_index":"luv","_id":"3939925"}}
	{"id":3939925,"type":"sell","buyer":"amaari","seller":"pousinha","symbol":"LUV","quantity":"2","price":"0.01001001","timestamp":1658205144,"volume":"0.02002002","buyTxId":"8d5aec09bbea7b686a2991e17c6806bcb741ce28","sellTxId":"4a2feb0f282918cf02582ca8152cd52c9dcc1ad9"}
{"index": {"_index":"luv","_id":"3940332"}}
	{"id":3940332,"type":"sell","buyer":"amaari","seller":"gestion.alive","symbol":"LUV","quantity":"8.00000000","price":"0.01001001","timestamp":1658209995,"volume":"0.08008008","buyTxId":"8d5aec09bbea7b686a2991e17c6806bcb741ce28","sellTxId":"94066dbd50136325c3f2a091edb796d8a381f0a7"}
{"index": {"_index":"luv","_id":"3940412"}}
	{"id":3940412,"type":"sell","buyer":"amaari","seller":"quotidien","symbol":"LUV","quantity":"4.00000000","price":"0.01001001","timestamp":1658211504,"volume":"0.04004004","buyTxId":"8d5aec09bbea7b686a2991e17c6806bcb741ce28","sellTxId":"6425af7cc7f5f55454005cf382c5c3d669a7f1ca"}
{"index": {"_index":"luv","_id":"3940921"}}
	{"id":3940921,"type":"sell","buyer":"onlydoge","seller":"projectmamabg","symbol":"LUV","quantity":"4.00000000","price":"0.01002000","timestamp":1658218098,"volume":"0.04008000","buyTxId":"58e0c7e7216b1edfd7c138f6d73942e01f044ddf","sellTxId":"a412bb537075bfdc61de82aed1de6bcd942336a9"}
{"index": {"_index":"luv","_id":"3941086"}}
	{"id":3941086,"type":"sell","buyer":"onlydoge","seller":"phortun","symbol":"LUV","quantity":"2","price":"0.01002000","timestamp":1658220936,"volume":"0.02004000","buyTxId":"58e0c7e7216b1edfd7c138f6d73942e01f044ddf","sellTxId":"46369b579e97b01d1f980b422cfc58e363f5ee8d"}
{"index": {"_index":"luv","_id":"3941160"}}
	{"id":3941160,"type":"sell","buyer":"onlydoge","seller":"thx.bht","symbol":"LUV","quantity":"2.00000000","price":"0.01002000","timestamp":1658222451,"volume":"0.02004000","buyTxId":"58e0c7e7216b1edfd7c138f6d73942e01f044ddf","sellTxId":"7eca74570acd04b6c01b1a68041174e755491242"}
{"index": {"_index":"luv","_id":"3941935"}}
	{"id":3941935,"type":"sell","buyer":"onlydoge","seller":"assassyn","symbol":"LUV","quantity":"3","price":"0.01002000","timestamp":1658231499,"volume":"0.03006000","buyTxId":"58e0c7e7216b1edfd7c138f6d73942e01f044ddf","sellTxId":"9f0009c10e386d223ad3d0ce63a5e32ad12ed1d2"}
{"index": {"_index":"luv","_id":"3943175"}}
	{"id":3943175,"type":"sell","buyer":"onlydoge","seller":"ydaiznfts","symbol":"LUV","quantity":"5.00000000","price":"0.01002000","timestamp":1658246058,"volume":"0.05010000","buyTxId":"58e0c7e7216b1edfd7c138f6d73942e01f044ddf","sellTxId":"66d379f849339c2ed004e7e8a89abf26b617f290"}
{"index": {"_index":"luv","_id":"3943892"}}
	{"id":3943892,"type":"sell","buyer":"onlydoge","seller":"anikekirsten","symbol":"LUV","quantity":"9.00000000","price":"0.01002000","timestamp":1658253003,"volume":"0.09018000","buyTxId":"58e0c7e7216b1edfd7c138f6d73942e01f044ddf","sellTxId":"020521efde012d049c1a7a5650ca92f738d35551"}
{"index": {"_index":"luv","_id":"3944256"}}
	{"id":3944256,"type":"buy","buyer":"shoaib21","seller":"steem82868","symbol":"LUV","quantity":"2.00000000","price":"0.02286000","timestamp":1658256861,"volume":"0.04572000","buyTxId":"fc4224ea70abf7c787792c7fa27a6fcea4ae0fff","sellTxId":"6f62b4628e91c7aef4d21a4fcc6cc8f9aa1faa8b"}
{"index": {"_index":"luv","_id":"3944257"}}
	{"id":3944257,"type":"buy","buyer":"shoaib21","seller":"roscar9","symbol":"LUV","quantity":"3.00000000","price":"0.02286000","timestamp":1658256861,"volume":"0.06858000","buyTxId":"fc4224ea70abf7c787792c7fa27a6fcea4ae0fff","sellTxId":"e22ef7d69a14315bbe75cc174d06a94295d707eb"}
{"index": {"_index":"luv","_id":"3944261"}}
	{"id":3944261,"type":"buy","buyer":"shoaib21","seller":"bokica80","symbol":"LUV","quantity":"6.00000000","price":"0.02400000","timestamp":1658256909,"volume":"0.144","buyTxId":"5ba02c5165f6cdc6580bb1520e915aecfa9f96d9","sellTxId":"c0dc15484c9d714f9095c394125e127e55c0048b"}
{"index": {"_index":"luv","_id":"3944264"}}
	{"id":3944264,"type":"buy","buyer":"shoaib21","seller":"dksart","symbol":"LUV","quantity":"8.00000000","price":"0.02480000","timestamp":1658256951,"volume":"0.1984","buyTxId":"6a64ad0dd80a53b00a095cf3fc89cce8dbfe1f03","sellTxId":"de3a9a04898c35fbb93f662a16bbc25b0c0f176a"}
{"index": {"_index":"luv","_id":"3944274"}}
	{"id":3944274,"type":"buy","buyer":"shoaib21","seller":"amaari","symbol":"LUV","quantity":"1.00000040","price":"0.02499999","timestamp":1658257116,"volume":"0.025","buyTxId":"988cf460f572aa7310e8302c748b0b6eb1c730cd","sellTxId":"0812f43c9b0634bc6b7a24d6ca16fcc1d9d1b672"}
{"index": {"_index":"luv","_id":"3945059"}}
	{"id":3945059,"type":"sell","buyer":"onlydoge","seller":"operahoser","symbol":"LUV","quantity":"1.00000000","price":"0.01002000","timestamp":1658266971,"volume":"0.01002000","buyTxId":"58e0c7e7216b1edfd7c138f6d73942e01f044ddf","sellTxId":"30c121d4961e6301ee87a764b0164568cede98a0"}
{"index": {"_index":"luv","_id":"3945212"}}
	{"id":3945212,"type":"sell","buyer":"onlydoge","seller":"jsynnthagr8","symbol":"LUV","quantity":"0.00116291","price":"0.01002000","timestamp":1658269818,"volume":"0.00001165","buyTxId":"58e0c7e7216b1edfd7c138f6d73942e01f044ddf","sellTxId":"347cdee8da96671365ec178b686d4de43923c0cc"}
{"index": {"_index":"luv","_id":"3945473"}}
	{"id":3945473,"type":"sell","buyer":"onlydoge","seller":"daje10","symbol":"LUV","quantity":"1.00000000","price":"0.01002000","timestamp":1658273817,"volume":"0.01002000","buyTxId":"58e0c7e7216b1edfd7c138f6d73942e01f044ddf","sellTxId":"c88589ade9baed46ba4f2a70367c134e5e8b4dcc"}
