{"_id":5489631,"type":"sell","buyer":"embunpagi","seller":"joslud","symbol":"LUV","quantity":"2.00000000","price":"0.00734000","timestamp":1676426742,"volume":"0.01468000","buyTxId":"c20cdc84c81a3e6cb1e78c9e368111497b032c77","sellTxId":"2ac9c3ca8114adad746ef511861503802e4c5639"},{"_id":5491251,"type":"sell","buyer":"javivisan","seller":"hivedeb","symbol":"LUV","quantity":"16","price":"0.00734100","timestamp":1676452623,"volume":"0.11745600","buyTxId":"e86de26d29eff8fa1442e14bd5c5c7beb384f8fb","sellTxId":"07feac78581851f95d2b90743d965ff4f0ec42cc"},{"_id":5491634,"type":"buy","buyer":"joalheal","seller":"onlydoge","symbol":"LUV","quantity":"136.72694543","price":"0.01198830","timestamp":1676458431,"volume":"1.63912364","buyTxId":"d410e83135f63e22325e88aec2de0d1214891e2d","sellTxId":"c3d1c856e3a29f1e265c692a1b026c80bab14954"},{"_id":5491775,"type":"sell","buyer":"javivisan","seller":"thetyper","symbol":"LUV","quantity":"1.00000000","price":"0.00734100","timestamp":1676460261,"volume":"0.00734100","buyTxId":"e86de26d29eff8fa1442e14bd5c5c7beb384f8fb","sellTxId":"908624219145b10ba73067751a39e4f3d5a9fa3f"},{"_id":5493195,"type":"sell","buyer":"an-man","seller":"hatdogsensei","symbol":"LUV","quantity":"1.00000000","price":"0.00734250","timestamp":1676478663,"volume":"0.00734250","buyTxId":"f73be747decfee11929b76bdba77c063e2693964","sellTxId":"850dc29425a35d28223175792454299ff05784b7"},{"_id":5493298,"type":"sell","buyer":"javivisan","seller":"token-thx","symbol":"LUV","quantity":"9.00000000","price":"0.00734400","timestamp":1676479644,"volume":"0.06609600","buyTxId":"badd7a03913e11818d7a7ffa65273be459edc17e","sellTxId":"1a0f8ed810246213f0c0cb942b92bdca03f05f68"},{"_id":5493341,"type":"sell","buyer":"javivisan","seller":"hive-103505","symbol":"LUV","quantity":"11.00207676","price":"0.00734400","timestamp":1676479944,"volume":"0.08079925","buyTxId":"badd7a03913e11818d7a7ffa65273be459edc17e","sellTxId":"37ad854e4fedb522f5fd6d70869d4d9010df4988"},{"_id":5493453,"type":"sell","buyer":"javivisan","seller":"ugochill","symbol":"LUV","quantity":"1.00000000","price":"0.00734400","timestamp":1676480871,"volume":"0.00734400","buyTxId":"badd7a03913e11818d7a7ffa65273be459edc17e","sellTxId":"9e339e9a93c40b8cce022677d1b87321bb60dc03"},{"_id":5493517,"type":"sell","buyer":"javivisan","seller":"krakonos","symbol":"LUV","quantity":"1.01623891","price":"0.00734400","timestamp":1676481390,"volume":"0.00746326","buyTxId":"badd7a03913e11818d7a7ffa65273be459edc17e","sellTxId":"3242d6151b46a0336f1b8458660a4daad0d53b8f"},{"_id":5494643,"type":"buy","buyer":"synergized","seller":"onlydoge","symbol":"LUV","quantity":"9.00000000","price":"0.00899990","timestamp":1676492889,"volume":"0.08099910","buyTxId":"f18e6f92c32c890419158ed5266ec4cb0c0839a7","sellTxId":"3cc6d2b015ffa67c522e190ddd7960885ee41869"},{"_id":5494892,"type":"sell","buyer":"javivisan","seller":"spt-shturm","symbol":"LUV","quantity":"1.00000000","price":"0.00734480","timestamp":1676495985,"volume":"0.00734480","buyTxId":"18f863193f7eba17ed68b57a72a719367cd247ff","sellTxId":"8312676511e366f8ad38891bcac1026a15785384"},{"_id":5494927,"type":"sell","buyer":"javivisan","seller":"nahuelgameplays","symbol":"LUV","quantity":"4","price":"0.00734480","timestamp":1676496669,"volume":"0.02937920","buyTxId":"18f863193f7eba17ed68b57a72a719367cd247ff","sellTxId":"f14702bc41f11b41a45bdc9aad98028ee349516e"},{"_id":5494942,"type":"sell","buyer":"javivisan","seller":"spt-shturm","symbol":"LUV","quantity":"1.00000000","price":"0.00734480","timestamp":1676496777,"volume":"0.00734480","buyTxId":"18f863193f7eba17ed68b57a72a719367cd247ff","sellTxId":"ad099428dc7c3e79199ae10ce6bd8e53d843449e"},{"_id":5495304,"type":"sell","buyer":"javivisan","seller":"migka","symbol":"LUV","quantity":"8.00000000","price":"0.00734480","timestamp":1676499117,"volume":"0.05875840","buyTxId":"18f863193f7eba17ed68b57a72a719367cd247ff","sellTxId":"27b763352b701e705dcef7668ca3f6f8a99600ce"},{"_id":5496008,"type":"sell","buyer":"javivisan","seller":"ugochill","symbol":"LUV","quantity":"1.00000000","price":"0.00734480","timestamp":1676508543,"volume":"0.00734480","buyTxId":"18f863193f7eba17ed68b57a72a719367cd247ff","sellTxId":"03b5b85d8b0359c0573bb813856d5a8d36bc87b3"