{"index": {"_index":"luv","_id":"3918659"}}
	{"id":3918659,"type":"sell","buyer":"amaari","seller":"ydaiznfts","symbol":"LUV","quantity":"5.00000000","price":"0.00951001","timestamp":1657941315,"volume":"0.04755005","buyTxId":"251e1a780a3b8654ca9cc0765e9be0c05bcb0b83","sellTxId":"612049e410657d489244db4996ab71df1db664f2"}
{"index": {"_index":"luv","_id":"3918988"}}
	{"id":3918988,"type":"sell","buyer":"onlydoge","seller":"pousinha","symbol":"LUV","quantity":"1","price":"0.00952000","timestamp":1657948032,"volume":"0.00952000","buyTxId":"f443392d1716c5b87acd10cb2933a04ae218ff88","sellTxId":"1744704f8c9e12c237ed1310fa8f9da6d7f7c390"}
{"index": {"_index":"luv","_id":"3919194"}}
	{"id":3919194,"type":"sell","buyer":"onlydoge","seller":"entrepidus","symbol":"LUV","quantity":"7.00000000","price":"0.00952000","timestamp":1657951365,"volume":"0.06664000","buyTxId":"f443392d1716c5b87acd10cb2933a04ae218ff88","sellTxId":"75c8734b491547bcec73ac14a0b32689d1a0ac25"}
{"index": {"_index":"luv","_id":"3919402"}}
	{"id":3919402,"type":"sell","buyer":"metzli","seller":"momogrow","symbol":"LUV","quantity":"1.00000000","price":"0.00959999","timestamp":1657955325,"volume":"0.00959999","buyTxId":"4381dd4c191918e02a54af42058ae6087d9dc3cb","sellTxId":"adbadca8f1d5e5f59dcabec21ffe4bf664ee7817"}
{"index": {"_index":"luv","_id":"3920414"}}
	{"id":3920414,"type":"sell","buyer":"metzli","seller":"dswap","symbol":"LUV","quantity":"9.00000000","price":"0.00959999","timestamp":1657971879,"volume":"0.08639991","buyTxId":"4381dd4c191918e02a54af42058ae6087d9dc3cb","sellTxId":"2dc05d57f5623268606058ca2db4e69bcd6f3abe"}
{"index": {"_index":"luv","_id":"3920415"}}
	{"id":3920415,"type":"sell","buyer":"ahmadmanga","seller":"dswap","symbol":"LUV","quantity":"6.00000055","price":"0.00959999","timestamp":1657971879,"volume":"0.05759995","buyTxId":"e713a4e0e1eac98caba165b899db7f22f3f9e0ef","sellTxId":"2dc05d57f5623268606058ca2db4e69bcd6f3abe"}
{"index": {"_index":"luv","_id":"3921008"}}
	{"id":3921008,"type":"sell","buyer":"onlydoge","seller":"teteuzinho","symbol":"LUV","quantity":"3.00000000","price":"0.00961000","timestamp":1657981815,"volume":"0.02883000","buyTxId":"9716d8220c9bcb2cd3bf2f7cfa4a4c7e292c8e0a","sellTxId":"872376d85f69824727d3b4dd7756d4df19994d6b"}
{"index": {"_index":"luv","_id":"3921341"}}
	{"id":3921341,"type":"sell","buyer":"tinyputerboy","seller":"zirochka","symbol":"LUV","quantity":"9.08000000","price":"0.01450000","timestamp":1657986255,"volume":"0.13166000","buyTxId":"74d61f4dbb580f9046ba638352d1254e1b91a176","sellTxId":"432266d90ac047ff72ae14772379dc325b4fa5d8"}
{"index": {"_index":"luv","_id":"3921660"}}
	{"id":3921660,"type":"sell","buyer":"onlydoge","seller":"ydaiznfts","symbol":"LUV","quantity":"3.00000000","price":"0.00961000","timestamp":1657989540,"volume":"0.02883000","buyTxId":"9716d8220c9bcb2cd3bf2f7cfa4a4c7e292c8e0a","sellTxId":"8d83a1d2286f0b83da390169b93c6c08a736ad1f"}
{"index": {"_index":"luv","_id":"3922803"}}
	{"id":3922803,"type":"sell","buyer":"amaari","seller":"pousinha","symbol":"LUV","quantity":"0.98975270","price":"0.00970001","timestamp":1658001756,"volume":"0.00960061","buyTxId":"3ed3f8e717e785acdaf6406fee7cda8424572944","sellTxId":"6b8147e6d70ea12d4edc2855208a1f7d1eb414d0"}
{"index": {"_index":"luv","_id":"3922804"}}
	{"id":3922804,"type":"sell","buyer":"metzli","seller":"pousinha","symbol":"LUV","quantity":"0.01024730","price":"0.00970000","timestamp":1658001756,"volume":"0.00009940","buyTxId":"6853d0cc855a81171bc18f5b470f45369bdedb47","sellTxId":"6b8147e6d70ea12d4edc2855208a1f7d1eb414d0"}
{"index": {"_index":"luv","_id":"3923767"}}
	{"id":3923767,"type":"sell","buyer":"metzli","seller":"forexbrokr","symbol":"LUV","quantity":"1.98975270","price":"0.00970000","timestamp":1658014872,"volume":"0.01930060","buyTxId":"6853d0cc855a81171bc18f5b470f45369bdedb47","sellTxId":"064a06b9102e3d73c918c0523bb49a25cccdf942"}
{"index": {"_index":"luv","_id":"3923927"}}
	{"id":3923927,"type":"sell","buyer":"amaari","seller":"steem82868","symbol":"LUV","quantity":"0.00000057","price":"0.00963001","timestamp":1658016660,"volume":"0.00000001","buyTxId":"bc6aec2a09577b1edf0ecc2ebe3132eccf783062","sellTxId":"917d8cc16cb8caa702d09a43719449de24f40225"}
{"index": {"_index":"luv","_id":"3924105"}}
	{"id":3924105,"type":"sell","buyer":"onlydoge","seller":"operahoser","symbol":"LUV","quantity":"1.00000000","price":"0.00964000","timestamp":1658018553,"volume":"0.00964000","buyTxId":"0fc11e8ab5ee96ef334417489070f1b6f107d491","sellTxId":"17d44e57aacdc96631bbfc7afb3290916f412a16"}
{"index": {"_index":"luv","_id":"3924175"}}
	{"id":3924175,"type":"sell","buyer":"onlydoge","seller":"osomar357","symbol":"LUV","quantity":"2.00000000","price":"0.00964000","timestamp":1658019282,"volume":"0.01928000","buyTxId":"0fc11e8ab5ee96ef334417489070f1b6f107d491","sellTxId":"6ae469b69bb28380811d8e00e03aafc4fffee99f"}
{"index": {"_index":"luv","_id":"3924312"}}
	{"id":3924312,"type":"buy","buyer":"luckbound","seller":"forexbrokr","symbol":"LUV","quantity":"0.01024730","price":"0.00970000","timestamp":1658021214,"volume":"0.00009940","buyTxId":"f1b76939c830cbbeb8034b89050bd823e0102dc0","sellTxId":"064a06b9102e3d73c918c0523bb49a25cccdf942"}
{"index": {"_index":"luv","_id":"3924313"}}
	{"id":3924313,"type":"buy","buyer":"luckbound","seller":"daniarc","symbol":"LUV","quantity":"5.00000000","price":"0.01439000","timestamp":1658021214,"volume":"0.07195000","buyTxId":"f1b76939c830cbbeb8034b89050bd823e0102dc0","sellTxId":"179815bc32770ff56ca24f5ca1b94cb65b6378b8"}
{"index": {"_index":"luv","_id":"3924314"}}
	{"id":3924314,"type":"buy","buyer":"luckbound","seller":"bilidrg","symbol":"LUV","quantity":"5.98975270","price":"0.01439000","timestamp":1658021214,"volume":"0.08619254","buyTxId":"f1b76939c830cbbeb8034b89050bd823e0102dc0","sellTxId":"485319f52a52ffda0f8930f0d9e860461909b865"}
