{"index": {"_index":"luv","_id":"3724353"}}
	{"id":3724353,"type":"sell","buyer":"benbow2017","seller":"kaunglay2","symbol":"LUV","quantity":"28.00000000","price":"0.01600000","timestamp":1655601747,"volume":"0.44800000","buyTxId":"91a4607a0980cd75ba0cdc245188c6d00fd1de11","sellTxId":"73dd0f2d817bab6697ca14c56b366e8426c6d478"}
{"index": {"_index":"luv","_id":"3724373"}}
	{"id":3724373,"type":"sell","buyer":"benbow2017","seller":"twicejoy","symbol":"LUV","quantity":"10.04035114","price":"0.01600000","timestamp":1655601927,"volume":"0.16064562","buyTxId":"91a4607a0980cd75ba0cdc245188c6d00fd1de11","sellTxId":"8119fbfc53421852eea6afa4691ae894a342ab61"}
{"index": {"_index":"luv","_id":"3724613"}}
	{"id":3724613,"type":"sell","buyer":"benbow2017","seller":"osomar357","symbol":"LUV","quantity":"1.00000000","price":"0.01600000","timestamp":1655605179,"volume":"0.01600000","buyTxId":"91a4607a0980cd75ba0cdc245188c6d00fd1de11","sellTxId":"b3d841996254c9595393bbcdf7d771bd6adf7bc4"}
{"index": {"_index":"luv","_id":"3725281"}}
	{"id":3725281,"type":"sell","buyer":"benbow2017","seller":"huginn","symbol":"LUV","quantity":"8.00000068","price":"0.01600000","timestamp":1655616498,"volume":"0.12800001","buyTxId":"91a4607a0980cd75ba0cdc245188c6d00fd1de11","sellTxId":"672674303e9c7713198c7b06f5b3f3a2b80def58"}
{"index": {"_index":"luv","_id":"3725703"}}
	{"id":3725703,"type":"sell","buyer":"benbow2017","seller":"hive-143869","symbol":"LUV","quantity":"1.00000000","price":"0.01790000","timestamp":1655623212,"volume":"0.01790000","buyTxId":"bcabe662a295c01e24add56869fbf97aa385a5b9","sellTxId":"e9c393093f6513e09c4cfe3d83b807273af4aee9"}
{"index": {"_index":"luv","_id":"3725782"}}
	{"id":3725782,"type":"sell","buyer":"benbow2017","seller":"entraide.rewards","symbol":"LUV","quantity":"1.00000000","price":"0.01790000","timestamp":1655623905,"volume":"0.01790000","buyTxId":"bcabe662a295c01e24add56869fbf97aa385a5b9","sellTxId":"873c6746c4fb5aacf131306756dda5746deae1e9"}
{"index": {"_index":"luv","_id":"3726518"}}
	{"id":3726518,"type":"sell","buyer":"benbow2017","seller":"laritheghost","symbol":"LUV","quantity":"0.77578014","price":"0.01790000","timestamp":1655633589,"volume":"0.01388646","buyTxId":"bcabe662a295c01e24add56869fbf97aa385a5b9","sellTxId":"8468bfa07831721d3665c82d28989fe7ea5feb03"}
{"index": {"_index":"luv","_id":"3726668"}}
	{"id":3726668,"type":"sell","buyer":"benbow2017","seller":"noblebright","symbol":"LUV","quantity":"10.00000000","price":"0.01790000","timestamp":1655634648,"volume":"0.17900000","buyTxId":"bcabe662a295c01e24add56869fbf97aa385a5b9","sellTxId":"87af3190d81c75472132b6b5a8cb9edea862e4ea"}
{"index": {"_index":"luv","_id":"3727928"}}
	{"id":3727928,"type":"buy","buyer":"benbow2017","seller":"sketchygamerguy","symbol":"LUV","quantity":"1.00000000","price":"0.02000000","timestamp":1655650224,"volume":"0.02000000","buyTxId":"278e4b08f9ff67d3ba83147c723ecec9a461cabd","sellTxId":"4e6ac5fcf4d3f8e561fa340dfc812973a9240fe3"}
{"index": {"_index":"luv","_id":"3728176"}}
	{"id":3728176,"type":"sell","buyer":"benbow2017","seller":"teamukraine","symbol":"LUV","quantity":"4.00000000","price":"0.02000000","timestamp":1655653257,"volume":"0.08000000","buyTxId":"278e4b08f9ff67d3ba83147c723ecec9a461cabd","sellTxId":"bdce9f4fa9938be8de86ac15882d970b64105f64"}
{"index": {"_index":"luv","_id":"3728675"}}
	{"id":3728675,"type":"sell","buyer":"benbow2017","seller":"bokica80","symbol":"LUV","quantity":"4.19356092","price":"0.02000000","timestamp":1655658087,"volume":"0.08387122","buyTxId":"278e4b08f9ff67d3ba83147c723ecec9a461cabd","sellTxId":"fc39829dca723a04578954801022471af2914edb"}
{"index": {"_index":"luv","_id":"3728859"}}
	{"id":3728859,"type":"sell","buyer":"benbow2017","seller":"gestion.alive","symbol":"LUV","quantity":"5.00000000","price":"0.02000000","timestamp":1655659368,"volume":"0.10000000","buyTxId":"278e4b08f9ff67d3ba83147c723ecec9a461cabd","sellTxId":"513167524084f1c8d413c11f77eadf2ca6c623e5"}
{"index": {"_index":"luv","_id":"3729350"}}
	{"id":3729350,"type":"sell","buyer":"benbow2017","seller":"danideuder","symbol":"LUV","quantity":"5.00002522","price":"0.02000000","timestamp":1655663931,"volume":"0.10000050","buyTxId":"278e4b08f9ff67d3ba83147c723ecec9a461cabd","sellTxId":"691af17282c247145a5aee24eee2bd3def7a9d80"}
{"index": {"_index":"luv","_id":"3730122"}}
	{"id":3730122,"type":"sell","buyer":"benbow2017","seller":"ydaiznfts","symbol":"LUV","quantity":"5.00000000","price":"0.02000000","timestamp":1655671965,"volume":"0.10000000","buyTxId":"278e4b08f9ff67d3ba83147c723ecec9a461cabd","sellTxId":"95c1e3ec1140626f68f285c092e03fc2fb7d4161"}
{"index": {"_index":"luv","_id":"3731111"}}
	{"id":3731111,"type":"sell","buyer":"benbow2017","seller":"operahoser","symbol":"LUV","quantity":"1.00000000","price":"0.02000000","timestamp":1655682696,"volume":"0.02000000","buyTxId":"278e4b08f9ff67d3ba83147c723ecec9a461cabd","sellTxId":"1df9a5a283b57fe734a1681c279ad0e46ef2086f"}
