{"index": {"_index":"luv","_id":"3656406"}}
	{"id":3656406,"type":"buy","buyer":"beststart","seller":"dksart","symbol":"LUV","quantity":"17.00000000","price":"0.01990000","timestamp":1654915983,"volume":"0.33830000","buyTxId":"5cedb5f7bf8876f390cdb7a9511fd3fe5079cec5","sellTxId":"0376282a260deb9780b00bb6689901c8cf7c2d37"}
{"index": {"_index":"luv","_id":"3656407"}}
	{"id":3656407,"type":"buy","buyer":"beststart","seller":"albiro2050","symbol":"LUV","quantity":"27.00000000","price":"0.02000000","timestamp":1654916022,"volume":"0.54000000","buyTxId":"b8958e9e3e6f64259f223d9a092b3f5883dd0f7f","sellTxId":"f79cfb227f611f2f0123973d70759eb931083964"}
{"index": {"_index":"luv","_id":"3656412"}}
	{"id":3656412,"type":"buy","buyer":"beststart","seller":"gaboamc2393","symbol":"LUV","quantity":"3.01419739","price":"0.02230000","timestamp":1654916103,"volume":"0.06721660","buyTxId":"62cd8898b644e02bb92f60f7e545813d55d35ac2","sellTxId":"8979a72c031ee6ff2d404f081e9a18f3b1258082"}
{"index": {"_index":"luv","_id":"3656413"}}
	{"id":3656413,"type":"buy","buyer":"beststart","seller":"onlydoge","symbol":"LUV","quantity":"26.36436861","price":"0.02289000","timestamp":1654916103,"volume":"0.60348040","buyTxId":"62cd8898b644e02bb92f60f7e545813d55d35ac2","sellTxId":"f8602852e08394f8c9524e5c5e65f026b043f75b"}
{"index": {"_index":"luv","_id":"3656420"}}
	{"id":3656420,"type":"buy","buyer":"beststart","seller":"onlydoge","symbol":"LUV","quantity":"3.01419750","price":"0.02289000","timestamp":1654916166,"volume":"0.06899498","buyTxId":"ccc74dcaf832421b7501004322d318359a0a311f","sellTxId":"f8602852e08394f8c9524e5c5e65f026b043f75b"}
{"index": {"_index":"luv","_id":"3656421"}}
	{"id":3656421,"type":"buy","buyer":"beststart","seller":"supriya.gupta","symbol":"LUV","quantity":"77.98580250","price":"0.02290000","timestamp":1654916166,"volume":"1.78587488","buyTxId":"ccc74dcaf832421b7501004322d318359a0a311f","sellTxId":"d02d36208a71fa975afaad9069317ddc22218025"}
{"index": {"_index":"luv","_id":"3656469"}}
	{"id":3656469,"type":"buy","buyer":"hafiz34","seller":"supriya.gupta","symbol":"LUV","quantity":"3.01419750","price":"0.02290000","timestamp":1654916808,"volume":"0.06902512","buyTxId":"dd359363ce19d3f5581d083375a791bbb727c20a","sellTxId":"d02d36208a71fa975afaad9069317ddc22218025"}
{"index": {"_index":"luv","_id":"3656969"}}
	{"id":3656969,"type":"sell","buyer":"hafiz34","seller":"relf87","symbol":"LUV","quantity":"17.00000000","price":"0.02290000","timestamp":1654923627,"volume":"0.38930000","buyTxId":"dd359363ce19d3f5581d083375a791bbb727c20a","sellTxId":"641c2a1cf7ff2be2a2c09e046878b58320e5ef58"}
{"index": {"_index":"luv","_id":"3657156"}}
	{"id":3657156,"type":"sell","buyer":"hafiz34","seller":"buezor","symbol":"LUV","quantity":"0.98580250","price":"0.02290000","timestamp":1654925499,"volume":"0.02257488","buyTxId":"dd359363ce19d3f5581d083375a791bbb727c20a","sellTxId":"1b248876bf81c1dc537024858c483e5c69dd9e32"}
{"index": {"_index":"luv","_id":"3657157"}}
	{"id":3657157,"type":"sell","buyer":"txracer","seller":"buezor","symbol":"LUV","quantity":"2.00000000","price":"0.01591100","timestamp":1654925499,"volume":"0.03182200","buyTxId":"3b44a7c7a260ca6d1699cd0e4492f4ffeb1e1880","sellTxId":"1b248876bf81c1dc537024858c483e5c69dd9e32"}
{"index": {"_index":"luv","_id":"3657158"}}
	{"id":3657158,"type":"sell","buyer":"onlydoge","seller":"buezor","symbol":"LUV","quantity":"51.00326595","price":"0.01591000","timestamp":1654925499,"volume":"0.81146196","buyTxId":"67b7c6ebb85de15d980d5de67c3bc289308f7480","sellTxId":"1b248876bf81c1dc537024858c483e5c69dd9e32"}
{"index": {"_index":"luv","_id":"3658359"}}
	{"id":3658359,"type":"sell","buyer":"onlydoge","seller":"jasperdick","symbol":"LUV","quantity":"1.00000000","price":"0.01591000","timestamp":1654938951,"volume":"0.01591000","buyTxId":"67b7c6ebb85de15d980d5de67c3bc289308f7480","sellTxId":"8d19208c59101ccf150b3f5ed24250efc5ff85ae"}
{"index": {"_index":"luv","_id":"3659207"}}
	{"id":3659207,"type":"buy","buyer":"buezor","seller":"onlydoge","symbol":"LUV","quantity":"3.27424518","price":"0.02439000","timestamp":1654948980,"volume":"0.07985884","buyTxId":"9439c218d864f79bfb1a5a4705b07e0beeeab2e5","sellTxId":"15446b9ce642eac060788de088452a43cf4e290a"}
{"index": {"_index":"luv","_id":"3659233"}}
	{"id":3659233,"type":"sell","buyer":"onlydoge","seller":"gestion.alive","symbol":"LUV","quantity":"12.00000000","price":"0.01591000","timestamp":1654949391,"volume":"0.19092000","buyTxId":"67b7c6ebb85de15d980d5de67c3bc289308f7480","sellTxId":"bfc8a887b553c8befa3a8cf791654c5b258b5238"}
{"index": {"_index":"luv","_id":"3659852"}}
	{"id":3659852,"type":"buy","buyer":"lordshah","seller":"onlydoge","symbol":"LUV","quantity":"5.00000000","price":"0.02439000","timestamp":1654957242,"volume":"0.12195000","buyTxId":"d33bbbfe33dad0bb63674efb14e70bb3c171e768","sellTxId":"15446b9ce642eac060788de088452a43cf4e290a"}
{"index": {"_index":"luv","_id":"3660781"}}
	{"id":3660781,"type":"sell","buyer":"onlydoge","seller":"phortun","symbol":"LUV","quantity":"1","price":"0.01591000","timestamp":1654964406,"volume":"0.01591000","buyTxId":"67b7c6ebb85de15d980d5de67c3bc289308f7480","sellTxId":"0617ecea8f44f07a367098888050453c94371ae9"}
{"index": {"_index":"luv","_id":"3662009"}}
	{"id":3662009,"type":"sell","buyer":"gaboamc2393","seller":"aliveprojects","symbol":"LUV","quantity":"4","price":"0.01600000","timestamp":1654978275,"volume":"0.06400000","buyTxId":"03be37f85f8375c1f5fe6de2c0ff55d80ffedbc3","sellTxId":"750f53641a16984cc24bf6c5b4d90259d8a6f3e4"}
{"index": {"_index":"luv","_id":"3662960"}}
	{"id":3662960,"type":"sell","buyer":"gaboamc2393","seller":"operahoser","symbol":"LUV","quantity":"1.00000000","price":"0.01600000","timestamp":1654989315,"volume":"0.01600000","buyTxId":"03be37f85f8375c1f5fe6de2c0ff55d80ffedbc3","sellTxId":"eb80ae3309bf469cb6e172bf35cef2a37e3d4a82"}
{"index": {"_index":"luv","_id":"3663133"}}
	{"id":3663133,"type":"sell","buyer":"gaboamc2393","seller":"forexbrokr","symbol":"LUV","quantity":"3.00000000","price":"0.01600000","timestamp":1654990818,"volume":"0.04800000","buyTxId":"03be37f85f8375c1f5fe6de2c0ff55d80ffedbc3","sellTxId":"b38b70511d7e3c7486a07ebde2d05adfabe3f68d"}
{"index": {"_index":"luv","_id":"3663294"}}
	{"id":3663294,"type":"sell","buyer":"gaboamc2393","seller":"steem82868","symbol":"LUV","quantity":"1.00000000","price":"0.01600000","timestamp":1654993413,"volume":"0.01600000","buyTxId":"03be37f85f8375c1f5fe6de2c0ff55d80ffedbc3","sellTxId":"761c28df855a5db16d51cf84b6930bb27c2b494d"}
{"index": {"_index":"luv","_id":"3663354"}}
	{"id":3663354,"type":"sell","buyer":"gaboamc2393","seller":"flaxz","symbol":"LUV","quantity":"19","price":"0.01600000","timestamp":1654993851,"volume":"0.30400000","buyTxId":"03be37f85f8375c1f5fe6de2c0ff55d80ffedbc3","sellTxId":"06c75152df8f0401dd26d3abaa3b29febab0bf47"}
{"index": {"_index":"luv","_id":"3664475"}}
	{"id":3664475,"type":"sell","buyer":"gaboamc2393","seller":"xplosive","symbol":"LUV","quantity":"5.00000000","price":"0.01600000","timestamp":1655001975,"volume":"0.08000000","buyTxId":"03be37f85f8375c1f5fe6de2c0ff55d80ffedbc3","sellTxId":"71be8d23fc245c5dd671188afe96f035939ebcaa"}
