{"index": {"_index":"luv","_id":"4013828"}}
	{"id":4013828,"type":"sell","buyer":"yonnathang","seller":"pousinha","symbol":"LUV","quantity":"1","price":"0.00981102","timestamp":1659053631,"volume":"0.00981102","buyTxId":"4ec992abe3b98cdf4938e18c2e0986cef67bdea2","sellTxId":"678f04514fb4d545951fed6dcaecf9f33cdb0994"}
{"index": {"_index":"luv","_id":"4015578"}}
	{"id":4015578,"type":"sell","buyer":"amaari","seller":"tydynrain","symbol":"LUV","quantity":"1.00000000","price":"0.00981103","timestamp":1659078612,"volume":"0.00981103","buyTxId":"6797fd1a0a947398f9f841910774974369036b5c","sellTxId":"2b02641c7f4de0408fcc1cd9bea8c7017743b749"}
{"index": {"_index":"luv","_id":"4015798"}}
	{"id":4015798,"type":"sell","buyer":"amaari","seller":"dswap","symbol":"LUV","quantity":"1","price":"0.00981103","timestamp":1659082248,"volume":"0.00981103","buyTxId":"6797fd1a0a947398f9f841910774974369036b5c","sellTxId":"5f038cb123a39b5a5198c9e25eaea042bbd2627a"}
{"index": {"_index":"luv","_id":"4016014"}}
	{"id":4016014,"type":"sell","buyer":"amaari","seller":"metronet","symbol":"LUV","quantity":"1.00000000","price":"0.00981103","timestamp":1659085131,"volume":"0.00981103","buyTxId":"6797fd1a0a947398f9f841910774974369036b5c","sellTxId":"7847b4f8c27887400e5f36762ede70ff806a7c0a"}
{"index": {"_index":"luv","_id":"4016063"}}
	{"id":4016063,"type":"sell","buyer":"amaari","seller":"lxsxl","symbol":"LUV","quantity":"20.00000000","price":"0.00981103","timestamp":1659085893,"volume":"0.19622060","buyTxId":"6797fd1a0a947398f9f841910774974369036b5c","sellTxId":"b96e6ff2846ec6e4234918fedef1d44e0d6514e4"}
{"index": {"_index":"luv","_id":"4016477"}}
	{"id":4016477,"type":"sell","buyer":"yonnathang","seller":"quotidien","symbol":"LUV","quantity":"11.00000000","price":"0.00981102","timestamp":1659090099,"volume":"0.10792122","buyTxId":"4ec992abe3b98cdf4938e18c2e0986cef67bdea2","sellTxId":"5a62c851e33365868a08a0e69ab9180395839c2d"}
{"index": {"_index":"luv","_id":"4016862"}}
	{"id":4016862,"type":"sell","buyer":"yonnathang","seller":"hankanon","symbol":"LUV","quantity":"2.00000000","price":"0.00981102","timestamp":1659095640,"volume":"0.01962204","buyTxId":"4ec992abe3b98cdf4938e18c2e0986cef67bdea2","sellTxId":"134fcb52c4ab0b4faf2f08a45aaa7621e40851e9"}
{"index": {"_index":"luv","_id":"4017005"}}
	{"id":4017005,"type":"buy","buyer":"amaari","seller":"lxsxl","symbol":"LUV","quantity":"2.00054923","price":"0.00981103","timestamp":1659097158,"volume":"0.01962745","buyTxId":"812f28ce4f78fc704df164dbcaaec838f789067a","sellTxId":"b96e6ff2846ec6e4234918fedef1d44e0d6514e4"}
{"index": {"_index":"luv","_id":"4017157"}}
	{"id":4017157,"type":"sell","buyer":"yonnathang","seller":"mushanov","symbol":"LUV","quantity":"391.94748573","price":"0.00981102","timestamp":1659099441,"volume":"3.84540462","buyTxId":"4ec992abe3b98cdf4938e18c2e0986cef67bdea2","sellTxId":"64d29930debdbb1ad8c2a90870f66a1898cfd093"}
{"index": {"_index":"luv","_id":"4017158"}}
	{"id":4017158,"type":"sell","buyer":"metzli","seller":"mushanov","symbol":"LUV","quantity":"9.00000000","price":"0.00980000","timestamp":1659099441,"volume":"0.08820000","buyTxId":"4fa1baaad3a0fc27638e5fa4a269db4bdeefe041","sellTxId":"64d29930debdbb1ad8c2a90870f66a1898cfd093"}
{"index": {"_index":"luv","_id":"4017159"}}
	{"id":4017159,"type":"sell","buyer":"metzli","seller":"mushanov","symbol":"LUV","quantity":"10.00000000","price":"0.00970000","timestamp":1659099441,"volume":"0.09700000","buyTxId":"5f77ec9c5fbc65ba24e10fd54e9502647ccf5119","sellTxId":"64d29930debdbb1ad8c2a90870f66a1898cfd093"}
{"index": {"_index":"luv","_id":"4017160"}}
	{"id":4017160,"type":"sell","buyer":"crazyphantombr","seller":"mushanov","symbol":"LUV","quantity":"30.00000000","price":"0.00962099","timestamp":1659099441,"volume":"0.28862970","buyTxId":"a940d64f0bfa94024979c56f7c6f19beb8a0ca4d","sellTxId":"64d29930debdbb1ad8c2a90870f66a1898cfd093"}
{"index": {"_index":"luv","_id":"4017161"}}
	{"id":4017161,"type":"sell","buyer":"ahmadmanga","seller":"mushanov","symbol":"LUV","quantity":"198.05251427","price":"0.00959999","timestamp":1659099441,"volume":"1.90130216","buyTxId":"e713a4e0e1eac98caba165b899db7f22f3f9e0ef","sellTxId":"64d29930debdbb1ad8c2a90870f66a1898cfd093"}
{"index": {"_index":"luv","_id":"4018867"}}
	{"id":4018867,"type":"buy","buyer":"johannpiber","seller":"amaari","symbol":"LUV","quantity":"0.15117537","price":"0.00999999","timestamp":1659113163,"volume":"0.00151175","buyTxId":"4589311bbcd53ed87737c8a9ecd1ef80bb72999d","sellTxId":"cf389073a41f1540cc3479cdd2d468e93114a043"}
{"index": {"_index":"luv","_id":"4018868"}}
	{"id":4018868,"type":"buy","buyer":"johannpiber","seller":"amaari","symbol":"LUV","quantity":"0.00054922","price":"0.00999999","timestamp":1659113163,"volume":"0.00000549","buyTxId":"4589311bbcd53ed87737c8a9ecd1ef80bb72999d","sellTxId":"c30813945bb352312003e46fb14196a114f241ff"}
{"index": {"_index":"luv","_id":"4018876"}}
	{"id":4018876,"type":"buy","buyer":"johannpiber","seller":"vasilev89","symbol":"LUV","quantity":"300.00000000","price":"0.01000000","timestamp":1659113202,"volume":"3.00000000","buyTxId":"1ca23f54dad3e24fb14d11c9a241718aac51a675","sellTxId":"a39da9cf82ecadcac67adb2fc2f562d8a681a2ac"}
{"index": {"_index":"luv","_id":"4019843"}}
	{"id":4019843,"type":"sell","buyer":"amaari","seller":"lisamgentile1961","symbol":"LUV","quantity":"0.99999999","price":"0.00960001","timestamp":1659123102,"volume":"0.00960001","buyTxId":"d7b72104962b38122850cb6d0eb655cf10f28bac","sellTxId":"596dd10c45d8cdb1eb4383fe3e2da56fa6cb36d3"}
{"index": {"_index":"luv","_id":"4020160"}}
	{"id":4020160,"type":"sell","buyer":"ahmadmanga","seller":"entrepidus","symbol":"LUV","quantity":"3.00000000","price":"0.00959999","timestamp":1659126261,"volume":"0.02879997","buyTxId":"e713a4e0e1eac98caba165b899db7f22f3f9e0ef","sellTxId":"137d7cadee6d79fcca46174cc7a4c7e58afaa3fc"}
{"index": {"_index":"luv","_id":"4020508"}}
	{"id":4020508,"type":"buy","buyer":"hive-189742","seller":"vasilev89","symbol":"LUV","quantity":"0.05288890","price":"0.01000000","timestamp":1659131139,"volume":"0.00052889","buyTxId":"701c650095725da8e075548570b8502b872c30ac","sellTxId":"a39da9cf82ecadcac67adb2fc2f562d8a681a2ac"}
{"index": {"_index":"luv","_id":"4020935"}}
	{"id":4020935,"type":"sell","buyer":"ahmadmanga","seller":"aliveandthriving","symbol":"LUV","quantity":"3","price":"0.00959999","timestamp":1659136377,"volume":"0.02879997","buyTxId":"e713a4e0e1eac98caba165b899db7f22f3f9e0ef","sellTxId":"48a3619a29bd01f0e19961c5a5198eb6e35bd13a"}
