{"index": {"_index":"luv","_id":"3342971"}}
	{"id":3342971,"type":"sell","buyer":"steem82868","seller":"roger.remix","symbol":"LUV","quantity":"30.00000000","price":"0.01680000","timestamp":1651634118,"volume":"0.50400000","buyTxId":"f693ac909005d2cd4d5e41a2a0f4afee6b4d2dc6","sellTxId":"e9c4271d482b3a0b9d556407700cbcad3e3a8713"}
{"index": {"_index":"luv","_id":"3343043"}}
	{"id":3343043,"type":"buy","buyer":"brianhuang","seller":"roger.remix","symbol":"LUV","quantity":"2.00000000","price":"0.01680000","timestamp":1651634901,"volume":"0.03360000","buyTxId":"76d6541e5a93e64eedc21ff19cc3e9ed04703053","sellTxId":"e9c4271d482b3a0b9d556407700cbcad3e3a8713"}
{"index": {"_index":"luv","_id":"3343172"}}
	{"id":3343172,"type":"sell","buyer":"roger.remix","seller":"dswap","symbol":"LUV","quantity":"2","price":"0.01501500","timestamp":1651636395,"volume":"0.03003000","buyTxId":"6fd1c0e8cf125062752ab45b9d6e2a8f0412f53a","sellTxId":"16072ab6c09a8aa2d8a603117d41b97e2bd6c506"}
{"index": {"_index":"luv","_id":"3343393"}}
	{"id":3343393,"type":"sell","buyer":"roger.remix","seller":"artmedina","symbol":"LUV","quantity":"1.00000000","price":"0.01501500","timestamp":1651638993,"volume":"0.01501500","buyTxId":"6fd1c0e8cf125062752ab45b9d6e2a8f0412f53a","sellTxId":"5a7d47c321e9b1892080f8ece65197c2321eb1b6"}
{"index": {"_index":"luv","_id":"3344078"}}
	{"id":3344078,"type":"sell","buyer":"brianhuang","seller":"gamichelle","symbol":"LUV","quantity":"1.00000000","price":"0.01501501","timestamp":1651645131,"volume":"0.01501501","buyTxId":"9a2d21474796bc5809b0098541e8fbb57e769ed8","sellTxId":"fdca0a66b83f214395f5e8cbea7f6a241637e648"}
{"index": {"_index":"luv","_id":"3345050"}}
	{"id":3345050,"type":"sell","buyer":"brianhuang","seller":"phortun","symbol":"LUV","quantity":"2","price":"0.01501501","timestamp":1651656846,"volume":"0.03003002","buyTxId":"9a2d21474796bc5809b0098541e8fbb57e769ed8","sellTxId":"e3238680cf6eb3e9fe665e1ab8979004f1160ccb"}
{"index": {"_index":"luv","_id":"3345303"}}
	{"id":3345303,"type":"sell","buyer":"brianhuang","seller":"xplosive","symbol":"LUV","quantity":"1.00000000","price":"0.01501501","timestamp":1651659219,"volume":"0.01501501","buyTxId":"9a2d21474796bc5809b0098541e8fbb57e769ed8","sellTxId":"f72d892ffc06f42c4b93a742d64adcacadb45d91"}
{"index": {"_index":"luv","_id":"3346707"}}
	{"id":3346707,"type":"sell","buyer":"brianhuang","seller":"magnacarta","symbol":"LUV","quantity":"0.004","price":"0.01501501","timestamp":1651676580,"volume":"0.00006006","buyTxId":"9a2d21474796bc5809b0098541e8fbb57e769ed8","sellTxId":"21be1340e9577a65cb2f70fe9fbea7d13c6b92ae"}
{"index": {"_index":"luv","_id":"3347401"}}
	{"id":3347401,"type":"sell","buyer":"brianhuang","seller":"kevm","symbol":"LUV","quantity":"3","price":"0.01600000","timestamp":1651683471,"volume":"0.04800000","buyTxId":"2569e348d635ce9a45f2f9dc4cc1333cb074a40c","sellTxId":"0ca597a6f786816e7afe1aadfaf98fb5335ba2fb"}
{"index": {"_index":"luv","_id":"3349342"}}
	{"id":3349342,"type":"sell","buyer":"brianhuang","seller":"cursephantom","symbol":"LUV","quantity":"1.00000000","price":"0.01600000","timestamp":1651702197,"volume":"0.01600000","buyTxId":"83cda251ff112fd7cc967d09a3d2ee9b729a2262","sellTxId":"4c76304ff9bde8140d33573251be3a5da55cedc5"}
{"index": {"_index":"luv","_id":"3349530"}}
	{"id":3349530,"type":"sell","buyer":"brianhuang","seller":"jesustiano","symbol":"LUV","quantity":"2.00000000","price":"0.01600000","timestamp":1651703907,"volume":"0.03200000","buyTxId":"83cda251ff112fd7cc967d09a3d2ee9b729a2262","sellTxId":"f9b78281fbab5183d0d91836fa8940da643ac4ee"}
{"index": {"_index":"luv","_id":"3349547"}}
	{"id":3349547,"type":"buy","buyer":"edgerik","seller":"maggotmilk","symbol":"LUV","quantity":"3.00000000","price":"0.02747996","timestamp":1651704069,"volume":"0.08243988","buyTxId":"8ec115a990d51f6d21912c7dde03896bc60779c7","sellTxId":"cc949fe75abeb19525ad5985980cf653cd24de5d"}
{"index": {"_index":"luv","_id":"3349570"}}
	{"id":3349570,"type":"sell","buyer":"brianhuang","seller":"sidekickmatt","symbol":"LUV","quantity":"2.00000000","price":"0.01600000","timestamp":1651704141,"volume":"0.03200000","buyTxId":"83cda251ff112fd7cc967d09a3d2ee9b729a2262","sellTxId":"4d0eb343299e04fe1fd17d0fd48f3c991a1ece48"}
{"index": {"_index":"luv","_id":"3350224"}}
	{"id":3350224,"type":"buy","buyer":"hivebuildercomps","seller":"maggotmilk","symbol":"LUV","quantity":"6.00000000","price":"0.02747996","timestamp":1651710531,"volume":"0.16487976","buyTxId":"e33bc74db3f6ff8c85335de8809220958824bd81","sellTxId":"cc949fe75abeb19525ad5985980cf653cd24de5d"}
{"index": {"_index":"luv","_id":"3350336"}}
	{"id":3350336,"type":"sell","buyer":"brianhuang","seller":"dswap","symbol":"LUV","quantity":"11","price":"0.01600000","timestamp":1651711755,"volume":"0.17600000","buyTxId":"83cda251ff112fd7cc967d09a3d2ee9b729a2262","sellTxId":"dd00b5d892185d5fd3b954246461d044f9390bb6"}
