{"index": {"_index":"luv","_id":"3482101"}}
	{"id":3482101,"type":"sell","buyer":"brianhuang","seller":"boycharlieplays","symbol":"LUV","quantity":"2.00000000","price":"0.01771000","timestamp":1653093183,"volume":"0.03542000","buyTxId":"74dbccde2e1c79b20d43a601727e5b1438797156","sellTxId":"3d49b2ea79b15181a09ddb4ea9df5b06ffd988ff"}
{"index": {"_index":"luv","_id":"3482408"}}
	{"id":3482408,"type":"sell","buyer":"brianhuang","seller":"jndwquy","symbol":"LUV","quantity":"10.00000000","price":"0.01771000","timestamp":1653096972,"volume":"0.17710000","buyTxId":"74dbccde2e1c79b20d43a601727e5b1438797156","sellTxId":"0bd1e28a494a38f74c8f2b44b2b4d3d1034653b6"}
{"index": {"_index":"luv","_id":"3482429"}}
	{"id":3482429,"type":"sell","buyer":"brianhuang","seller":"pkhwug","symbol":"LUV","quantity":"10.91633321","price":"0.01771000","timestamp":1653097188,"volume":"0.19332826","buyTxId":"74dbccde2e1c79b20d43a601727e5b1438797156","sellTxId":"f8ce2500d483ab7163a3883b4757e326facda619"}
{"index": {"_index":"luv","_id":"3482446"}}
	{"id":3482446,"type":"sell","buyer":"brianhuang","seller":"tkrbryt","symbol":"LUV","quantity":"1.00000000","price":"0.01771000","timestamp":1653097446,"volume":"0.01771000","buyTxId":"74dbccde2e1c79b20d43a601727e5b1438797156","sellTxId":"0821e778c74506bbda5e7cad19322fe01e9d9b0f"}
{"index": {"_index":"luv","_id":"3483282"}}
	{"id":3483282,"type":"sell","buyer":"brianhuang","seller":"itharagaian","symbol":"LUV","quantity":"2.00000000","price":"0.01771000","timestamp":1653109581,"volume":"0.03542000","buyTxId":"74dbccde2e1c79b20d43a601727e5b1438797156","sellTxId":"9fedc5cc2a0b237e38ec90772742a065cefd2944"}
{"index": {"_index":"luv","_id":"3483719"}}
	{"id":3483719,"type":"sell","buyer":"brianhuang","seller":"cursephantom","symbol":"LUV","quantity":"3.00000000","price":"0.01771000","timestamp":1653115338,"volume":"0.05313000","buyTxId":"74dbccde2e1c79b20d43a601727e5b1438797156","sellTxId":"7eec2a0124b953dc74bd36c53a88481a969e749f"}
{"index": {"_index":"luv","_id":"3484385"}}
	{"id":3484385,"type":"sell","buyer":"brianhuang","seller":"hive-143869","symbol":"LUV","quantity":"2.00000000","price":"0.01771000","timestamp":1653123828,"volume":"0.03542000","buyTxId":"74dbccde2e1c79b20d43a601727e5b1438797156","sellTxId":"6b238f38c429501714198e4c07601a6849345193"}
{"index": {"_index":"luv","_id":"3484452"}}
	{"id":3484452,"type":"sell","buyer":"brianhuang","seller":"pjansen","symbol":"LUV","quantity":"1","price":"0.01771000","timestamp":1653124896,"volume":"0.01771000","buyTxId":"74dbccde2e1c79b20d43a601727e5b1438797156","sellTxId":"5b2cf357ca95c5167d4b8a00fd2cba84a2ea5eaa"}
{"index": {"_index":"luv","_id":"3484548"}}
	{"id":3484548,"type":"sell","buyer":"brianhuang","seller":"pompe72","symbol":"LUV","quantity":"0.00003245","price":"0.01771000","timestamp":1653126141,"volume":"0.00000057","buyTxId":"74dbccde2e1c79b20d43a601727e5b1438797156","sellTxId":"653af94bc5a9c4538fffc1217a6d60c8bca149ba"}
{"index": {"_index":"luv","_id":"3484890"}}
	{"id":3484890,"type":"sell","buyer":"brianhuang","seller":"assassyn","symbol":"LUV","quantity":"1","price":"0.01771000","timestamp":1653130134,"volume":"0.01771000","buyTxId":"74dbccde2e1c79b20d43a601727e5b1438797156","sellTxId":"ea11c614237c93296df4d41416f8f98afcec9eea"}
{"index": {"_index":"luv","_id":"3484909"}}
	{"id":3484909,"type":"sell","buyer":"brianhuang","seller":"lammbock","symbol":"LUV","quantity":"1.03521702","price":"0.01771000","timestamp":1653130254,"volume":"0.01833369","buyTxId":"74dbccde2e1c79b20d43a601727e5b1438797156","sellTxId":"fec5dd9cfb61ca808ffc05911b572142cb64de12"}
{"index": {"_index":"luv","_id":"3485226"}}
	{"id":3485226,"type":"sell","buyer":"brianhuang","seller":"aliveprojects","symbol":"LUV","quantity":"4","price":"0.01771000","timestamp":1653135279,"volume":"0.07084000","buyTxId":"74dbccde2e1c79b20d43a601727e5b1438797156","sellTxId":"bd73d3f11185def9f8391c42c11ad46a02328148"}
{"index": {"_index":"luv","_id":"3485567"}}
	{"id":3485567,"type":"sell","buyer":"brianhuang","seller":"flaxz","symbol":"LUV","quantity":"7.38256194","price":"0.01771000","timestamp":1653138723,"volume":"0.13074517","buyTxId":"74dbccde2e1c79b20d43a601727e5b1438797156","sellTxId":"45fcbb117b6f33a3aeb1a2b0d207f4b26c2be0d9"}
{"index": {"_index":"luv","_id":"3485568"}}
	{"id":3485568,"type":"sell","buyer":"pirulito.zoado","seller":"flaxz","symbol":"LUV","quantity":"8.00000000","price":"0.01771000","timestamp":1653138723,"volume":"0.14168000","buyTxId":"5e31a0d22d103c05527cfbdfa53e2b1e3bd4706b","sellTxId":"45fcbb117b6f33a3aeb1a2b0d207f4b26c2be0d9"}
{"index": {"_index":"luv","_id":"3485569"}}
	{"id":3485569,"type":"sell","buyer":"gaboamc2393","seller":"flaxz","symbol":"LUV","quantity":"14.61743806","price":"0.01770000","timestamp":1653138723,"volume":"0.25872865","buyTxId":"b4ac4eff9f2f486f85b49f71c0e8f993bf233eb2","sellTxId":"45fcbb117b6f33a3aeb1a2b0d207f4b26c2be0d9"}
{"index": {"_index":"luv","_id":"3487257"}}
	{"id":3487257,"type":"buy","buyer":"hafiz34","seller":"sidekickmatt","symbol":"LUV","quantity":"5.00000000","price":"0.03000000","timestamp":1653156405,"volume":"0.15000000","buyTxId":"1cacd5a58f3c32e5fb1fbdaf410050e5e1fa5467","sellTxId":"d00ae646f5b8fe066ab1de364c771e48d249792f"}
{"index": {"_index":"luv","_id":"3487258"}}
	{"id":3487258,"type":"buy","buyer":"hafiz34","seller":"schiba","symbol":"LUV","quantity":"1.00000000","price":"0.03000000","timestamp":1653156405,"volume":"0.03000000","buyTxId":"1cacd5a58f3c32e5fb1fbdaf410050e5e1fa5467","sellTxId":"7841b31c3123e7344f11d83e61e3d885c9183f06"}
{"index": {"_index":"luv","_id":"3487491"}}
	{"id":3487491,"type":"sell","buyer":"gaboamc2393","seller":"kevm","symbol":"LUV","quantity":"4","price":"0.01770000","timestamp":1653158157,"volume":"0.07080000","buyTxId":"b4ac4eff9f2f486f85b49f71c0e8f993bf233eb2","sellTxId":"0950762898537b21924059885f998d036460e850"}
{"index": {"_index":"luv","_id":"3487537"}}
	{"id":3487537,"type":"sell","buyer":"gaboamc2393","seller":"pjansen","symbol":"LUV","quantity":"1","price":"0.01770000","timestamp":1653158760,"volume":"0.01770000","buyTxId":"b4ac4eff9f2f486f85b49f71c0e8f993bf233eb2","sellTxId":"c175a2934d6637f1ceb7fb386139aa5ffcda70e6"}
{"index": {"_index":"luv","_id":"3488754"}}
	{"id":3488754,"type":"buy","buyer":"crazyphantombr","seller":"onlydoge","symbol":"LUV","quantity":"7.00000000","price":"0.03219000","timestamp":1653169182,"volume":"0.22533000","buyTxId":"7ff0b7b2bff957f1e4c98edb8336e4f0777eb142","sellTxId":"bfec9718f2aa72314e13bff73d392c059ed708c3"}
{"index": {"_index":"luv","_id":"3489019"}}
	{"id":3489019,"type":"sell","buyer":"gaboamc2393","seller":"liuke96player","symbol":"LUV","quantity":"10.00000000","price":"0.01770000","timestamp":1653171969,"volume":"0.17700000","buyTxId":"b4ac4eff9f2f486f85b49f71c0e8f993bf233eb2","sellTxId":"79169cfa64271032569b2e24ba022cf4064d5763"}
