{"index": {"_index":"luv","_id":"3355247"}}
	{"id":3355247,"type":"buy","buyer":"giono","seller":"bastionpm","symbol":"LUV","quantity":"0.00000032","price":"0.01600000","timestamp":1651768743,"volume":"0.00000001","buyTxId":"b0879e54c5374b62af41e920d50ac88d442b1b4f","sellTxId":"b436222200dc801e105b0ca531385ad98c289123"}
{"index": {"_index":"luv","_id":"3355248"}}
	{"id":3355248,"type":"buy","buyer":"giono","seller":"dksart","symbol":"LUV","quantity":"0.01254968","price":"0.02580000","timestamp":1651768743,"volume":"0.00032378","buyTxId":"b0879e54c5374b62af41e920d50ac88d442b1b4f","sellTxId":"b09c260c7f986fbc560c617e8971f9cf581afaac"}
{"index": {"_index":"luv","_id":"3357027"}}
	{"id":3357027,"type":"sell","buyer":"steem82868","seller":"nai93","symbol":"LUV","quantity":"2.00000000","price":"0.01528000","timestamp":1651784559,"volume":"0.03056000","buyTxId":"877c0c3570f680fe25bdd6c54da7ee5433f00778","sellTxId":"73c479b9a5283f02fabba27557b5a97eb18a31c0"}
{"index": {"_index":"luv","_id":"3357929"}}
	{"id":3357929,"type":"sell","buyer":"steem82868","seller":"isnochys","symbol":"LUV","quantity":"0.01107464","price":"0.01528000","timestamp":1651793673,"volume":"0.00016922","buyTxId":"877c0c3570f680fe25bdd6c54da7ee5433f00778","sellTxId":"5e8064536461a1f74424563245d0cc83b95c2924"}
{"index": {"_index":"luv","_id":"3357973"}}
	{"id":3357973,"type":"sell","buyer":"steem82868","seller":"andy4475","symbol":"LUV","quantity":"24.00000000","price":"0.01528000","timestamp":1651794213,"volume":"0.36672000","buyTxId":"877c0c3570f680fe25bdd6c54da7ee5433f00778","sellTxId":"a00236bac3e2a2b5e8e2f084eb924adcc2b43910"}
{"index": {"_index":"luv","_id":"3358534"}}
	{"id":3358534,"type":"sell","buyer":"steem82868","seller":"dswap","symbol":"LUV","quantity":"2","price":"0.01528000","timestamp":1651800948,"volume":"0.03056000","buyTxId":"877c0c3570f680fe25bdd6c54da7ee5433f00778","sellTxId":"5a46e9554be7570a26aeb1903f6417a47fd5e849"}
{"index": {"_index":"luv","_id":"3358769"}}
	{"id":3358769,"type":"buy","buyer":"ianmcg","seller":"kheldar1982","symbol":"LUV","quantity":"5.00000000","price":"0.02400000","timestamp":1651803573,"volume":"0.12000000","buyTxId":"07e324b9cff5386ece24e994b533be34c6fe37ce","sellTxId":"031e0a87875b767721f932852c593ffcbe460ac1"}
{"index": {"_index":"luv","_id":"3358772"}}
	{"id":3358772,"type":"buy","buyer":"ianmcg","seller":"eddiespino","symbol":"LUV","quantity":"4.99998721","price":"0.02500000","timestamp":1651803621,"volume":"0.12499968","buyTxId":"4ccc4b773cb5bd6923a4e6be392e97859127c83d","sellTxId":"c07e3c778e2757e34754997ff52eea2bdc237605"}
{"index": {"_index":"luv","_id":"3358915"}}
	{"id":3358915,"type":"sell","buyer":"steem82868","seller":"xplosive","symbol":"LUV","quantity":"1.00000000","price":"0.01528000","timestamp":1651805262,"volume":"0.01528000","buyTxId":"877c0c3570f680fe25bdd6c54da7ee5433f00778","sellTxId":"b237242fa90394c9b525812ad41202d6574d4a29"}
{"index": {"_index":"luv","_id":"3359374"}}
	{"id":3359374,"type":"sell","buyer":"steem82868","seller":"gestion.alive","symbol":"LUV","quantity":"15.00000000","price":"0.01528000","timestamp":1651812336,"volume":"0.22920000","buyTxId":"877c0c3570f680fe25bdd6c54da7ee5433f00778","sellTxId":"1a1e580b17d73ed17fd17c7e612706b1c5c6a176"}
{"index": {"_index":"luv","_id":"3359626"}}
	{"id":3359626,"type":"sell","buyer":"steem82868","seller":"pablodare","symbol":"LUV","quantity":"0.98892536","price":"0.01528000","timestamp":1651816353,"volume":"0.01511078","buyTxId":"877c0c3570f680fe25bdd6c54da7ee5433f00778","sellTxId":"e4196587c400b2a730711fbf1891c3abc59c604f"}
{"index": {"_index":"luv","_id":"3360422"}}
	{"id":3360422,"type":"sell","buyer":"steem82868","seller":"chekohler","symbol":"LUV","quantity":"1.00013545","price":"0.01506800","timestamp":1651827648,"volume":"0.01507004","buyTxId":"3ddffde25d68cb63008717d537409f18a8e2158e","sellTxId":"6fe7c24e0f1c5e117cb14f2dcef85e8afb55d489"}
{"index": {"_index":"luv","_id":"3361079"}}
	{"id":3361079,"type":"sell","buyer":"steem82868","seller":"hive-143869","symbol":"LUV","quantity":"2.00000000","price":"0.01506800","timestamp":1651834866,"volume":"0.03013600","buyTxId":"3ddffde25d68cb63008717d537409f18a8e2158e","sellTxId":"c5608b79d37e733282ffefd911b0578c74efe762"}
{"index": {"_index":"luv","_id":"3362092"}}
	{"id":3362092,"type":"sell","buyer":"steem82868","seller":"apocalypticblast","symbol":"LUV","quantity":"11.00000000","price":"0.01506800","timestamp":1651847169,"volume":"0.16574800","buyTxId":"3ddffde25d68cb63008717d537409f18a8e2158e","sellTxId":"f455432ca4160707d1eddfb1a16062aea9d898df"}
{"index": {"_index":"luv","_id":"3362574"}}
	{"id":3362574,"type":"sell","buyer":"yintercept","seller":"trliste","symbol":"LUV","quantity":"3.00000000","price":"0.01510000","timestamp":1651852659,"volume":"0.04530000","buyTxId":"dde294cd41d1a9d2f7730a7b0be392c9b5ccaf28","sellTxId":"4fb69bb8fd441c3bae1e90857a34e40c8c8888da"}
{"index": {"_index":"luv","_id":"3362671"}}
	{"id":3362671,"type":"buy","buyer":"baangwelu","seller":"exator","symbol":"LUV","quantity":"1.00000000","price":"0.02480000","timestamp":1651854084,"volume":"0.02480000","buyTxId":"d611bd7b043195fa7c43495695186406d375036c","sellTxId":"d3570e4fec8411f510f4bc08e0548a40e3223fb6"}
{"index": {"_index":"luv","_id":"3362672"}}
	{"id":3362672,"type":"buy","buyer":"baangwelu","seller":"yintercept","symbol":"LUV","quantity":"9.00000000","price":"0.02490000","timestamp":1651854084,"volume":"0.22410000","buyTxId":"d611bd7b043195fa7c43495695186406d375036c","sellTxId":"f7729ea291a3def53be65cd8e55f213e52c952d8"}
