{"index": {"_index":"luv","_id":"3999319"}}
	{"id":3999319,"type":"sell","buyer":"yonnathang","seller":"osomar357","symbol":"LUV","quantity":"5.00000000","price":"0.00981102","timestamp":1658889513,"volume":"0.04905510","buyTxId":"4ec992abe3b98cdf4938e18c2e0986cef67bdea2","sellTxId":"db1a690a9e1b2aec6512cb1de543bd3d174fc82a"}
{"index": {"_index":"luv","_id":"3999684"}}
	{"id":3999684,"type":"sell","buyer":"yonnathang","seller":"pousinha","symbol":"LUV","quantity":"2","price":"0.00981102","timestamp":1658894850,"volume":"0.01962204","buyTxId":"4ec992abe3b98cdf4938e18c2e0986cef67bdea2","sellTxId":"70053e7f5068f0509906933a51bd46ab89cbf1c2"}
{"index": {"_index":"luv","_id":"4000063"}}
	{"id":4000063,"type":"sell","buyer":"yonnathang","seller":"cadama","symbol":"LUV","quantity":"1.00000000","price":"0.00981102","timestamp":1658901648,"volume":"0.00981102","buyTxId":"4ec992abe3b98cdf4938e18c2e0986cef67bdea2","sellTxId":"0739083e57428d2d83850fd979d83012481655eb"}
{"index": {"_index":"luv","_id":"4000360"}}
	{"id":4000360,"type":"sell","buyer":"yonnathang","seller":"dswap","symbol":"LUV","quantity":"2","price":"0.00981102","timestamp":1658905947,"volume":"0.01962204","buyTxId":"4ec992abe3b98cdf4938e18c2e0986cef67bdea2","sellTxId":"67932bd525433a60f7d89eeede1d221b9b1c98c9"}
{"index": {"_index":"luv","_id":"4000485"}}
	{"id":4000485,"type":"sell","buyer":"yonnathang","seller":"starmangk","symbol":"LUV","quantity":"5.00000000","price":"0.00981102","timestamp":1658908257,"volume":"0.04905510","buyTxId":"4ec992abe3b98cdf4938e18c2e0986cef67bdea2","sellTxId":"ce124b0a2f9c442205c5b79913965b6615e578e0"}
{"index": {"_index":"luv","_id":"4000750"}}
	{"id":4000750,"type":"sell","buyer":"yonnathang","seller":"hive-143869","symbol":"LUV","quantity":"3.00000000","price":"0.00981102","timestamp":1658911773,"volume":"0.02943306","buyTxId":"4ec992abe3b98cdf4938e18c2e0986cef67bdea2","sellTxId":"8bb50fef9c52124fd482e86f491fe1fcfe89024e"}
{"index": {"_index":"luv","_id":"4000999"}}
	{"id":4000999,"type":"sell","buyer":"yonnathang","seller":"dswap","symbol":"LUV","quantity":"11","price":"0.00981102","timestamp":1658914746,"volume":"0.10792122","buyTxId":"4ec992abe3b98cdf4938e18c2e0986cef67bdea2","sellTxId":"22bb80efb8411c088575ae850823cd122cff96ef"}
{"index": {"_index":"luv","_id":"4001846"}}
	{"id":4001846,"type":"sell","buyer":"yonnathang","seller":"onw","symbol":"LUV","quantity":"1.00000000","price":"0.00981102","timestamp":1658925801,"volume":"0.00981102","buyTxId":"4ec992abe3b98cdf4938e18c2e0986cef67bdea2","sellTxId":"c0838ea8d7cb49085e10a3359483a79ccbd450aa"}
{"index": {"_index":"luv","_id":"4002207"}}
	{"id":4002207,"type":"sell","buyer":"yonnathang","seller":"ydaiznfts","symbol":"LUV","quantity":"5.00000000","price":"0.00981102","timestamp":1658929563,"volume":"0.04905510","buyTxId":"4ec992abe3b98cdf4938e18c2e0986cef67bdea2","sellTxId":"2305851df4551f4056468bf896a7ed07d8e4c4a8"}
{"index": {"_index":"luv","_id":"4004844"}}
	{"id":4004844,"type":"sell","buyer":"yonnathang","seller":"nikolovs","symbol":"LUV","quantity":"5.00000000","price":"0.00981102","timestamp":1658951169,"volume":"0.04905510","buyTxId":"4ec992abe3b98cdf4938e18c2e0986cef67bdea2","sellTxId":"7bda6c8a16c5c3347fbbfd71b8941acfc553f823"}
{"index": {"_index":"luv","_id":"4006447"}}
	{"id":4006447,"type":"sell","buyer":"yonnathang","seller":"mateodm03","symbol":"LUV","quantity":"13.00000000","price":"0.00981102","timestamp":1658968146,"volume":"0.12754326","buyTxId":"4ec992abe3b98cdf4938e18c2e0986cef67bdea2","sellTxId":"cd1d87629ae2860af2e04cb83de35f1787e90dd7"}
{"index": {"_index":"luv","_id":"4006448"}}
	{"id":4006448,"type":"sell","buyer":"yonnathang","seller":"bitcoinflood","symbol":"LUV","quantity":"2.00003663","price":"0.00981102","timestamp":1658968161,"volume":"0.01962240","buyTxId":"4ec992abe3b98cdf4938e18c2e0986cef67bdea2","sellTxId":"dfdea39a208e035b55b4c245caa9ff18f3bf1281"}
{"index": {"_index":"luv","_id":"4006906"}}
	{"id":4006906,"type":"sell","buyer":"yonnathang","seller":"poshtoken","symbol":"LUV","quantity":"29.00000000","price":"0.00981102","timestamp":1658973339,"volume":"0.28451958","buyTxId":"4ec992abe3b98cdf4938e18c2e0986cef67bdea2","sellTxId":"0477a26f24635e1dea91f4bd1f0f17ac12d9a6ae"}
