{"index": {"_index":"luv","_id":"4147597"}}
	{"id":4147597,"type":"buy","buyer":"thatcryptodave","seller":"amigareaction","symbol":"LUV","quantity":"1.00000000","price":"0.00577874","timestamp":1660697691,"volume":"0.00577874","buyTxId":"e686d60cf0d1cc6c3b084c972b284d4fd653427a","sellTxId":"5cbed32535b25f4f7d1201854f749df40e07452a"}
{"index": {"_index":"luv","_id":"4148976"}}
	{"id":4148976,"type":"sell","buyer":"imagenius.dac","seller":"steem82868","symbol":"LUV","quantity":"1.00000000","price":"0.00567890","timestamp":1660714557,"volume":"0.00567890","buyTxId":"326b55634eaa3676a7621cae4257cb23f6712f09","sellTxId":"8e5f6c766c26d1187eeeefa9623d90fe9d71ae67"}
{"index": {"_index":"luv","_id":"4149507"}}
	{"id":4149507,"type":"sell","buyer":"imagenius.dac","seller":"hive-143869","symbol":"LUV","quantity":"1.00000000","price":"0.00567890","timestamp":1660721127,"volume":"0.00567890","buyTxId":"326b55634eaa3676a7621cae4257cb23f6712f09","sellTxId":"b928cd5f05e3a4f7045f4398bed1543f4db84607"}
{"index": {"_index":"luv","_id":"4149534"}}
	{"id":4149534,"type":"sell","buyer":"imagenius.dac","seller":"lightcaptured","symbol":"LUV","quantity":"8.00000342","price":"0.00567890","timestamp":1660721379,"volume":"0.04543122","buyTxId":"326b55634eaa3676a7621cae4257cb23f6712f09","sellTxId":"a4787bbf0a37eecaace249e51acdfaf818859983"}
{"index": {"_index":"luv","_id":"4149661"}}
	{"id":4149661,"type":"sell","buyer":"imagenius.dac","seller":"quotidien","symbol":"LUV","quantity":"3.00000000","price":"0.00567890","timestamp":1660722981,"volume":"0.01703670","buyTxId":"326b55634eaa3676a7621cae4257cb23f6712f09","sellTxId":"4098221254ee4d1f32d16b86d6116035fe9a3063"}
{"index": {"_index":"luv","_id":"4151236"}}
	{"id":4151236,"type":"sell","buyer":"imagenius.dac","seller":"uglykillerpigz","symbol":"LUV","quantity":"1.0000079","price":"0.00567890","timestamp":1660739574,"volume":"0.00567894","buyTxId":"326b55634eaa3676a7621cae4257cb23f6712f09","sellTxId":"1c9791ce7af3106d82aca6806a94480af9db94df"}
{"index": {"_index":"luv","_id":"4151985"}}
	{"id":4151985,"type":"sell","buyer":"imagenius.dac","seller":"cursephantom","symbol":"LUV","quantity":"6.00000000","price":"0.00567890","timestamp":1660746120,"volume":"0.03407340","buyTxId":"326b55634eaa3676a7621cae4257cb23f6712f09","sellTxId":"8e992983c10fb752e0cbcb352895d8bf9126ca7d"}
{"index": {"_index":"luv","_id":"4152603"}}
	{"id":4152603,"type":"sell","buyer":"imagenius.dac","seller":"rzc24-nftbbg","symbol":"LUV","quantity":"106.00000000","price":"0.00567890","timestamp":1660751214,"volume":"0.60196340","buyTxId":"326b55634eaa3676a7621cae4257cb23f6712f09","sellTxId":"3b3d30fcb50e383ea0d39b6251bab2522f7fff1a"}
{"index": {"_index":"luv","_id":"4152899"}}
	{"id":4152899,"type":"sell","buyer":"imagenius.dac","seller":"dracozauberer","symbol":"LUV","quantity":"2","price":"0.00567890","timestamp":1660753581,"volume":"0.01135780","buyTxId":"326b55634eaa3676a7621cae4257cb23f6712f09","sellTxId":"6f1a258ee055af57a27914df53b2c57b912fc05b"}
{"index": {"_index":"luv","_id":"4152954"}}
	{"id":4152954,"type":"sell","buyer":"imagenius.dac","seller":"zakludick","symbol":"LUV","quantity":"12.00000000","price":"0.00567890","timestamp":1660754106,"volume":"0.06814680","buyTxId":"326b55634eaa3676a7621cae4257cb23f6712f09","sellTxId":"06088ea703ed3a7d4d24f144a98d08d5a645877e"}
{"index": {"_index":"luv","_id":"4153004"}}
	{"id":4153004,"type":"sell","buyer":"imagenius.dac","seller":"ydaiznfts","symbol":"LUV","quantity":"10.00000000","price":"0.00567890","timestamp":1660754547,"volume":"0.05678900","buyTxId":"326b55634eaa3676a7621cae4257cb23f6712f09","sellTxId":"c07a620e0923868a1f36634d3a110c52838dc54d"}
{"index": {"_index":"luv","_id":"4154272"}}
	{"id":4154272,"type":"sell","buyer":"imagenius.dac","seller":"bokica80","symbol":"LUV","quantity":"1.00000000","price":"0.00567890","timestamp":1660768626,"volume":"0.00567890","buyTxId":"326b55634eaa3676a7621cae4257cb23f6712f09","sellTxId":"e1e91086cb3adebb6cc30e924c7a48c646429f1b"}
{"index": {"_index":"luv","_id":"4154751"}}
	{"id":4154751,"type":"sell","buyer":"imagenius.dac","seller":"ackza","symbol":"LUV","quantity":"7.00000000","price":"0.00567890","timestamp":1660774680,"volume":"0.03975230","buyTxId":"326b55634eaa3676a7621cae4257cb23f6712f09","sellTxId":"45711b19fa075d4c976b7931a53e7c162f9abc76"}
