{"index": {"_index":"luv","_id":"3967108"}}
	{"id":3967108,"type":"sell","buyer":"amaari","seller":"gestion.alive","symbol":"LUV","quantity":"2.00000000","price":"0.00981103","timestamp":1658530677,"volume":"0.01962206","buyTxId":"9f8cfeb67ef456aaa659b12d4a6045a50be0eccb","sellTxId":"83543f77935f964cb5c02db696f5b8360efe3e45"}
{"index": {"_index":"luv","_id":"3967233"}}
	{"id":3967233,"type":"sell","buyer":"amaari","seller":"aliveandthriving","symbol":"LUV","quantity":"2","price":"0.00981103","timestamp":1658532462,"volume":"0.01962206","buyTxId":"9f8cfeb67ef456aaa659b12d4a6045a50be0eccb","sellTxId":"1199a1e7dc5f15cf9de74aa3be0bf6f957426838"}
{"index": {"_index":"luv","_id":"3967391"}}
	{"id":3967391,"type":"sell","buyer":"amaari","seller":"tydynrain","symbol":"LUV","quantity":"9.00000000","price":"0.00981103","timestamp":1658534850,"volume":"0.08829927","buyTxId":"9f8cfeb67ef456aaa659b12d4a6045a50be0eccb","sellTxId":"d5a77393891e32f308ff4b491ace5d5b05f2c082"}
{"index": {"_index":"luv","_id":"3967395"}}
	{"id":3967395,"type":"sell","buyer":"amaari","seller":"tydynrain","symbol":"LUV","quantity":"2.00000000","price":"0.00981103","timestamp":1658534904,"volume":"0.01962206","buyTxId":"9f8cfeb67ef456aaa659b12d4a6045a50be0eccb","sellTxId":"0e7d5fa3b44bffe57f9d8749a335742904f07e57"}
{"index": {"_index":"luv","_id":"3967398"}}
	{"id":3967398,"type":"sell","buyer":"amaari","seller":"tydynrain","symbol":"LUV","quantity":"2.00000000","price":"0.00981103","timestamp":1658534952,"volume":"0.01962206","buyTxId":"9f8cfeb67ef456aaa659b12d4a6045a50be0eccb","sellTxId":"0344e6a96c053ff1d34d128df0f371a109fb8b0f"}
{"index": {"_index":"luv","_id":"3968187"}}
	{"id":3968187,"type":"sell","buyer":"amaari","seller":"osomar357","symbol":"LUV","quantity":"1.99999705","price":"0.00981103","timestamp":1658547435,"volume":"0.01962203","buyTxId":"9f8cfeb67ef456aaa659b12d4a6045a50be0eccb","sellTxId":"6ea3c10c8bbb84ea284fd28bddeaf597e75631de"}
{"index": {"_index":"luv","_id":"3968188"}}
	{"id":3968188,"type":"sell","buyer":"amaari","seller":"osomar357","symbol":"LUV","quantity":"0.00000295","price":"0.00981103","timestamp":1658547435,"volume":"0.00000003","buyTxId":"681e899b548eb7c1c3a37e91303bf06e9e6e5259","sellTxId":"6ea3c10c8bbb84ea284fd28bddeaf597e75631de"}
{"index": {"_index":"luv","_id":"3968647"}}
	{"id":3968647,"type":"sell","buyer":"amaari","seller":"steem82868","symbol":"LUV","quantity":"1.00000000","price":"0.00981103","timestamp":1658556531,"volume":"0.00981103","buyTxId":"681e899b548eb7c1c3a37e91303bf06e9e6e5259","sellTxId":"549cd7f7b588c091508d1e51644c3830b4a45b29"}
{"index": {"_index":"luv","_id":"3968735"}}
	{"id":3968735,"type":"sell","buyer":"amaari","seller":"pjansen","symbol":"LUV","quantity":"1","price":"0.00981103","timestamp":1658558634,"volume":"0.00981103","buyTxId":"681e899b548eb7c1c3a37e91303bf06e9e6e5259","sellTxId":"0c4b1585513d1fed9996f21e2aaa79b98d605fc0"}
{"index": {"_index":"luv","_id":"3969262"}}
	{"id":3969262,"type":"sell","buyer":"amaari","seller":"cursephantom","symbol":"LUV","quantity":"1.00000000","price":"0.00981103","timestamp":1658567118,"volume":"0.00981103","buyTxId":"681e899b548eb7c1c3a37e91303bf06e9e6e5259","sellTxId":"9e2d3b4177dde74dd70a229a4da507f9709eefc8"}
{"index": {"_index":"luv","_id":"3969670"}}
	{"id":3969670,"type":"sell","buyer":"amaari","seller":"ftfund","symbol":"LUV","quantity":"4","price":"0.00981103","timestamp":1658574342,"volume":"0.03924412","buyTxId":"681e899b548eb7c1c3a37e91303bf06e9e6e5259","sellTxId":"682803c22ba664c0e02974829f662fefe54429b3"}
{"index": {"_index":"luv","_id":"3969872"}}
	{"id":3969872,"type":"sell","buyer":"amaari","seller":"steem82868","symbol":"LUV","quantity":"1.00000000","price":"0.00981103","timestamp":1658576583,"volume":"0.00981103","buyTxId":"681e899b548eb7c1c3a37e91303bf06e9e6e5259","sellTxId":"057d70db2dff79020aac536211fa8bedb6e68383"}
{"index": {"_index":"luv","_id":"3970503"}}
	{"id":3970503,"type":"sell","buyer":"amaari","seller":"opick","symbol":"LUV","quantity":"1.00000000","price":"0.00981103","timestamp":1658584764,"volume":"0.00981103","buyTxId":"681e899b548eb7c1c3a37e91303bf06e9e6e5259","sellTxId":"492f28caa317e55400d202a7f3db5d62f21e8f1c"}
{"index": {"_index":"luv","_id":"3970703"}}
	{"id":3970703,"type":"sell","buyer":"amaari","seller":"invest-time","symbol":"LUV","quantity":"1.00000000","price":"0.00981103","timestamp":1658586906,"volume":"0.00981103","buyTxId":"681e899b548eb7c1c3a37e91303bf06e9e6e5259","sellTxId":"c8ca8cd1d4c342c07a55e232b0f0cb7f95fc8a3c"}
{"index": {"_index":"luv","_id":"3971946"}}
	{"id":3971946,"type":"sell","buyer":"amaari","seller":"bokica80","symbol":"LUV","quantity":"1.00000008","price":"0.00981103","timestamp":1658600310,"volume":"0.00981103","buyTxId":"681e899b548eb7c1c3a37e91303bf06e9e6e5259","sellTxId":"d1fba28e16b6460b8f54daaf21e18ba92252520a"}
{"index": {"_index":"luv","_id":"3972973"}}
	{"id":3972973,"type":"sell","buyer":"amaari","seller":"laritheghost","symbol":"LUV","quantity":"0.71290663","price":"0.00981103","timestamp":1658612469,"volume":"0.00699435","buyTxId":"681e899b548eb7c1c3a37e91303bf06e9e6e5259","sellTxId":"d49648e811c5ad8b047f8e23d1b841f924e188b5"}
