{"index": {"_index":"luv","_id":"3801207"}}
	{"id":3801207,"type":"sell","buyer":"droida","seller":"frawdielp2","symbol":"LUV","quantity":"0.00771200","price":"0.01526811","timestamp":1656479958,"volume":"0.00011775","buyTxId":"0ad0dd311666be22ff016f0dd8568ab5b2b2c5c7","sellTxId":"07e3168da91b4a4e00a7bb5d6ea0f7b86b9aed3d"}
{"index": {"_index":"luv","_id":"3802033"}}
	{"id":3802033,"type":"sell","buyer":"droida","seller":"barski","symbol":"LUV","quantity":"1.00000000","price":"0.01526811","timestamp":1656488649,"volume":"0.01526811","buyTxId":"0ad0dd311666be22ff016f0dd8568ab5b2b2c5c7","sellTxId":"0596dc4a9b9b91662f67d9f7dfbaf32665a9d4f0"}
{"index": {"_index":"luv","_id":"3802113"}}
	{"id":3802113,"type":"sell","buyer":"droida","seller":"hive-143869","symbol":"LUV","quantity":"2.00000000","price":"0.01526811","timestamp":1656489969,"volume":"0.03053622","buyTxId":"0ad0dd311666be22ff016f0dd8568ab5b2b2c5c7","sellTxId":"2d2d26c1d93ddbe5a9ad2ecd0e802e92948738c3"}
{"index": {"_index":"luv","_id":"3802277"}}
	{"id":3802277,"type":"buy","buyer":"thatcryptodave","seller":"steem82868","symbol":"LUV","quantity":"1.00000000","price":"0.01900000","timestamp":1656491991,"volume":"0.01900000","buyTxId":"07b7675ac130fa6e503d3e4542c3b7bf169652d8","sellTxId":"d38f163f95b6d5233eb1b88bf09f5a78febf5cad"}
{"index": {"_index":"luv","_id":"3802278"}}
	{"id":3802278,"type":"buy","buyer":"thatcryptodave","seller":"noblebright","symbol":"LUV","quantity":"3.60055458","price":"0.01900000","timestamp":1656491991,"volume":"0.06841054","buyTxId":"07b7675ac130fa6e503d3e4542c3b7bf169652d8","sellTxId":"2f270274ed02b6a63d41de5a856fc1bf8492e729"}
{"index": {"_index":"luv","_id":"3802444"}}
	{"id":3802444,"type":"buy","buyer":"holovision.cash","seller":"noblebright","symbol":"LUV","quantity":"7.39944542","price":"0.01900000","timestamp":1656493926,"volume":"0.14058946","buyTxId":"54993c9491ce2b8c2a50a3cb48c7cf8b7eb08bdb","sellTxId":"2f270274ed02b6a63d41de5a856fc1bf8492e729"}
{"index": {"_index":"luv","_id":"3802445"}}
	{"id":3802445,"type":"buy","buyer":"holovision.cash","seller":"bokica80","symbol":"LUV","quantity":"0.60055458","price":"0.02089999","timestamp":1656493926,"volume":"0.01255158","buyTxId":"54993c9491ce2b8c2a50a3cb48c7cf8b7eb08bdb","sellTxId":"5ad60de4705737d89af0b0d4ff4405318e25768d"}
{"index": {"_index":"luv","_id":"3802729"}}
	{"id":3802729,"type":"sell","buyer":"holovision.cash","seller":"iyanpol12","symbol":"LUV","quantity":"3.00000000","price":"0.02000000","timestamp":1656498363,"volume":"0.06000000","buyTxId":"26409fb9c6d8ce48a0aae4fc2e5cb9a0de92fd6c","sellTxId":"9205f4b70a86aafd2ea9167eb0b74b31928bff18"}
{"index": {"_index":"luv","_id":"3802888"}}
	{"id":3802888,"type":"sell","buyer":"holovision.cash","seller":"phortun","symbol":"LUV","quantity":"1","price":"0.01900000","timestamp":1656500169,"volume":"0.01900000","buyTxId":"c7653d0246ca6144af15e54da30fef13a3ed00c3","sellTxId":"94b824f8472f1ebbbb713ef53ef59a6de7bbbe80"}
{"index": {"_index":"luv","_id":"3803332"}}
	{"id":3803332,"type":"sell","buyer":"holovision.cash","seller":"skgcrypto","symbol":"LUV","quantity":"3.00000000","price":"0.01900000","timestamp":1656504804,"volume":"0.05700000","buyTxId":"c7653d0246ca6144af15e54da30fef13a3ed00c3","sellTxId":"5346ca25a76be569eb34e7a4d436fae362fdf409"}
{"index": {"_index":"luv","_id":"3804758"}}
	{"id":3804758,"type":"sell","buyer":"holovision.cash","seller":"ydaiznfts","symbol":"LUV","quantity":"4.00000000","price":"0.01900000","timestamp":1656520647,"volume":"0.07600000","buyTxId":"c7653d0246ca6144af15e54da30fef13a3ed00c3","sellTxId":"90fd8d84380ebd462c01ff7929206503fb543501"}
{"index": {"_index":"luv","_id":"3805617"}}
	{"id":3805617,"type":"buy","buyer":"hafiz34","seller":"iyanpol12","symbol":"LUV","quantity":"1.00000000","price":"0.01975000","timestamp":1656530106,"volume":"0.01975000","buyTxId":"3f0aad8b3345e166306befe37e70ad469eb57b97","sellTxId":"9205f4b70a86aafd2ea9167eb0b74b31928bff18"}
{"index": {"_index":"luv","_id":"3805990"}}
	{"id":3805990,"type":"sell","buyer":"holovision.cash","seller":"enforcer48","symbol":"LUV","quantity":"2.00000000","price":"0.01900000","timestamp":1656535545,"volume":"0.03800000","buyTxId":"c7653d0246ca6144af15e54da30fef13a3ed00c3","sellTxId":"bd6d285863b459dc241204ebe60b2070cc8046eb"}
{"index": {"_index":"luv","_id":"3805991"}}
	{"id":3805991,"type":"sell","buyer":"holovision.cash","seller":"enforcer48","symbol":"LUV","quantity":"10.00000000","price":"0.01800000","timestamp":1656535545,"volume":"0.18000000","buyTxId":"c94183e6fd80b6cd15c031fba1f7b028ece2c662","sellTxId":"bd6d285863b459dc241204ebe60b2070cc8046eb"}
{"index": {"_index":"luv","_id":"3805992"}}
	{"id":3805992,"type":"sell","buyer":"holovision.cash","seller":"enforcer48","symbol":"LUV","quantity":"10.00000000","price":"0.01700000","timestamp":1656535545,"volume":"0.17000000","buyTxId":"c78662320f066c1f7ddab275ba803c0adcf1faf2","sellTxId":"bd6d285863b459dc241204ebe60b2070cc8046eb"}
{"index": {"_index":"luv","_id":"3805993"}}
	{"id":3805993,"type":"sell","buyer":"holovision.cash","seller":"enforcer48","symbol":"LUV","quantity":"9.00000000","price":"0.01600000","timestamp":1656535545,"volume":"0.14400000","buyTxId":"246a9f0d7bb5ac1209033f4236e9f1f150bba86c","sellTxId":"bd6d285863b459dc241204ebe60b2070cc8046eb"}
{"index": {"_index":"luv","_id":"3806076"}}
	{"id":3806076,"type":"sell","buyer":"holovision.cash","seller":"cibersk8","symbol":"LUV","quantity":"1.00000000","price":"0.01600000","timestamp":1656536808,"volume":"0.01600000","buyTxId":"246a9f0d7bb5ac1209033f4236e9f1f150bba86c","sellTxId":"463c4b4c2ae8f43d971673cffa03c7e3fc5e0460"}
{"index": {"_index":"luv","_id":"3806077"}}
	{"id":3806077,"type":"sell","buyer":"droida","seller":"cibersk8","symbol":"LUV","quantity":"2.00000000","price":"0.01526811","timestamp":1656536808,"volume":"0.03053622","buyTxId":"0ad0dd311666be22ff016f0dd8568ab5b2b2c5c7","sellTxId":"463c4b4c2ae8f43d971673cffa03c7e3fc5e0460"}
{"index": {"_index":"luv","_id":"3807802"}}
	{"id":3807802,"type":"sell","buyer":"droida","seller":"ackza","symbol":"LUV","quantity":"8.00000000","price":"0.01526811","timestamp":1656555480,"volume":"0.12214488","buyTxId":"0ad0dd311666be22ff016f0dd8568ab5b2b2c5c7","sellTxId":"fae9687513ece8545f604998d47f323ee17acbcc"}
