{"index": {"_index":"luv","_id":"3465656"}}
	{"id":3465656,"type":"buy","buyer":"ydaiznfts","seller":"yeckingo1","symbol":"LUV","quantity":"3.00000000","price":"0.04400000","timestamp":1652920707,"volume":"0.13200000","buyTxId":"23bea95be862d8374818c9a01d3fea0dc31c631d","sellTxId":"3303ccf3fe883655dad1a76b27f563e16d4259ac"}
{"index": {"_index":"luv","_id":"3465750"}}
	{"id":3465750,"type":"sell","buyer":"noblebright","seller":"sidekickmatt","symbol":"LUV","quantity":"15.00000000","price":"0.01771002","timestamp":1652921607,"volume":"0.26565030","buyTxId":"1914af238bfd5e5bd4225588488887eb50df8fce","sellTxId":"f160f8f90777bff45974fa279eeb20fa21d680f2"}
{"index": {"_index":"luv","_id":"3466096"}}
	{"id":3466096,"type":"sell","buyer":"brianhuang","seller":"rzc24-nftbbg","symbol":"LUV","quantity":"9.00000000","price":"0.01771000","timestamp":1652926248,"volume":"0.15939000","buyTxId":"74dbccde2e1c79b20d43a601727e5b1438797156","sellTxId":"260e8b0addb21dd93bc2044b88e9a45fe65a6f08"}
{"index": {"_index":"luv","_id":"3467724"}}
	{"id":3467724,"type":"sell","buyer":"brianhuang","seller":"itharagaian","symbol":"LUV","quantity":"1.00000000","price":"0.01771000","timestamp":1652942286,"volume":"0.01771000","buyTxId":"74dbccde2e1c79b20d43a601727e5b1438797156","sellTxId":"a04e776ab916ee4b1064e18bf64fce5be0e8edf5"}
{"index": {"_index":"luv","_id":"3468253"}}
	{"id":3468253,"type":"sell","buyer":"brianhuang","seller":"claudio83","symbol":"LUV","quantity":"28.00000000","price":"0.01771000","timestamp":1652946762,"volume":"0.49588000","buyTxId":"74dbccde2e1c79b20d43a601727e5b1438797156","sellTxId":"e090a6581a36be932b8cd5fdd52e04f86a480b9a"}
{"index": {"_index":"luv","_id":"3468764"}}
	{"id":3468764,"type":"sell","buyer":"brianhuang","seller":"gamichelle","symbol":"LUV","quantity":"1.00000000","price":"0.01771000","timestamp":1652953584,"volume":"0.01771000","buyTxId":"74dbccde2e1c79b20d43a601727e5b1438797156","sellTxId":"cd0a7d651b2fad9a279e7a4c13d4444ac998998f"}
{"index": {"_index":"luv","_id":"3469646"}}
	{"id":3469646,"type":"sell","buyer":"brianhuang","seller":"momogrow","symbol":"LUV","quantity":"2.00000000","price":"0.01771000","timestamp":1652965158,"volume":"0.03542000","buyTxId":"74dbccde2e1c79b20d43a601727e5b1438797156","sellTxId":"7d431633fd9dded0ca8d3a0037b6e8dfb644444e"}
{"index": {"_index":"luv","_id":"3469860"}}
	{"id":3469860,"type":"sell","buyer":"brianhuang","seller":"rafa1272","symbol":"LUV","quantity":"7.00000000","price":"0.01771000","timestamp":1652967573,"volume":"0.12397000","buyTxId":"74dbccde2e1c79b20d43a601727e5b1438797156","sellTxId":"afe21249501fe63cf0362ee97a58630e025c0b71"}
{"index": {"_index":"luv","_id":"3469940"}}
	{"id":3469940,"type":"sell","buyer":"brianhuang","seller":"jerryzikko","symbol":"LUV","quantity":"2.00000000","price":"0.01771000","timestamp":1652968209,"volume":"0.03542000","buyTxId":"74dbccde2e1c79b20d43a601727e5b1438797156","sellTxId":"6449a05c83cbe2ea428df5900eba8020bffca75f"}
{"index": {"_index":"luv","_id":"3471973"}}
	{"id":3471973,"type":"buy","buyer":"assassyn","seller":"taxguy","symbol":"LUV","quantity":"3.00000000","price":"0.02500000","timestamp":1652986239,"volume":"0.07500000","buyTxId":"397e045fed1e1e191b675218d1d1f4cb8480c2eb","sellTxId":"43740b08af062222600894af01ad7f0c69ee561f"}
{"index": {"_index":"luv","_id":"3472483"}}
	{"id":3472483,"type":"sell","buyer":"brianhuang","seller":"socialmediaseo","symbol":"LUV","quantity":"1.00000000","price":"0.01771000","timestamp":1652990739,"volume":"0.01771000","buyTxId":"74dbccde2e1c79b20d43a601727e5b1438797156","sellTxId":"47ccc04194b56b79fca139cebc7b787a514f6960"}
{"index": {"_index":"luv","_id":"3473209"}}
	{"id":3473209,"type":"sell","buyer":"brianhuang","seller":"isnochys","symbol":"LUV","quantity":"0.01068881","price":"0.01771000","timestamp":1652998869,"volume":"0.00018930","buyTxId":"74dbccde2e1c79b20d43a601727e5b1438797156","sellTxId":"557dbc723d0883b50ac256e79c659449ffcf89a3"}
