{"jsonrpc":"2.0","id":1,"result":[{"_id":4776657,"type":"buy","buyer":"splinterob","seller":"ydaiznfts","symbol":"LUV","quantity":"15.00000000","price":"0.01010000","timestamp":1668404187,"volume":"0.15150000","buyTxId":"c2122f5b8ccd8f6018f53e1a691722f4cc11c744","sellTxId":"8bec8f96ba23f9d464910ca2dd2b17b3abc34b22"},{"_id":4776658,"type":"buy","buyer":"splinterob","seller":"amaari","symbol":"LUV","quantity":"34.85007248","price":"0.01078889","timestamp":1668404187,"volume":"0.37599360","buyTxId":"c2122f5b8ccd8f6018f53e1a691722f4cc11c744","sellTxId":"aa8c9a7299b4cbceec53ee78d268bc3e9d9b2ed8"},{"_id":4776659,"type":"buy","buyer":"splinterob","seller":"onlydoge","symbol":"LUV","quantity":"349.38089239","price":"0.01078890","timestamp":1668404187,"volume":"3.76943551","buyTxId":"c2122f5b8ccd8f6018f53e1a691722f4cc11c744","sellTxId":"15a7359d0a159698437461d2e913b8e3ee825afe"},{"_id":4777609,"type":"buy","buyer":"eunoia101","seller":"onlydoge","symbol":"LUV","quantity":"88.79496519","price":"0.01078890","timestamp":1668414363,"volume":"0.958","buyTxId":"d832f97b1d830e5b8b5d2dd5cdf6bc10dc388023","sellTxId":"15a7359d0a159698437461d2e913b8e3ee825afe"},{"_id":4777635,"type":"sell","buyer":"amaari","seller":"dswap","symbol":"LUV","quantity":"7","price":"0.00665103","timestamp":1668414777,"volume":"0.04655721","buyTxId":"2fee87bcde4ec2cc72ad93c250ed87f6f6f40ef7","sellTxId":"3670d1277d08823487ccf05f19a1d15853c3fa8f"},{"_id":4780481,"type":"sell","buyer":"amaari","seller":"lisamgentile1961","symbol":"LUV","quantity":"1.00000000","price":"0.00665103","timestamp":1668441819,"volume":"0.00665103","buyTxId":"2fee87bcde4ec2cc72ad93c250ed87f6f6f40ef7","sellTxId":"6d3ee7a21cee11917cdbd44d5222229d03865354"},{"_id":4780644,"type":"sell","buyer":"amaari","seller":"gamichelle","symbol":"LUV","quantity":"1","price":"0.00665103","timestamp":1668443334,"volume":"0.00665103","buyTxId":"2fee87bcde4ec2cc72ad93c250ed87f6f6f40ef7","sellTxId":"42bfaa742fced96ea62c2b0fd3b16a1ad1f04f09"},{"_id":4781055,"type":"sell","buyer":"master-lamps","seller":"cursephantom","symbol":"LUV","quantity":"2.00000000","price":"0.00665105","timestamp":1668445983,"volume":"0.01330210","buyTxId":"a3113169906b1f1160e95d00198e915d9cc72548","sellTxId":"84ab99a781114d35d96292a9c7b1d6824fdd02d7"},{"_id":4781322,"type":"buy","buyer":"edgerik","seller":"master-lamps","symbol":"LUV","quantity":"1.00482651","price":"0.01078888","timestamp":1668447771,"volume":"0.01084095","buyTxId":"01c82dd8037d4be1b8c8ff2137bb9dc97cb93219","sellTxId":"b70f13a8687a86c098cd980e9c194e1f488131cb"},{"_id":4781323,"type":"buy","buyer":"edgerik","seller":"master-lamps","symbol":"LUV","quantity":"2.00000000","price":"0.01078888","timestamp":1668447771,"volume":"0.02157776","buyTxId":"01c82dd8037d4be1b8c8ff2137bb9dc97cb93219","sellTxId":"2bced7f819067a5de770fb97f7315429e628c55b"},{"_id":4781324,"type":"buy","buyer":"edgerik","seller":"amaari","symbol":"LUV","quantity":"3.99517349","price":"0.01078889","timestamp":1668447771,"volume":"0.04310349","buyTxId":"01c82dd8037d4be1b8c8ff2137bb9dc97cb93219","sellTxId":"a32d292bd07f02a575435cad868c3d90a9d7c281"},{"_id":4781437,"type":"sell","buyer":"master-lamps","seller":"milaan","symbol":"LUV","quantity":"2.00000000","price":"0.00665105","timestamp":1668448539,"volume":"0.01330210","buyTxId":"a3113169906b1f1160e95d00198e915d9cc72548","sellTxId":"ac9168d7d87d9f64a0ca94178ed403dda7b5561b"},{"_id":4781646,"type":"buy","buyer":"yisusth","seller":"amaari","symbol":"LUV","quantity":"3.00482651","price":"0.01078889","timestamp":1668449853,"volume":"0.03241874","buyTxId":"6d786ce3a1ef16b1fef936df464628e422c3c9b2","sellTxId":"a32d292bd07f02a575435cad868c3d90a9d7c281"},{"_id":4781647,"type":"buy","buyer":"yisusth","seller":"onlydoge","symbol":"LUV","quantity":"22.78094585","price":"0.01078890","timestamp":1668449853,"volume":"0.24578135","buyTxId":"6d786ce3a1ef16b1fef936df464628e422c3c9b2","sellTxId":"15a7359d0a159698437461d2e913b8e3ee825afe"},{"_id":4781648,"type":"buy","buyer":"yisusth","seller":"dubble","symbol":"LUV","quantity":"6.12031513","price":"0.01078900","timestamp":1668449853,"volume":"0.06603208","buyTxId":"6d786ce3a1ef16b1fef936df464628e422c3c9b2","sellTxId":"b6653501b7b9744b05dd8dee78b2532e22eec154"},{"_id":4781652,"type":"sell","buyer":"master-lamps","seller":"isnochys","symbol":"LUV","quantity":"0.01026206","price":"0.00665105","timestamp":1668449865,"volume":"0.00006825","buyTxId":"a3113169906b1f1160e95d00198e915d9cc72548","sellTxId":"c827ed24dd7d9fb3ba9e940bfb3310672b8910a7"},{"_id":4784406,"type":"sell","buyer":"onlydoge","seller":"aweee","symbol":"LUV","quantity":"26.00000000","price":"0.00669010","timestamp":1668472098,"volume":"0.17394260","buyTxId":"1c87591ca22ff5be73af32722dd8e8e7dbb18819","sellTxId":"5f37ce5e28b0974989cd95a065dde62f0409e53a"},{"_id":4784757,"type":"sell","buyer":"onlydoge","seller":"badpupper","symbol":"LUV","quantity":"650.51036500","price":"0.00669010","timestamp":1668475044,"volume":"4.35197939","buyTxId":"1c87591ca22ff5be73af32722dd8e8e7dbb18819","sellTxId":"ee013b05c2bb0c5bbc31c031172b81d954a48af4"},{"_id":4784901,"type":"sell","buyer":"onlydoge","seller":"steemstreems","symbol":"LUV","quantity":"0.00044322","price":"0.00669010","timestamp":1668476202,"volume":"0.00000297","buyTxId":"1c87591ca22ff5be73af32722dd8e8e7dbb18819","sellTxId":"40f986663eeb1b06985939733bd1782fc94e8a92"},{"_id":4785068,"type":"sell","buyer":"onlydoge","seller":"bitcoinflood","symbol":"LUV","quantity":"1.00051545","price":"0.00669010","timestamp":1668477972,"volume":"0.00669355","buyTxId":"1c87591ca22ff5be73af32722dd8e8e7dbb18819","sellTxId":"515c835dabc74e034bc304fbf82b1efa83fd324d"},{"_id":4785497,"type":"sell","buyer":"onlydoge","seller":"thisisawesome","symbol":"LUV","quantity":"8","price":"0.00669010","timestamp":1668482199,"volume":"0.05352080","buyTxId":"1c87591ca22ff5be73af32722dd8e8e7dbb18819","sellTxId":"686914964715773b7fcb8443cff89df9e821a75f"}]}