{"index": {"_index":"luv","_id":"3554870"}}
	{"id":3554870,"type":"sell","buyer":"megaela","seller":"marvinix","symbol":"LUV","quantity":"3","price":"0.02689000","timestamp":1653793137,"volume":"0.08067000","buyTxId":"bf2f6da5136ce03a49869d91275c7d3faef975bf","sellTxId":"edb9652d8361dc8c217bdd50a152878bfc785de6"}
{"index": {"_index":"luv","_id":"3555511"}}
	{"id":3555511,"type":"sell","buyer":"achimmertens","seller":"ratyanila","symbol":"LUV","quantity":"2.00000000","price":"0.01700000","timestamp":1653799914,"volume":"0.03400000","buyTxId":"b92f56fb04a636070bc8a913c1cd3d60a154ea89","sellTxId":"f5b45f9c2646845238c7ffa9b4ff5b505d15514a"}
{"index": {"_index":"luv","_id":"3555990"}}
	{"id":3555990,"type":"sell","buyer":"achimmertens","seller":"xplosive","symbol":"LUV","quantity":"2.00000000","price":"0.01700000","timestamp":1653806016,"volume":"0.03400000","buyTxId":"b92f56fb04a636070bc8a913c1cd3d60a154ea89","sellTxId":"45f96e449cc206a5b42ee1656c7a0fb239021dd3"}
{"index": {"_index":"luv","_id":"3556197"}}
	{"id":3556197,"type":"sell","buyer":"achimmertens","seller":"danielhuhservice","symbol":"LUV","quantity":"14.00000000","price":"0.01700000","timestamp":1653809433,"volume":"0.23800000","buyTxId":"b92f56fb04a636070bc8a913c1cd3d60a154ea89","sellTxId":"0d37563ce391acf323c517663b3099f199e53071"}
{"index": {"_index":"luv","_id":"3556919"}}
	{"id":3556919,"type":"buy","buyer":"hafiz34","seller":"bokica80","symbol":"LUV","quantity":"1.80223000","price":"0.02690000","timestamp":1653817929,"volume":"0.04847999","buyTxId":"67edd3cc2572252d9c3fbfe54e0a70bbe79a62b6","sellTxId":"bb9889c204d75254f669cbc1fc1afc43482b650c"}
{"index": {"_index":"luv","_id":"3556922"}}
	{"id":3556922,"type":"buy","buyer":"hafiz34","seller":"bokica80","symbol":"LUV","quantity":"0.00000049","price":"0.02690000","timestamp":1653817974,"volume":"0.00000001","buyTxId":"14f8ccd644ffbb455049bc519537a0d01fa115f8","sellTxId":"bb9889c204d75254f669cbc1fc1afc43482b650c"}
{"index": {"_index":"luv","_id":"3556923"}}
	{"id":3556923,"type":"buy","buyer":"hafiz34","seller":"onlydoge","symbol":"LUV","quantity":"15.99999951","price":"0.02697000","timestamp":1653817974,"volume":"0.43151999","buyTxId":"14f8ccd644ffbb455049bc519537a0d01fa115f8","sellTxId":"5d9ac411ff5897c46b87f86bb434e4a108f8660a"}
{"index": {"_index":"luv","_id":"3557527"}}
	{"id":3557527,"type":"sell","buyer":"achimmertens","seller":"cursephantom","symbol":"LUV","quantity":"2.00000000","price":"0.01700000","timestamp":1653824976,"volume":"0.03400000","buyTxId":"b92f56fb04a636070bc8a913c1cd3d60a154ea89","sellTxId":"8746dea631395c025281aa96703a358b9ee25492"}
{"index": {"_index":"luv","_id":"3557596"}}
	{"id":3557596,"type":"sell","buyer":"achimmertens","seller":"gadrian","symbol":"LUV","quantity":"2.00000000","price":"0.01700000","timestamp":1653825933,"volume":"0.03400000","buyTxId":"b92f56fb04a636070bc8a913c1cd3d60a154ea89","sellTxId":"75aa42f1d32a40841780ee55ca4bcdba7c1e96f6"}
{"index": {"_index":"luv","_id":"3557625"}}
	{"id":3557625,"type":"sell","buyer":"achimmertens","seller":"repayme4568","symbol":"LUV","quantity":"3.00000000","price":"0.01700000","timestamp":1653826269,"volume":"0.05100000","buyTxId":"b92f56fb04a636070bc8a913c1cd3d60a154ea89","sellTxId":"c4389e2b5decb448696c6405ec56025047749780"}
{"index": {"_index":"luv","_id":"3558903"}}
	{"id":3558903,"type":"sell","buyer":"achimmertens","seller":"xplosive","symbol":"LUV","quantity":"1.00000000","price":"0.01700000","timestamp":1653840441,"volume":"0.01700000","buyTxId":"b92f56fb04a636070bc8a913c1cd3d60a154ea89","sellTxId":"98891180e3b645570ba577ec72cb36338bb93305"}
{"index": {"_index":"luv","_id":"3559391"}}
	{"id":3559391,"type":"sell","buyer":"achimmertens","seller":"itharagaian","symbol":"LUV","quantity":"1.00000000","price":"0.01700000","timestamp":1653844284,"volume":"0.01700000","buyTxId":"b92f56fb04a636070bc8a913c1cd3d60a154ea89","sellTxId":"f2614b509506150abb53c49134532c96f1a3482f"}
{"index": {"_index":"luv","_id":"3559544"}}
	{"id":3559544,"type":"sell","buyer":"achimmertens","seller":"pousinha","symbol":"LUV","quantity":"2","price":"0.01700000","timestamp":1653845451,"volume":"0.03400000","buyTxId":"b92f56fb04a636070bc8a913c1cd3d60a154ea89","sellTxId":"e7690924ddea05b7c5861185b159fa1b9b551c80"}
{"index": {"_index":"luv","_id":"3559896"}}
	{"id":3559896,"type":"sell","buyer":"achimmertens","seller":"borjan","symbol":"LUV","quantity":"36.00000000","price":"0.01700000","timestamp":1653848835,"volume":"0.61200000","buyTxId":"b92f56fb04a636070bc8a913c1cd3d60a154ea89","sellTxId":"eeb2de3ee9325772cc882cac95708173f834fdbf"}
{"index": {"_index":"luv","_id":"3559933"}}
	{"id":3559933,"type":"sell","buyer":"achimmertens","seller":"sayago","symbol":"LUV","quantity":"3.00000000","price":"0.01700000","timestamp":1653849333,"volume":"0.05100000","buyTxId":"b92f56fb04a636070bc8a913c1cd3d60a154ea89","sellTxId":"b7fcfc156ffb2f35f412fd5b9f4b263bea7b31c8"}
{"index": {"_index":"luv","_id":"3560348"}}
	{"id":3560348,"type":"buy","buyer":"buezor","seller":"onlydoge","symbol":"LUV","quantity":"6.09163032","price":"0.02697000","timestamp":1653851973,"volume":"0.16429127","buyTxId":"85d3e52d2bf8f821434438f7977fa2327bac29c3","sellTxId":"5d9ac411ff5897c46b87f86bb434e4a108f8660a"}
{"index": {"_index":"luv","_id":"3560609"}}
	{"id":3560609,"type":"sell","buyer":"achimmertens","seller":"shmoogleosukami","symbol":"LUV","quantity":"1","price":"0.01700000","timestamp":1653853779,"volume":"0.01700000","buyTxId":"b92f56fb04a636070bc8a913c1cd3d60a154ea89","sellTxId":"20263863205f5c42417b3230260bf4f37ed67808"}
{"index": {"_index":"luv","_id":"3561704"}}
	{"id":3561704,"type":"sell","buyer":"achimmertens","seller":"beeber","symbol":"LUV","quantity":"150.00000000","price":"0.01700000","timestamp":1653865254,"volume":"2.55000000","buyTxId":"b92f56fb04a636070bc8a913c1cd3d60a154ea89","sellTxId":"6230cf314553b119370fe7f4ae562fc046cbed37"}
{"index": {"_index":"luv","_id":"3561854"}}
	{"id":3561854,"type":"sell","buyer":"achimmertens","seller":"mytechtrail","symbol":"LUV","quantity":"1.00000000","price":"0.01700000","timestamp":1653866505,"volume":"0.01700000","buyTxId":"b92f56fb04a636070bc8a913c1cd3d60a154ea89","sellTxId":"9c8d2e5e00a29d9d20d2ba37a96b9a5ec2c0be1f"}
