{"index": {"_index":"luv","_id":"4109374"}}
	{"id":4109374,"type":"sell","buyer":"onlydoge","seller":"ydaiznfts","symbol":"LUV","quantity":"9.00000000","price":"0.00555100","timestamp":1660187982,"volume":"0.04995900","buyTxId":"6c9880f66aee27a2069021ba116ace0d296c4ded","sellTxId":"d39b33bcb9239dbd1a101f3910dad4aaa08c8ec2"}
{"index": {"_index":"luv","_id":"4109383"}}
	{"id":4109383,"type":"sell","buyer":"onlydoge","seller":"lanny0938","symbol":"LUV","quantity":"0.00121809","price":"0.00555100","timestamp":1660188162,"volume":"0.00000676","buyTxId":"6c9880f66aee27a2069021ba116ace0d296c4ded","sellTxId":"9d937c9306ebb25820fca4a22cefc8536949be5c"}
{"index": {"_index":"luv","_id":"4109388"}}
	{"id":4109388,"type":"sell","buyer":"onlydoge","seller":"curator50","symbol":"LUV","quantity":"1.00000000","price":"0.00555100","timestamp":1660188246,"volume":"0.00555100","buyTxId":"6c9880f66aee27a2069021ba116ace0d296c4ded","sellTxId":"d7ba119cd57f311d5f78aadecd6a90c9ea16812b"}
{"index": {"_index":"luv","_id":"4110208"}}
	{"id":4110208,"type":"sell","buyer":"metzli","seller":"bambukah","symbol":"LUV","quantity":"1","price":"0.00555500","timestamp":1660201734,"volume":"0.00555500","buyTxId":"dbc4e67bd992ddb2ac21d6912bdb3e5224f4464d","sellTxId":"34239db39e7ea308987aa8b0af4bc7243709379c"}
{"index": {"_index":"luv","_id":"4110292"}}
	{"id":4110292,"type":"sell","buyer":"metzli","seller":"metronet","symbol":"LUV","quantity":"2.00000000","price":"0.00555500","timestamp":1660203057,"volume":"0.01111000","buyTxId":"dbc4e67bd992ddb2ac21d6912bdb3e5224f4464d","sellTxId":"4140745c217a6bce8ab8b496485ec4d7b2fc318c"}
{"index": {"_index":"luv","_id":"4111310"}}
	{"id":4111310,"type":"sell","buyer":"metzli","seller":"steem82868","symbol":"LUV","quantity":"2.00000000","price":"0.00555500","timestamp":1660218573,"volume":"0.01111000","buyTxId":"dbc4e67bd992ddb2ac21d6912bdb3e5224f4464d","sellTxId":"8b1079bce5f53210a8fe0d20c8cbc0ad622543c2"}
{"index": {"_index":"luv","_id":"4111344"}}
	{"id":4111344,"type":"sell","buyer":"metzli","seller":"lxsxl","symbol":"LUV","quantity":"3.00000000","price":"0.00555500","timestamp":1660219452,"volume":"0.01666500","buyTxId":"dbc4e67bd992ddb2ac21d6912bdb3e5224f4464d","sellTxId":"b05917295c8d09f160dcb95b023c4e92b57b8541"}
{"index": {"_index":"luv","_id":"4111552"}}
	{"id":4111552,"type":"sell","buyer":"onlydoge","seller":"slicense","symbol":"LUV","quantity":"4.00004765","price":"0.00555100","timestamp":1660222224,"volume":"0.02220426","buyTxId":"6c9880f66aee27a2069021ba116ace0d296c4ded","sellTxId":"19d9f73dc93fd2dffdd3685ec70ff7f4002c3cf5"}
{"index": {"_index":"luv","_id":"4111842"}}
	{"id":4111842,"type":"sell","buyer":"onlydoge","seller":"hive-143869","symbol":"LUV","quantity":"1.00000000","price":"0.00555100","timestamp":1660225989,"volume":"0.00555100","buyTxId":"6c9880f66aee27a2069021ba116ace0d296c4ded","sellTxId":"1998be51edc03394ada4bc117bab48e199004c84"}
{"index": {"_index":"luv","_id":"4112239"}}
	{"id":4112239,"type":"sell","buyer":"onlydoge","seller":"alekst7","symbol":"LUV","quantity":"100.00000000","price":"0.00555100","timestamp":1660230132,"volume":"0.55510000","buyTxId":"6c9880f66aee27a2069021ba116ace0d296c4ded","sellTxId":"23642ae15c97ff3becd30000c81804e7d3a6c97d"}
{"index": {"_index":"luv","_id":"4112299"}}
	{"id":4112299,"type":"sell","buyer":"onlydoge","seller":"eforucom","symbol":"LUV","quantity":"0.00000314","price":"0.00555100","timestamp":1660230615,"volume":"0.00000002","buyTxId":"6c9880f66aee27a2069021ba116ace0d296c4ded","sellTxId":"fab7dfe1136524b192e9e836c543ed05845ab12e"}
{"index": {"_index":"luv","_id":"4112514"}}
	{"id":4112514,"type":"sell","buyer":"onlydoge","seller":"flaxz","symbol":"LUV","quantity":"2","price":"0.00555100","timestamp":1660232184,"volume":"0.01110200","buyTxId":"6c9880f66aee27a2069021ba116ace0d296c4ded","sellTxId":"4be2b522ba3eb4b80a1167bed1f07307f0867908"}
{"index": {"_index":"luv","_id":"4112788"}}
	{"id":4112788,"type":"sell","buyer":"onlydoge","seller":"aliveprojects","symbol":"LUV","quantity":"8","price":"0.00555100","timestamp":1660235028,"volume":"0.04440800","buyTxId":"6c9880f66aee27a2069021ba116ace0d296c4ded","sellTxId":"964e0c62a35148ea4503d7e7a9b5c01d80580d32"}
{"index": {"_index":"luv","_id":"4114852"}}
	{"id":4114852,"type":"buy","buyer":"smartalectees","seller":"lxsxl","symbol":"LUV","quantity":"10.00731656","price":"0.00555500","timestamp":1660259847,"volume":"0.05559064","buyTxId":"c4ac671d3d7deb5d2452ce2dffad816f122c96f9","sellTxId":"b05917295c8d09f160dcb95b023c4e92b57b8541"}
{"index": {"_index":"luv","_id":"4115857"}}
	{"id":4115857,"type":"sell","buyer":"onlydoge","seller":"nezumiyarouya","symbol":"LUV","quantity":"0.00000971","price":"0.00555100","timestamp":1660270797,"volume":"0.00000005","buyTxId":"6c9880f66aee27a2069021ba116ace0d296c4ded","sellTxId":"cde78ea8838cadd9ca5d2184d7c17f913e83dce4"}
