{"index": {"_index":"luv","_id":"3202603"}}
	{"id":3202603,"type":"sell","buyer":"erhan92","seller":"steinreich","symbol":"LUV","quantity":"3.00000000","price":"0.01560010","timestamp":1650004398,"volume":"0.04680030","buyTxId":"0a756b3e9c5eda460f1bf93af72da513048ea3ce","sellTxId":"12e700e31cab4b35952e9970ff64c3eda52e3f28"}
{"index": {"_index":"luv","_id":"3204390"}}
	{"id":3204390,"type":"buy","buyer":"mryoung1979","seller":"gaboamc2393","symbol":"LUV","quantity":"0.00000029","price":"0.02680000","timestamp":1650028572,"volume":"0.00000001","buyTxId":"fe59d79f1c84537716307ab97b4afcfd448cf5f6","sellTxId":"2b565e10272e85f53e4afe04bc229d905cf075c8"}
{"index": {"_index":"luv","_id":"3204391"}}
	{"id":3204391,"type":"buy","buyer":"mryoung1979","seller":"accelerator","symbol":"LUV","quantity":"1.00000000","price":"0.02680000","timestamp":1650028572,"volume":"0.02680000","buyTxId":"fe59d79f1c84537716307ab97b4afcfd448cf5f6","sellTxId":"e5a44128ef019e79646cad44a97a9ef01bf15b5e"}
{"index": {"_index":"luv","_id":"3204392"}}
	{"id":3204392,"type":"buy","buyer":"mryoung1979","seller":"tokutaro22","symbol":"LUV","quantity":"1.00000000","price":"0.02680000","timestamp":1650028572,"volume":"0.02680000","buyTxId":"fe59d79f1c84537716307ab97b4afcfd448cf5f6","sellTxId":"85fe67a7767f717b372596959ed0cf2ae14b7dfe"}
{"index": {"_index":"luv","_id":"3204393"}}
	{"id":3204393,"type":"buy","buyer":"mryoung1979","seller":"tokutaro22","symbol":"LUV","quantity":"1.00000000","price":"0.02680000","timestamp":1650028572,"volume":"0.02680000","buyTxId":"fe59d79f1c84537716307ab97b4afcfd448cf5f6","sellTxId":"77f51c64aebd136d2981e86d346f547597d8b3d8"}
{"index": {"_index":"luv","_id":"3204394"}}
	{"id":3204394,"type":"buy","buyer":"mryoung1979","seller":"yeckingo1","symbol":"LUV","quantity":"0.45149224","price":"0.02680000","timestamp":1650028572,"volume":"0.01209999","buyTxId":"fe59d79f1c84537716307ab97b4afcfd448cf5f6","sellTxId":"7a9f6fd39ce41461bfad361880dfc3a850a4a428"}
{"index": {"_index":"luv","_id":"3204408"}}
	{"id":3204408,"type":"sell","buyer":"erhan92","seller":"kheldar1982","symbol":"LUV","quantity":"6.00000000","price":"0.01560010","timestamp":1650028680,"volume":"0.09360060","buyTxId":"0a756b3e9c5eda460f1bf93af72da513048ea3ce","sellTxId":"57b4b11ef3459bc010e548b0aaee4b5040ee4ace"}
{"index": {"_index":"luv","_id":"3204519"}}
	{"id":3204519,"type":"sell","buyer":"erhan92","seller":"namiks","symbol":"LUV","quantity":"1","price":"0.01560010","timestamp":1650029796,"volume":"0.01560010","buyTxId":"0a756b3e9c5eda460f1bf93af72da513048ea3ce","sellTxId":"2068cda1a7f5469c3e130a0b0f93c69315f9ffbc"}
{"index": {"_index":"luv","_id":"3205492"}}
	{"id":3205492,"type":"sell","buyer":"erhan92","seller":"silvertop","symbol":"LUV","quantity":"3.00000000","price":"0.01560010","timestamp":1650040752,"volume":"0.04680030","buyTxId":"0a756b3e9c5eda460f1bf93af72da513048ea3ce","sellTxId":"dd8c14c7b0ff5b7715884ded09bf5e9420e71ef2"}
{"index": {"_index":"luv","_id":"3205628"}}
	{"id":3205628,"type":"sell","buyer":"erhan92","seller":"unlikelysurvivor","symbol":"LUV","quantity":"0.00764760","price":"0.01560010","timestamp":1650041652,"volume":"0.00011930","buyTxId":"0a756b3e9c5eda460f1bf93af72da513048ea3ce","sellTxId":"233d3e645655fa593d04b7fba9d8a38ec5bf5a13"}
{"index": {"_index":"luv","_id":"3206674"}}
	{"id":3206674,"type":"sell","buyer":"psychopumpkin","seller":"misterc","symbol":"LUV","quantity":"10.00000000","price":"0.01629999","timestamp":1650049824,"volume":"0.16299990","buyTxId":"0caf35a71a9d83206a6fc2735748a3329ffedd78","sellTxId":"cd0e995c57d255ab801aaaa5b0fb68ce9e91b1d5"}
{"index": {"_index":"luv","_id":"3206687"}}
	{"id":3206687,"type":"sell","buyer":"roger.remix","seller":"misterc","symbol":"LUV","quantity":"24.00400000","price":"0.01563000","timestamp":1650049905,"volume":"0.37518252","buyTxId":"1e17dc0775bbc8768c365cf87873bddc0cdb5584","sellTxId":"f5856820b78f3a7a5ca2fab2c6025436b1750f39"}
{"index": {"_index":"luv","_id":"3206897"}}
	{"id":3206897,"type":"sell","buyer":"roger.remix","seller":"dswap","symbol":"LUV","quantity":"5","price":"0.01563000","timestamp":1650052257,"volume":"0.07815000","buyTxId":"1e17dc0775bbc8768c365cf87873bddc0cdb5584","sellTxId":"a1c0b49591bfd3d3af47afdfe98532c79b3f462c"}
{"index": {"_index":"luv","_id":"3207175"}}
	{"id":3207175,"type":"sell","buyer":"roger.remix","seller":"laritheghost","symbol":"LUV","quantity":"2.22995908","price":"0.01563000","timestamp":1650055455,"volume":"0.03485426","buyTxId":"1e17dc0775bbc8768c365cf87873bddc0cdb5584","sellTxId":"cbe1846cc7be3585f40dc1a7f35cde0c42b1e8da"}
{"index": {"_index":"luv","_id":"3207518"}}
	{"id":3207518,"type":"buy","buyer":"edgerik","seller":"rzc24-nftbbg","symbol":"LUV","quantity":"5.00000000","price":"0.02500000","timestamp":1650059178,"volume":"0.12500000","buyTxId":"63178f0e171cc98a348a030c1c313dd16bac954d","sellTxId":"6d1c5c8197620f5ea6826913bcc22cdecd0247e8"}
{"index": {"_index":"luv","_id":"3207746"}}
	{"id":3207746,"type":"sell","buyer":"roger.remix","seller":"gadrian","symbol":"LUV","quantity":"1.00300000","price":"0.01563000","timestamp":1650060915,"volume":"0.01567689","buyTxId":"1e17dc0775bbc8768c365cf87873bddc0cdb5584","sellTxId":"05257da0f40acd5262b0b49e494a573c7286933f"}
{"index": {"_index":"luv","_id":"3208244"}}
	{"id":3208244,"type":"sell","buyer":"roger.remix","seller":"powerpaul","symbol":"LUV","quantity":"5.85066250","price":"0.01563000","timestamp":1650064494,"volume":"0.09144585","buyTxId":"1e17dc0775bbc8768c365cf87873bddc0cdb5584","sellTxId":"f41aba6520e9b32281230a98f808e545682a779c"}
{"index": {"_index":"luv","_id":"3208817"}}
	{"id":3208817,"type":"sell","buyer":"roger.remix","seller":"yintercept","symbol":"LUV","quantity":"2.00000000","price":"0.01563000","timestamp":1650070935,"volume":"0.03126000","buyTxId":"1e17dc0775bbc8768c365cf87873bddc0cdb5584","sellTxId":"20a3be07ca41e7dcb52cf5aab5ed4d3999a21c8f"}
