{"index": {"_index":"luv","_id":"4006447"}}
	{"id":4006447,"type":"sell","buyer":"yonnathang","seller":"mateodm03","symbol":"LUV","quantity":"13.00000000","price":"0.00981102","timestamp":1658968146,"volume":"0.12754326","buyTxId":"4ec992abe3b98cdf4938e18c2e0986cef67bdea2","sellTxId":"cd1d87629ae2860af2e04cb83de35f1787e90dd7"}
{"index": {"_index":"luv","_id":"4006448"}}
	{"id":4006448,"type":"sell","buyer":"yonnathang","seller":"bitcoinflood","symbol":"LUV","quantity":"2.00003663","price":"0.00981102","timestamp":1658968161,"volume":"0.01962240","buyTxId":"4ec992abe3b98cdf4938e18c2e0986cef67bdea2","sellTxId":"dfdea39a208e035b55b4c245caa9ff18f3bf1281"}
{"index": {"_index":"luv","_id":"4006906"}}
	{"id":4006906,"type":"sell","buyer":"yonnathang","seller":"poshtoken","symbol":"LUV","quantity":"29.00000000","price":"0.00981102","timestamp":1658973339,"volume":"0.28451958","buyTxId":"4ec992abe3b98cdf4938e18c2e0986cef67bdea2","sellTxId":"0477a26f24635e1dea91f4bd1f0f17ac12d9a6ae"}
{"index": {"_index":"luv","_id":"4007586"}}
	{"id":4007586,"type":"sell","buyer":"yonnathang","seller":"royalpeek","symbol":"LUV","quantity":"3","price":"0.00981102","timestamp":1658982444,"volume":"0.02943306","buyTxId":"4ec992abe3b98cdf4938e18c2e0986cef67bdea2","sellTxId":"ae330256c6c447fe52a22d7a68f665c12842fbb9"}
{"index": {"_index":"luv","_id":"4008220"}}
	{"id":4008220,"type":"sell","buyer":"yonnathang","seller":"hive-143869","symbol":"LUV","quantity":"3.00000000","price":"0.00981102","timestamp":1658991834,"volume":"0.02943306","buyTxId":"4ec992abe3b98cdf4938e18c2e0986cef67bdea2","sellTxId":"a7b9c78d9a38fa9bc79393b077a5a661aaf76bd7"}
{"index": {"_index":"luv","_id":"4008226"}}
	{"id":4008226,"type":"sell","buyer":"yonnathang","seller":"digital-fortress","symbol":"LUV","quantity":"0.00000323","price":"0.00981102","timestamp":1658991897,"volume":"0.00000003","buyTxId":"4ec992abe3b98cdf4938e18c2e0986cef67bdea2","sellTxId":"88047278f141190be263e4504f5df5362cb5f7b5"}
{"index": {"_index":"luv","_id":"4009184"}}
	{"id":4009184,"type":"sell","buyer":"yonnathang","seller":"lxsxl","symbol":"LUV","quantity":"22.17657659","price":"0.00981102","timestamp":1659005802,"volume":"0.21757484","buyTxId":"4ec992abe3b98cdf4938e18c2e0986cef67bdea2","sellTxId":"62a892be0a5656084db69371a73b0e146dddce82"}
{"index": {"_index":"luv","_id":"4010014"}}
	{"id":4010014,"type":"sell","buyer":"yonnathang","seller":"ydaiznfts","symbol":"LUV","quantity":"3.00000000","price":"0.00981102","timestamp":1659015270,"volume":"0.02943306","buyTxId":"4ec992abe3b98cdf4938e18c2e0986cef67bdea2","sellTxId":"2ca3f80582dd123909f33faec09ba304d9f60da5"}
{"index": {"_index":"luv","_id":"4010956"}}
	{"id":4010956,"type":"sell","buyer":"yonnathang","seller":"astrocreator","symbol":"LUV","quantity":"89.00000000","price":"0.00981102","timestamp":1659023763,"volume":"0.87318078","buyTxId":"4ec992abe3b98cdf4938e18c2e0986cef67bdea2","sellTxId":"f36cfe739378f61f28330bec200d8cd4c2bf76cc"}
{"index": {"_index":"luv","_id":"4011499"}}
	{"id":4011499,"type":"sell","buyer":"yonnathang","seller":"eforucom","symbol":"LUV","quantity":"1.00000000","price":"0.00981102","timestamp":1659028605,"volume":"0.00981102","buyTxId":"4ec992abe3b98cdf4938e18c2e0986cef67bdea2","sellTxId":"9d26fe18a50d80da5d2a1e822785113eacc3b743"}
{"index": {"_index":"luv","_id":"4012819"}}
	{"id":4012819,"type":"sell","buyer":"yonnathang","seller":"flaxz","symbol":"LUV","quantity":"4","price":"0.00981102","timestamp":1659040458,"volume":"0.03924408","buyTxId":"4ec992abe3b98cdf4938e18c2e0986cef67bdea2","sellTxId":"334054ac3564b696ce010b33646e1e0b9f35f19d"}
{"index": {"_index":"luv","_id":"4013828"}}
	{"id":4013828,"type":"sell","buyer":"yonnathang","seller":"pousinha","symbol":"LUV","quantity":"1","price":"0.00981102","timestamp":1659053631,"volume":"0.00981102","buyTxId":"4ec992abe3b98cdf4938e18c2e0986cef67bdea2","sellTxId":"678f04514fb4d545951fed6dcaecf9f33cdb0994"}
