{"index": {"_index":"luv","_id":"4034883"}}
	{"id":4034883,"type":"sell","buyer":"bilpcoinbpc","seller":"steem82868","symbol":"LUV","quantity":"3.00000000","price":"0.00950001","timestamp":1659313398,"volume":"0.02850003","buyTxId":"9c21959f36ceb2f0ad03b0bccfe92ddfcf616c56","sellTxId":"e5cd50028e4c5285ae43cfff1dca6dcc44790ec8"}
{"index": {"_index":"luv","_id":"4037248"}}
	{"id":4037248,"type":"sell","buyer":"bilpcoinbpc","seller":"steem82868","symbol":"LUV","quantity":"1.00000000","price":"0.00950001","timestamp":1659317574,"volume":"0.00950001","buyTxId":"9c21959f36ceb2f0ad03b0bccfe92ddfcf616c56","sellTxId":"c4e5b6d9bd35fd4be3e42871d1b55467eab3a55b"}
{"index": {"_index":"luv","_id":"4037587"}}
	{"id":4037587,"type":"sell","buyer":"bilpcoinbpc","seller":"british-bulldog","symbol":"LUV","quantity":"7.39119601","price":"0.00950001","timestamp":1659318852,"volume":"0.07021643","buyTxId":"9c21959f36ceb2f0ad03b0bccfe92ddfcf616c56","sellTxId":"f00b7478921e3ad482f67e07ec90be5237f693ac"}
{"index": {"_index":"luv","_id":"4037588"}}
	{"id":4037588,"type":"sell","buyer":"kryptofire","seller":"british-bulldog","symbol":"LUV","quantity":"8.00000000","price":"0.00950001","timestamp":1659318852,"volume":"0.07600008","buyTxId":"febfc4e66f653b811933ff9bde56d9aa80391ce2","sellTxId":"f00b7478921e3ad482f67e07ec90be5237f693ac"}
{"index": {"_index":"luv","_id":"4037589"}}
	{"id":4037589,"type":"sell","buyer":"petra67","seller":"british-bulldog","symbol":"LUV","quantity":"28.00000000","price":"0.00760556","timestamp":1659318852,"volume":"0.21295568","buyTxId":"6d0ebd36f35cbc68ee8c1dfc583066e917704c94","sellTxId":"f00b7478921e3ad482f67e07ec90be5237f693ac"}
{"index": {"_index":"luv","_id":"4037590"}}
	{"id":4037590,"type":"sell","buyer":"petra67","seller":"british-bulldog","symbol":"LUV","quantity":"50.00000000","price":"0.00660556","timestamp":1659318852,"volume":"0.33027800","buyTxId":"7c6679feda67b3f842c40873c7e3c991ce85cf6c","sellTxId":"f00b7478921e3ad482f67e07ec90be5237f693ac"}
{"index": {"_index":"luv","_id":"4037591"}}
	{"id":4037591,"type":"sell","buyer":"cloudblade","seller":"british-bulldog","symbol":"LUV","quantity":"170.00000000","price":"0.00581200","timestamp":1659318852,"volume":"0.98804000","buyTxId":"db7fab83642fa2b1565606e64fe606837323ea84","sellTxId":"f00b7478921e3ad482f67e07ec90be5237f693ac"}
{"index": {"_index":"luv","_id":"4037592"}}
	{"id":4037592,"type":"sell","buyer":"h3m4n7","seller":"british-bulldog","symbol":"LUV","quantity":"200.00000000","price":"0.00581100","timestamp":1659318852,"volume":"1.16220000","buyTxId":"ab33cc9968854653bedbe53092e15598823a798e","sellTxId":"f00b7478921e3ad482f67e07ec90be5237f693ac"}
{"index": {"_index":"luv","_id":"4037593"}}
	{"id":4037593,"type":"sell","buyer":"imagenius.dac","seller":"british-bulldog","symbol":"LUV","quantity":"500.00000000","price":"0.00581000","timestamp":1659318852,"volume":"2.90500000","buyTxId":"79fe49eb026752413415564dff5dc0995c6ac940","sellTxId":"f00b7478921e3ad482f67e07ec90be5237f693ac"}
{"index": {"_index":"luv","_id":"4037594"}}
	{"id":4037594,"type":"sell","buyer":"petra67","seller":"british-bulldog","symbol":"LUV","quantity":"40.00366851","price":"0.00560556","timestamp":1659318852,"volume":"0.22424296","buyTxId":"3607443fd5ad887893776e98fa698bcc89292cbd","sellTxId":"f00b7478921e3ad482f67e07ec90be5237f693ac"}
{"index": {"_index":"luv","_id":"4039221"}}
	{"id":4039221,"type":"sell","buyer":"metzli","seller":"aweee","symbol":"LUV","quantity":"3.00000000","price":"0.00570000","timestamp":1659329364,"volume":"0.01710000","buyTxId":"58c256b70e9c1ebaaf091cf1d2fdb6cf55ecab11","sellTxId":"433ebdbc6c91dac5126da44e8935e5b1682ea9c7"}
{"index": {"_index":"luv","_id":"4039251"}}
	{"id":4039251,"type":"sell","buyer":"petra67","seller":"aweee","symbol":"LUV","quantity":"5.00000000","price":"0.00560556","timestamp":1659329556,"volume":"0.02802780","buyTxId":"3607443fd5ad887893776e98fa698bcc89292cbd","sellTxId":"5ac2340ecfe78696013c421d66990b0dee4c11b0"}
{"index": {"_index":"luv","_id":"4040027"}}
	{"id":4040027,"type":"sell","buyer":"metzli","seller":"uveee","symbol":"LUV","quantity":"1.00000000","price":"0.00570000","timestamp":1659337410,"volume":"0.00570000","buyTxId":"e8c108897683b468a480d4fd8b9ccc1a96a50d4c","sellTxId":"7eeafcb935850b437efb1e022c5a812397ba994c"}
{"index": {"_index":"luv","_id":"4042552"}}
	{"id":4042552,"type":"sell","buyer":"metzli","seller":"flaxz","symbol":"LUV","quantity":"2","price":"0.00570000","timestamp":1659354318,"volume":"0.01140000","buyTxId":"e8c108897683b468a480d4fd8b9ccc1a96a50d4c","sellTxId":"f139ef7862423a116a08387c8bb21f02dd69007e"}
{"index": {"_index":"luv","_id":"4042762"}}
	{"id":4042762,"type":"sell","buyer":"metzli","seller":"aliveprojects","symbol":"LUV","quantity":"6.00000000","price":"0.00570000","timestamp":1659356829,"volume":"0.03420000","buyTxId":"e8c108897683b468a480d4fd8b9ccc1a96a50d4c","sellTxId":"ee23c52d4de5cf52f5d729b90abc1b35b2c21815"}
{"index": {"_index":"luv","_id":"4042763"}}
	{"id":4042763,"type":"sell","buyer":"petra67","seller":"aliveprojects","symbol":"LUV","quantity":"4.99633149","price":"0.00560556","timestamp":1659356829,"volume":"0.02800724","buyTxId":"3607443fd5ad887893776e98fa698bcc89292cbd","sellTxId":"ee23c52d4de5cf52f5d729b90abc1b35b2c21815"}
{"index": {"_index":"luv","_id":"4042764"}}
	{"id":4042764,"type":"sell","buyer":"mineopoly","seller":"aliveprojects","symbol":"LUV","quantity":"1.00366851","price":"0.00560000","timestamp":1659356829,"volume":"0.00562054","buyTxId":"5ee610469a8172fc648a8ec3dd8769d57530781c","sellTxId":"ee23c52d4de5cf52f5d729b90abc1b35b2c21815"}
{"index": {"_index":"luv","_id":"4043403"}}
	{"id":4043403,"type":"sell","buyer":"mineopoly","seller":"penyaircyber","symbol":"LUV","quantity":"50.00000000","price":"0.00560000","timestamp":1659362565,"volume":"0.28000000","buyTxId":"5ee610469a8172fc648a8ec3dd8769d57530781c","sellTxId":"1eb65954569c4dbfb87d234d4f852a366ab84c46"}
{"index": {"_index":"luv","_id":"4044686"}}
	{"id":4044686,"type":"sell","buyer":"mineopoly","seller":"lisamgentile1961","symbol":"LUV","quantity":"1.00000001","price":"0.00560000","timestamp":1659370212,"volume":"0.00560000","buyTxId":"5ee610469a8172fc648a8ec3dd8769d57530781c","sellTxId":"84ed24bd97d479e84f884cf1e6a0f665b1153fad"}
{"index": {"_index":"luv","_id":"4045771"}}
	{"id":4045771,"type":"sell","buyer":"mineopoly","seller":"tydynrain","symbol":"LUV","quantity":"1.00000000","price":"0.00560000","timestamp":1659378009,"volume":"0.00560000","buyTxId":"5ee610469a8172fc648a8ec3dd8769d57530781c","sellTxId":"2a5c7327fb9412b16c764507fe553776ea371183"}
{"index": {"_index":"luv","_id":"4046544"}}
	{"id":4046544,"type":"sell","buyer":"timehacker","seller":"entrepidus","symbol":"LUV","quantity":"2.00000000","price":"0.00570000","timestamp":1659384849,"volume":"0.01140000","buyTxId":"89ee301198aa1a70588f905956bf21b0bfd145e9","sellTxId":"e52aa43ad6d3f9b06831e9048c1ca6ae33e4332e"}
{"index": {"_index":"luv","_id":"4047332"}}
	{"id":4047332,"type":"sell","buyer":"timehacker","seller":"invest-time","symbol":"LUV","quantity":"3.00000000","price":"0.00570000","timestamp":1659389553,"volume":"0.01710000","buyTxId":"89ee301198aa1a70588f905956bf21b0bfd145e9","sellTxId":"8f188066b32e7a46a3911f426b8bf52bf77669bf"}
{"index": {"_index":"luv","_id":"4047936"}}
	{"id":4047936,"type":"sell","buyer":"timehacker","seller":"thisisawesome","symbol":"LUV","quantity":"3.00000000","price":"0.00570000","timestamp":1659394683,"volume":"0.01710000","buyTxId":"89ee301198aa1a70588f905956bf21b0bfd145e9","sellTxId":"36c66631e676d1f968b5f86331ee222f4a40f1ae"}
{"index": {"_index":"luv","_id":"4047937"}}
	{"id":4047937,"type":"sell","buyer":"mineopoly","seller":"thisisawesome","symbol":"LUV","quantity":"1.00000000","price":"0.00560000","timestamp":1659394683,"volume":"0.00560000","buyTxId":"5ee610469a8172fc648a8ec3dd8769d57530781c","sellTxId":"36c66631e676d1f968b5f86331ee222f4a40f1ae"}
