{"index": {"_index":"luv","_id":"3333794"}}
	{"id":3333794,"type":"sell","buyer":"onlydoge","seller":"dswap","symbol":"LUV","quantity":"4","price":"0.01503000","timestamp":1651525863,"volume":"0.06012000","buyTxId":"082236b3e30ea66d3fa4a7cf70cbd134a9a9c16b","sellTxId":"8dde8eb4ab7b6a1fed039438cc0b5ec4dced9019"}
{"index": {"_index":"luv","_id":"3333984"}}
	{"id":3333984,"type":"buy","buyer":"mizuosemla","seller":"onlydoge","symbol":"LUV","quantity":"24.24135756","price":"0.02749000","timestamp":1651528089,"volume":"0.66639492","buyTxId":"9bd52cbff46b1a45eab91a5417d65f48b8fd0475","sellTxId":"0586ab99aa26efe03006e2377dfc546b18745063"}
{"index": {"_index":"luv","_id":"3333985"}}
	{"id":3333985,"type":"buy","buyer":"mizuosemla","seller":"kizunasport","symbol":"LUV","quantity":"1.00000000","price":"0.02749000","timestamp":1651528089,"volume":"0.02749000","buyTxId":"9bd52cbff46b1a45eab91a5417d65f48b8fd0475","sellTxId":"921ec8e91cbdda1344b8214b41170eb6b49a7969"}
{"index": {"_index":"luv","_id":"3333986"}}
	{"id":3333986,"type":"buy","buyer":"mizuosemla","seller":"schlees","symbol":"LUV","quantity":"11.13145745","price":"0.02750000","timestamp":1651528089,"volume":"0.30611508","buyTxId":"9bd52cbff46b1a45eab91a5417d65f48b8fd0475","sellTxId":"3cc2b28a98d95e54c2b007895e7cf4dc2c2bdfe8"}
{"index": {"_index":"luv","_id":"3334047"}}
	{"id":3334047,"type":"sell","buyer":"onlydoge","seller":"thisisawesome","symbol":"LUV","quantity":"4","price":"0.01503000","timestamp":1651528956,"volume":"0.06012000","buyTxId":"082236b3e30ea66d3fa4a7cf70cbd134a9a9c16b","sellTxId":"84d3cec3153b4898ac2f6184804357208eb984ec"}
{"index": {"_index":"luv","_id":"3335961"}}
	{"id":3335961,"type":"sell","buyer":"onlydoge","seller":"xplosive","symbol":"LUV","quantity":"1.00000000","price":"0.01503000","timestamp":1651550742,"volume":"0.01503000","buyTxId":"082236b3e30ea66d3fa4a7cf70cbd134a9a9c16b","sellTxId":"0220faf44750644be1291dc9113896d8dc4b2297"}
{"index": {"_index":"luv","_id":"3336440"}}
	{"id":3336440,"type":"sell","buyer":"onlydoge","seller":"itharagaian","symbol":"LUV","quantity":"1.00000000","price":"0.01503000","timestamp":1651558188,"volume":"0.01503000","buyTxId":"082236b3e30ea66d3fa4a7cf70cbd134a9a9c16b","sellTxId":"efd56dd711fc48a0a5de89055e79e367faff3e8d"}
{"index": {"_index":"luv","_id":"3337209"}}
	{"id":3337209,"type":"sell","buyer":"brianhuang","seller":"horusisback","symbol":"LUV","quantity":"1","price":"0.01504000","timestamp":1651568472,"volume":"0.01504000","buyTxId":"fd1791f0f1f940a8c03815c6bb2382ea44afdfee","sellTxId":"7161b797ac5f765d1f437febea528aa6cdcf02fd"}
{"index": {"_index":"luv","_id":"3337637"}}
	{"id":3337637,"type":"sell","buyer":"brianhuang","seller":"rzc24-nftbbg","symbol":"LUV","quantity":"12.00000000","price":"0.01504000","timestamp":1651574265,"volume":"0.18048000","buyTxId":"fd1791f0f1f940a8c03815c6bb2382ea44afdfee","sellTxId":"83cf8572b5106f7245605c5c8b764649b818408c"}
{"index": {"_index":"luv","_id":"3337650"}}
	{"id":3337650,"type":"sell","buyer":"brianhuang","seller":"xplosive","symbol":"LUV","quantity":"50.00000000","price":"0.01504000","timestamp":1651574550,"volume":"0.75200000","buyTxId":"fd1791f0f1f940a8c03815c6bb2382ea44afdfee","sellTxId":"a1d201024526c85c27cc7de0f0f73767e51c2dbb"}
{"index": {"_index":"luv","_id":"3337960"}}
	{"id":3337960,"type":"sell","buyer":"brianhuang","seller":"dswap","symbol":"LUV","quantity":"1","price":"0.01500200","timestamp":1651579119,"volume":"0.01500200","buyTxId":"ca843fbae82616f4251cbcbedb8cd34503710e90","sellTxId":"039654bc6ad490cd3c7dedaa4fb3d5e9453d5798"}
{"index": {"_index":"luv","_id":"3338719"}}
	{"id":3338719,"type":"sell","buyer":"brianhuang","seller":"sayago","symbol":"LUV","quantity":"18.00000000","price":"0.01500200","timestamp":1651588305,"volume":"0.27003600","buyTxId":"ca843fbae82616f4251cbcbedb8cd34503710e90","sellTxId":"a29bd68f53c7dcf2be886aefae7b8ba80a9e0899"}
{"index": {"_index":"luv","_id":"3339059"}}
	{"id":3339059,"type":"sell","buyer":"brianhuang","seller":"thranax","symbol":"LUV","quantity":"1.00000000","price":"0.01500200","timestamp":1651592361,"volume":"0.01500200","buyTxId":"ca843fbae82616f4251cbcbedb8cd34503710e90","sellTxId":"f178da465d075b5849c9527dc92453b67a77c5de"}
{"index": {"_index":"luv","_id":"3339737"}}
	{"id":3339737,"type":"sell","buyer":"brianhuang","seller":"silvertop","symbol":"LUV","quantity":"1.00000000","price":"0.01500200","timestamp":1651597686,"volume":"0.01500200","buyTxId":"ca843fbae82616f4251cbcbedb8cd34503710e90","sellTxId":"b127f4e1443e359fd2ec1312326d71aa60c01b37"}
{"index": {"_index":"luv","_id":"3339780"}}
	{"id":3339780,"type":"sell","buyer":"brianhuang","seller":"hakeke","symbol":"LUV","quantity":"78","price":"0.01500200","timestamp":1651598028,"volume":"1.17015600","buyTxId":"ca843fbae82616f4251cbcbedb8cd34503710e90","sellTxId":"d979ec78acf489d86430ae4af2d6f0dbfbdec0f4"}
{"index": {"_index":"luv","_id":"3340194"}}
	{"id":3340194,"type":"buy","buyer":"edgerik","seller":"onlydoge","symbol":"LUV","quantity":"4.00000000","price":"0.02749000","timestamp":1651601325,"volume":"0.10996000","buyTxId":"7f8ea8ec42d665ad73318f339e75cea78df6c4e3","sellTxId":"d78b1d6199d720c5cb8bd0d7e1a48100b9843138"}
{"index": {"_index":"luv","_id":"3340460"}}
	{"id":3340460,"type":"sell","buyer":"brianhuang","seller":"gestion.alive","symbol":"LUV","quantity":"9.00000000","price":"0.01500200","timestamp":1651604673,"volume":"0.13501800","buyTxId":"ca843fbae82616f4251cbcbedb8cd34503710e90","sellTxId":"4dbfef518fd9e8053dbcb967ceed49b9289d5c97"}
