{"index": {"_index":"luv","_id":"4082151"}}
	{"id":4082151,"type":"sell","buyer":"metzli","seller":"eforucom","symbol":"LUV","quantity":"0.00000119","price":"0.00560000","timestamp":1659833088,"volume":"0.00000001","buyTxId":"456efc505e4d2081ec0b58602bd8597152c2f86f","sellTxId":"d4e1cf2a3ae546425d59afd9ea331eeaef4541c5"}
{"index": {"_index":"luv","_id":"4082426"}}
	{"id":4082426,"type":"sell","buyer":"metzli","seller":"operahoser","symbol":"LUV","quantity":"1.00000000","price":"0.00560000","timestamp":1659835413,"volume":"0.00560000","buyTxId":"456efc505e4d2081ec0b58602bd8597152c2f86f","sellTxId":"e8c202b40935f16dd2afb132ae167b9c262a0bd7"}
{"index": {"_index":"luv","_id":"4083107"}}
	{"id":4083107,"type":"sell","buyer":"metzli","seller":"dswap","symbol":"LUV","quantity":"1","price":"0.00560000","timestamp":1659844875,"volume":"0.00560000","buyTxId":"456efc505e4d2081ec0b58602bd8597152c2f86f","sellTxId":"6a58fb394d59c4ae5a682af5c4bd4a42a7d4d551"}
{"index": {"_index":"luv","_id":"4083786"}}
	{"id":4083786,"type":"sell","buyer":"metzli","seller":"tydynrain","symbol":"LUV","quantity":"1.00000000","price":"0.00560000","timestamp":1659856737,"volume":"0.00560000","buyTxId":"456efc505e4d2081ec0b58602bd8597152c2f86f","sellTxId":"1b256f6ec97f2f361f4d24f0871fde7754aafddf"}
{"index": {"_index":"luv","_id":"4083879"}}
	{"id":4083879,"type":"sell","buyer":"metzli","seller":"hive-143869","symbol":"LUV","quantity":"4.00000000","price":"0.00560000","timestamp":1659858525,"volume":"0.02240000","buyTxId":"456efc505e4d2081ec0b58602bd8597152c2f86f","sellTxId":"8ffe3d598280b7fd46f707757e4b371c47398f9a"}
{"index": {"_index":"luv","_id":"4083899"}}
	{"id":4083899,"type":"sell","buyer":"metzli","seller":"entraide.rewards","symbol":"LUV","quantity":"1.00000000","price":"0.00560000","timestamp":1659859104,"volume":"0.00560000","buyTxId":"456efc505e4d2081ec0b58602bd8597152c2f86f","sellTxId":"c4131dbe91c78ccd4ae92bf0e783493528d37704"}
{"index": {"_index":"luv","_id":"4084058"}}
	{"id":4084058,"type":"sell","buyer":"metzli","seller":"quotidien","symbol":"LUV","quantity":"1.99999881","price":"0.00560000","timestamp":1659862146,"volume":"0.01119999","buyTxId":"456efc505e4d2081ec0b58602bd8597152c2f86f","sellTxId":"a120eb760138b28bb202f80d2cb84f1a54117f15"}
{"index": {"_index":"luv","_id":"4084509"}}
	{"id":4084509,"type":"sell","buyer":"imagenius.dac","seller":"fiberfrau","symbol":"LUV","quantity":"9.00300000","price":"0.00555000","timestamp":1659870423,"volume":"0.04996665","buyTxId":"c22f01facabffb887f8c220eac44941b5b90ca08","sellTxId":"55c2a2be31506b798070ac23564b726551ab4504"}
{"index": {"_index":"luv","_id":"4085548"}}
	{"id":4085548,"type":"sell","buyer":"imagenius.dac","seller":"phortun","symbol":"LUV","quantity":"2","price":"0.00555000","timestamp":1659883248,"volume":"0.01110000","buyTxId":"c22f01facabffb887f8c220eac44941b5b90ca08","sellTxId":"64a162528e51586aed69fe0866df0a32b87c25da"}
{"index": {"_index":"luv","_id":"4085856"}}
	{"id":4085856,"type":"sell","buyer":"imagenius.dac","seller":"curator50","symbol":"LUV","quantity":"1.00000000","price":"0.00555000","timestamp":1659887325,"volume":"0.00555000","buyTxId":"c22f01facabffb887f8c220eac44941b5b90ca08","sellTxId":"c3b528cfd23040d9ea73ca9110137a01a5dc3f28"}
{"index": {"_index":"luv","_id":"4085879"}}
	{"id":4085879,"type":"buy","buyer":"metzli","seller":"quotidien","symbol":"LUV","quantity":"7.00000119","price":"0.00560000","timestamp":1659887556,"volume":"0.03920001","buyTxId":"9c6ac68ecafd7ba248587b8eaa999fcb9bf47be7","sellTxId":"a120eb760138b28bb202f80d2cb84f1a54117f15"}
{"index": {"_index":"luv","_id":"4087966"}}
	{"id":4087966,"type":"sell","buyer":"metzli","seller":"ugochill","symbol":"LUV","quantity":"1.00000000","price":"0.00556000","timestamp":1659909594,"volume":"0.00556000","buyTxId":"2b22840b20db16fab7ea9ee1945cd97ba3fff6a8","sellTxId":"40d54e4d1b0608251227ec8bb51d03b9f7c6b6ee"}
