{"index": {"_index":"luv","_id":"3946285"}}
	{"id":3946285,"type":"sell","buyer":"onlydoge","seller":"elkingplayer","symbol":"LUV","quantity":"15.00000000","price":"0.01004000","timestamp":1658287545,"volume":"0.15060000","buyTxId":"9cd957e5a499bd83594b96c2b454c7d4cfc7aa5f","sellTxId":"674aba74f869f80e94ba802d9b3c7a013f2e4096"}
{"index": {"_index":"luv","_id":"3946630"}}
	{"id":3946630,"type":"sell","buyer":"onlydoge","seller":"osomar357","symbol":"LUV","quantity":"1.00000000","price":"0.01004000","timestamp":1658292690,"volume":"0.01004000","buyTxId":"9cd957e5a499bd83594b96c2b454c7d4cfc7aa5f","sellTxId":"70cbe97fe05bf7df26042bdc2a0ce7e7d8ee580a"}
{"index": {"_index":"luv","_id":"3946842"}}
	{"id":3946842,"type":"sell","buyer":"onlydoge","seller":"gestion.alive","symbol":"LUV","quantity":"482.00796000","price":"0.01004000","timestamp":1658295213,"volume":"4.83935992","buyTxId":"9cd957e5a499bd83594b96c2b454c7d4cfc7aa5f","sellTxId":"157c07327b34521c43ee192e302f91b71ff78cbd"}
{"index": {"_index":"luv","_id":"3946843"}}
	{"id":3946843,"type":"sell","buyer":"alex2alex","seller":"gestion.alive","symbol":"LUV","quantity":"100.00000000","price":"0.01003000","timestamp":1658295213,"volume":"1.00300000","buyTxId":"920dc76a952b8b1b1db94f3e47393a3b7c84859d","sellTxId":"157c07327b34521c43ee192e302f91b71ff78cbd"}
{"index": {"_index":"luv","_id":"3946844"}}
	{"id":3946844,"type":"sell","buyer":"amaari","seller":"gestion.alive","symbol":"LUV","quantity":"82.99790821","price":"0.01001001","timestamp":1658295213,"volume":"0.83080989","buyTxId":"8d5aec09bbea7b686a2991e17c6806bcb741ce28","sellTxId":"157c07327b34521c43ee192e302f91b71ff78cbd"}
{"index": {"_index":"luv","_id":"3946919"}}
	{"id":3946919,"type":"sell","buyer":"siphon","seller":"chinito","symbol":"LUV","quantity":"19.00000000","price":"0.00980999","timestamp":1658295819,"volume":"0.18638981","buyTxId":"2fac5afa5710dff36d979beb2f1c7db4e9995c26","sellTxId":"efd3dcfbbfe579f81477cd844712394c2a717ca5"}
{"index": {"_index":"luv","_id":"3946964"}}
	{"id":3946964,"type":"sell","buyer":"siphon","seller":"cursephantom","symbol":"LUV","quantity":"2.00000000","price":"0.00980999","timestamp":1658296710,"volume":"0.01961998","buyTxId":"2fac5afa5710dff36d979beb2f1c7db4e9995c26","sellTxId":"13917a501ebfb38bf8e58895b67197c3f0c1c88b"}
{"index": {"_index":"luv","_id":"3947120"}}
	{"id":3947120,"type":"sell","buyer":"siphon","seller":"quotidien","symbol":"LUV","quantity":"2.00000000","price":"0.00980999","timestamp":1658299476,"volume":"0.01961998","buyTxId":"2fac5afa5710dff36d979beb2f1c7db4e9995c26","sellTxId":"77634ca35782eff526a7952c0bb229375405f6c4"}
{"index": {"_index":"luv","_id":"3947153"}}
	{"id":3947153,"type":"sell","buyer":"siphon","seller":"irivers","symbol":"LUV","quantity":"1.00000000","price":"0.00980999","timestamp":1658300022,"volume":"0.00980999","buyTxId":"2fac5afa5710dff36d979beb2f1c7db4e9995c26","sellTxId":"e4e298dae162410598dc7e02be3516cd4342fa67"}
{"index": {"_index":"luv","_id":"3948619"}}
	{"id":3948619,"type":"sell","buyer":"siphon","seller":"ydaiznfts","symbol":"LUV","quantity":"6.00000000","price":"0.00981100","timestamp":1658315952,"volume":"0.05886600","buyTxId":"f5c53e9165c3bcd2c82293cb049888cdc130f9d2","sellTxId":"5fe83f423dd48de7413658204dbab105d2385efe"}
{"index": {"_index":"luv","_id":"3949218"}}
	{"id":3949218,"type":"sell","buyer":"amaari","seller":"pousinha","symbol":"LUV","quantity":"1","price":"0.00981101","timestamp":1658326077,"volume":"0.00981101","buyTxId":"6eb745aa676d2139c93625a942c36a7bec93d01f","sellTxId":"0284a616aaeadf43e9793b6220413a3f7e8626dd"}
{"index": {"_index":"luv","_id":"3953254"}}
	{"id":3953254,"type":"sell","buyer":"amaari","seller":"steem82868","symbol":"LUV","quantity":"11.00000000","price":"0.00981101","timestamp":1658370354,"volume":"0.10792111","buyTxId":"6eb745aa676d2139c93625a942c36a7bec93d01f","sellTxId":"cee8f9ef67859f1a511b1952c6adce68fccd54e9"}
