{"index": {"_index":"spt","_id":"4832190"}}=	{"id":4832190,"type":"sell","buyer":"mcbot","seller":"sephiwolf","symbol":"SPT","quantity":"3089.310139","price":"0.00055600","timestamp":1668914148,"volume":"1.71765644","buyTxId":"1da070ffab0abdc6f1c61bca43249d810d31b758-1","sellTxId":"9b6a3a84570f3d93e23b6bfa2709e172059175c9"}
{"index": {"_index":"spt","_id":"4832217"}}=	{"id":4832217,"type":"sell","buyer":"mcbot","seller":"sovstar","symbol":"SPT","quantity":"9258.419864","price":"0.00055600","timestamp":1668914475,"volume":"5.14768144","buyTxId":"3c3bd99a9a15ea071719239c8dd7367f0b9d1c31-1","sellTxId":"650f7e6df91f83d3e7605c50fc56a3d07ca32ea0"}
{"index": {"_index":"spt","_id":"4832745"}}=	{"id":4832745,"type":"sell","buyer":"mcbot","seller":"mawit07","symbol":"SPT","quantity":"707.546747","price":"0.00055600","timestamp":1668922056,"volume":"0.39339599","buyTxId":"f156d3613495437e0c692a689e1c70b7b11f43b3-1","sellTxId":"15e2f96d1cc091bbcf75fd07508ce7f98615f6f0"}
{"index": {"_index":"spt","_id":"4833307"}}=	{"id":4833307,"type":"sell","buyer":"mcbot","seller":"sabosuke","symbol":"SPT","quantity":"168.419788","price":"0.00055600","timestamp":1668930711,"volume":"0.09364140","buyTxId":"f2e69f62c70166d65add484ce68a1d5ae680f8c7-1","sellTxId":"ecd248e2824a608a9caa06d76c20319aaa6d51d7"}
{"index": {"_index":"spt","_id":"4833452"}}=	{"id":4833452,"type":"buy","buyer":"zonguin","seller":"mypathtofire2","symbol":"SPT","quantity":"14.219278","price":"0.00065000","timestamp":1668933249,"volume":"0.00924253","buyTxId":"75bd636155aeb0f4fc861eeb0055483d69e68836","sellTxId":"97f9fbee2531dc7aac4eedf5f45961dd358a69d5"}
{"index": {"_index":"spt","_id":"4833453"}}=	{"id":4833453,"type":"buy","buyer":"zonguin","seller":"catomoon","symbol":"SPT","quantity":"1.619402","price":"0.00065000","timestamp":1668933249,"volume":"0.00105261","buyTxId":"75bd636155aeb0f4fc861eeb0055483d69e68836","sellTxId":"8175a7b507a83507de8754e4b595672d7878264c"}
{"index": {"_index":"spt","_id":"4833454"}}=	{"id":4833454,"type":"buy","buyer":"zonguin","seller":"invcble","symbol":"SPT","quantity":"13.928258","price":"0.00080000","timestamp":1668933249,"volume":"0.01114261","buyTxId":"75bd636155aeb0f4fc861eeb0055483d69e68836","sellTxId":"a35824e73b036c9f8beb258d0adfe636cec8d1b6"}
{"index": {"_index":"spt","_id":"4833455"}}=	{"id":4833455,"type":"buy","buyer":"zonguin","seller":"master-lamps","symbol":"SPT","quantity":"5.065479","price":"0.00081086","timestamp":1668933249,"volume":"0.00410739","buyTxId":"75bd636155aeb0f4fc861eeb0055483d69e68836","sellTxId":"e419fe4621331961b0965c5c79b4b72edacd8922"}
{"index": {"_index":"spt","_id":"4833456"}}=	{"id":4833456,"type":"buy","buyer":"zonguin","seller":"thewycher","symbol":"SPT","quantity":"342.000000","price":"0.00081087","timestamp":1668933249,"volume":"0.27731754","buyTxId":"75bd636155aeb0f4fc861eeb0055483d69e68836","sellTxId":"7a25f5ce8e1acf7c9feb0806ad0afd159391102f"}
{"index": {"_index":"spt","_id":"4833457"}}=	{"id":4833457,"type":"buy","buyer":"zonguin","seller":"kojiri","symbol":"SPT","quantity":"1100.000000","price":"0.00081088","timestamp":1668933249,"volume":"0.89196800","buyTxId":"75bd636155aeb0f4fc861eeb0055483d69e68836","sellTxId":"f49d72d53cdb9d899c2f7412b4d981eb82417a29"}
{"index": {"_index":"spt","_id":"4833458"}}=	{"id":4833458,"type":"buy","buyer":"zonguin","seller":"invcble","symbol":"SPT","quantity":"20.293841","price":"0.00081088","timestamp":1668933249,"volume":"0.01645587","buyTxId":"75bd636155aeb0f4fc861eeb0055483d69e68836","sellTxId":"7c84f45199fc60dba12b9724f04117d568a00d92"}
{"index": {"_index":"spt","_id":"4833459"}}=	{"id":4833459,"type":"buy","buyer":"zonguin","seller":"shinoxl","symbol":"SPT","quantity":"136.389069","price":"0.00081090","timestamp":1668933249,"volume":"0.11059790","buyTxId":"75bd636155aeb0f4fc861eeb0055483d69e68836","sellTxId":"e80db0cb4cc9a2afa6735133511074e81af14f5d"}
{"index": {"_index":"spt","_id":"4833460"}}=	{"id":4833460,"type":"buy","buyer":"zonguin","seller":"kuhnchun","symbol":"SPT","quantity":"91.116347","price":"0.00081190","timestamp":1668933249,"volume":"0.07397736","buyTxId":"75bd636155aeb0f4fc861eeb0055483d69e68836","sellTxId":"f732bc11e31e048f0948bb3ee16fa897590dfab2"}
{"index": {"_index":"spt","_id":"4833461"}}=	{"id":4833461,"type":"buy","buyer":"zonguin","seller":"qyses","symbol":"SPT","quantity":"330.539715","price":"0.00081198","timestamp":1668933249,"volume":"0.26839164","buyTxId":"75bd636155aeb0f4fc861eeb0055483d69e68836","sellTxId":"4f2cf72e21e596e3fa6d67b2a7bf5728950e5020"}
{"index": {"_index":"spt","_id":"4833462"}}=	{"id":4833462,"type":"buy","buyer":"zonguin","seller":"trincowski","symbol":"SPT","quantity":"8.273466","price":"0.00081198","timestamp":1668933249,"volume":"0.00671789","buyTxId":"75bd636155aeb0f4fc861eeb0055483d69e68836","sellTxId":"2e8f5f55a3d9fbd5b4f655c72421bec4cab9d289"}
{"index": {"_index":"spt","_id":"4833463"}}=	{"id":4833463,"type":"buy","buyer":"zonguin","seller":"crazyphantombr","symbol":"SPT","quantity":"101.455728","price":"0.00149990","timestamp":1668933249,"volume":"0.15217345","buyTxId":"75bd636155aeb0f4fc861eeb0055483d69e68836","sellTxId":"56e01b8c940a392383b563e036fdca8b5bb47aec"}
{"index": {"_index":"spt","_id":"4833464"}}=	{"id":4833464,"type":"buy","buyer":"zonguin","seller":"onlydoge","symbol":"SPT","quantity":"7429.469724","price":"0.00149990","timestamp":1668933249,"volume":"11.14346164","buyTxId":"75bd636155aeb0f4fc861eeb0055483d69e68836","sellTxId":"eab16ec70ee390ae2a7fae1d6d11de9187a6891a"}
{"index": {"_index":"spt","_id":"4833465"}}=	{"id":4833465,"type":"sell","buyer":"mcbot","seller":"engilhramn","symbol":"SPT","quantity":"141.744751","price":"0.00055600","timestamp":1668933285,"volume":"0.07881008","buyTxId":"c4e9dd1cbad8f6b747e0f8c923c408fd2491a1b0-1","sellTxId":"1e97b8d2e35ddf786bdcfeab9fcbf9743812543f"}
{"index": {"_index":"spt","_id":"4833475"}}=	{"id":4833475,"type":"buy","buyer":"zonguin","seller":"onlydoge","symbol":"SPT","quantity":"3333.555570","price":"0.00149990","timestamp":1668933381,"volume":"5","buyTxId":"fa23ac6c041e15a91216c07f9e5a5fe65dddf957","sellTxId":"eab16ec70ee390ae2a7fae1d6d11de9187a6891a"}
{"index": {"_index":"spt","_id":"4833652"}}=	{"id":4833652,"type":"sell","buyer":"mcbot","seller":"ricestrela","symbol":"SPT","quantity":"4.293228","price":"0.00055600","timestamp":1668935157,"volume":"0.00238703","buyTxId":"861bf4e80702b2ecdf7227f2f07a9390e720fe8a-1","sellTxId":"682dd4c7c35f04f1d97c1d816a2026d18fd6b970"}
{"index": {"_index":"spt","_id":"4834071"}}=	{"id":4834071,"type":"sell","buyer":"mcbot","seller":"khazrakh","symbol":"SPT","quantity":"79.989030","price":"0.00055600","timestamp":1668938679,"volume":"0.04447390","buyTxId":"347f0c4ca04362e0a0d0c6af602a180535570118-1","sellTxId":"03ff3524c253868b2427d0ab8c96f355e99fa5b1"}
{"index": {"_index":"spt","_id":"4834338"}}=	{"id":4834338,"type":"sell","buyer":"mcbot","seller":"mightyrocklee","symbol":"SPT","quantity":"737.719184","price":"0.00055600","timestamp":1668941913,"volume":"0.41017187","buyTxId":"69317ef9ed59e435709b4bfffbc767660a4ee36b-1","sellTxId":"1dcaaccc5152ffee0a8a92e59f00094e2340fd9f"}
{"index": {"_index":"spt","_id":"4834441"}}=	{"id":4834441,"type":"sell","buyer":"mcbot","seller":"itharagaian","symbol":"SPT","quantity":"0.002288","price":"0.00055600","timestamp":1668942393,"volume":"0.00000127","buyTxId":"35152981a5c8bbbcb3092ab3102d19ac919e12bd-1","sellTxId":"c33c20a84a512577bf97d2a6bf9494694c20ee11"}
{"index": {"_index":"spt","_id":"4836075"}}=	{"id":4836075,"type":"sell","buyer":"mcbot","seller":"belemo","symbol":"SPT","quantity":"15000.000000","price":"0.00055600","timestamp":1668954609,"volume":"8.34000000","buyTxId":"0584dc194fbcaa69bc5797b9153557158381c633-1","sellTxId":"227bb6ad7d2d612142c1673546daec9e3400e222"}
{"index": {"_index":"spt","_id":"4836076"}}=	{"id":4836076,"type":"sell","buyer":"he-index","seller":"belemo","symbol":"SPT","quantity":"12.590000","price":"0.00055600","timestamp":1668954609,"volume":"0.00700004","buyTxId":"02bcba7cbe7cab527f89055c6869d57735e9f28b","sellTxId":"227bb6ad7d2d612142c1673546daec9e3400e222"}
{"index": {"_index":"spt","_id":"4836077"}}=	{"id":4836077,"type":"sell","buyer":"he-index","seller":"belemo","symbol":"SPT","quantity":"44.964000","price":"0.00055600","timestamp":1668954609,"volume":"0.02499998","buyTxId":"026cd7e6c21428f84cb92cb3dba5815ebaae62a5","sellTxId":"227bb6ad7d2d612142c1673546daec9e3400e222"}
{"index": {"_index":"spt","_id":"4836078"}}=	{"id":4836078,"type":"sell","buyer":"fighter4-freedom","seller":"belemo","symbol":"SPT","quantity":"16968.244716","price":"0.00055599","timestamp":1668954609,"volume":"9.43417438","buyTxId":"b93545015d1eaf022d69cf0399eee43170055b80","sellTxId":"227bb6ad7d2d612142c1673546daec9e3400e222"}
{"index": {"_index":"spt","_id":"4836484"}}=	{"id":4836484,"type":"sell","buyer":"fighter4-freedom","seller":"hatdogsensei","symbol":"SPT","quantity":"148.520976","price":"0.00055599","timestamp":1668958761,"volume":"0.08257618","buyTxId":"b93545015d1eaf022d69cf0399eee43170055b80","sellTxId":"e8487bcd03204e57f662a8c663cd69d2d9d2973c"}
{"index": {"_index":"spt","_id":"4836555"}}=	{"id":4836555,"type":"sell","buyer":"fighter4-freedom","seller":"assassyn","symbol":"SPT","quantity":"7.976874","price":"0.00055599","timestamp":1668959358,"volume":"0.00443506","buyTxId":"b93545015d1eaf022d69cf0399eee43170055b80","sellTxId":"0bb5b686ede4efc6e28836c2894af491743c212f"}
{"index": {"_index":"spt","_id":"4836580"}}=	{"id":4836580,"type":"sell","buyer":"fighter4-freedom","seller":"dlmmqb","symbol":"SPT","quantity":"748.985052","price":"0.00055599","timestamp":1668959556,"volume":"0.41642820","buyTxId":"b93545015d1eaf022d69cf0399eee43170055b80","sellTxId":"d1ef111ce36780b2f908d95e47551e2f5f029014"}
{"index": {"_index":"spt","_id":"4837223"}}=	{"id":4837223,"type":"sell","buyer":"mcbot","seller":"bitcoinflood","symbol":"SPT","quantity":"192.908776","price":"0.00055600","timestamp":1668963396,"volume":"0.10725728","buyTxId":"45f1e1b05ebb5cba1eb908c25ccbc3dabb438a89","sellTxId":"93b0e709b4d7b78878719b98ec888fb4b477d62f"}
{"index": {"_index":"spt","_id":"4837369"}}=	{"id":4837369,"type":"buy","buyer":"mein-senf-dazu","seller":"thewycher","symbol":"SPT","quantity":"400.000000","price":"0.00062500","timestamp":1668964530,"volume":"0.25000000","buyTxId":"9d5441a05a31945d15955b5681731b4b48292902","sellTxId":"b9e5b46deb9e0e3f91e428e05b9506e625ab133d"}
{"index": {"_index":"spt","_id":"4838455"}}=	{"id":4838455,"type":"sell","buyer":"mcbot","seller":"catomoon","symbol":"SPT","quantity":"1.359812","price":"0.00055600","timestamp":1668972759,"volume":"0.00075606","buyTxId":"6b86a14091553b09a7890f62f08900833df1559c-1","sellTxId":"85261d0b860c98fbba848b9a3b613a45e115db10"}
{"index": {"_index":"spt","_id":"4838604"}}=	{"id":4838604,"type":"sell","buyer":"mcbot","seller":"samarek69","symbol":"SPT","quantity":"40.382234","price":"0.00055600","timestamp":1668974022,"volume":"0.02245252","buyTxId":"6b86a14091553b09a7890f62f08900833df1559c-1","sellTxId":"39764ef62cd8f11d96a9be9091a0a2a2f416700b"}
{"index": {"_index":"spt","_id":"4838622"}}=	{"id":4838622,"type":"sell","buyer":"mcbot","seller":"shauner","symbol":"SPT","quantity":"163.919295","price":"0.00055600","timestamp":1668974193,"volume":"0.09113913","buyTxId":"6b86a14091553b09a7890f62f08900833df1559c-1","sellTxId":"94cc5caf3dcb3e052cbfa34ea9a09fc19f05fcdc"}
{"index": {"_index":"spt","_id":"4838821"}}=	{"id":4838821,"type":"sell","buyer":"mcbot","seller":"carlosro","symbol":"SPT","quantity":"341.795283","price":"0.00055600","timestamp":1668975900,"volume":"0.19003818","buyTxId":"6b86a14091553b09a7890f62f08900833df1559c-1","sellTxId":"8ab9cb6aaaad3f443bb8bda6fea30a9047695f0f"}
{"index": {"_index":"spt","_id":"4840295"}}=	{"id":4840295,"type":"sell","buyer":"mcbot","seller":"eturnerx","symbol":"SPT","quantity":"1.627","price":"0.00055600","timestamp":1668990237,"volume":"0.00090461","buyTxId":"49aa8bc903c7751959d5d1535bfb79f39e23ddc3-1","sellTxId":"54f8248721f223949c5fd2b96bf9ab158fc8abb2"}
{"index": {"_index":"spt","_id":"4840628"}}=	{"id":4840628,"type":"sell","buyer":"mcbot","seller":"bitcoinflood","symbol":"SPT","quantity":"20.403468","price":"0.00055600","timestamp":1668993966,"volume":"0.01134433","buyTxId":"9c2c0d0c2543cf944dbbd7fd6dda18b3919a2e6a-1","sellTxId":"f454e1cc2fb1597aa6af3146c167d0f94fdca5c7"}
{"index": {"_index":"spt","_id":"4841055"}}=	{"id":4841055,"type":"sell","buyer":"mcbot","seller":"mawit07","symbol":"SPT","quantity":"555.604591","price":"0.00055600","timestamp":1668998349,"volume":"0.30891615","buyTxId":"5042dca57e758c4781cbebf9236f3b16c1e0e255-1","sellTxId":"223b02f6c57cf4ce3ead8a87daca927e30539c44"}
{"index": {"_index":"spt","_id":"4841077"}}=	{"id":4841077,"type":"buy","buyer":"mcbot","seller":"eythorphoto","symbol":"SPT","quantity":"0.095194","price":"0.00055601","timestamp":1668998658,"volume":"0.00005293","buyTxId":"760844ca406388a536005acead97096b5094fabd-1","sellTxId":"d4f9949368edb45a475dbc62d414400902d67fac"}
