{"id":5476472,"type":"sell","buyer":"zaku","seller":"jacksonizer","symbol":"SPT","quantity":"193.551894","price":"0.00038001","timestamp":1676249049,"volume":"0.07355166","buyTxId":"e70ddb4333bc0fa8d4d1241994c567e4ccae9e71","sellTxId":"efe9e70c2ff7aef956b68540182a99352322c44e"
{"id":5476690,"type":"sell","buyer":"zaku","seller":"heruvim1978","symbol":"SPT","quantity":"55.730552","price":"0.00038001","timestamp":1676251785,"volume":"0.02117817","buyTxId":"e70ddb4333bc0fa8d4d1241994c567e4ccae9e71","sellTxId":"51c39761dbb88851be9b2e564ca37ed4d0cd303e"
{"id":5477114,"type":"sell","buyer":"zaku","seller":"mightyrocklee","symbol":"SPT","quantity":"586.550408","price":"0.00038001","timestamp":1676257563,"volume":"0.22289502","buyTxId":"e70ddb4333bc0fa8d4d1241994c567e4ccae9e71","sellTxId":"ef4c1e53371b0b64645b5c54d838bd7ac5292abe"
{"id":5477185,"type":"sell","buyer":"zaku","seller":"mango-juice","symbol":"SPT","quantity":"147.227033","price":"0.00038001","timestamp":1676258454,"volume":"0.05594774","buyTxId":"e70ddb4333bc0fa8d4d1241994c567e4ccae9e71","sellTxId":"08b52e147c4706086dd0057d124eccd77e6c5df8"
{"id":5477538,"type":"sell","buyer":"zaku","seller":"yonilkar","symbol":"SPT","quantity":"4250.541201","price":"0.00038001","timestamp":1676263422,"volume":"1.61524816","buyTxId":"e70ddb4333bc0fa8d4d1241994c567e4ccae9e71","sellTxId":"24e73927d027538f4704b593553438a6002c2367"
{"id":5477541,"type":"sell","buyer":"zaku","seller":"mcbot","symbol":"SPT","quantity":"654.664419","price":"0.00038001","timestamp":1676263608,"volume":"0.24877903","buyTxId":"e70ddb4333bc0fa8d4d1241994c567e4ccae9e71","sellTxId":"1f2a8184053f98156db56dae9cab2e2765bd49d5"
{"id":5478032,"type":"buy","buyer":"mcbot","seller":"zeruxanime","symbol":"SPT","quantity":"8125.288734","price":"0.00038002","timestamp":1676271816,"volume":"3.08777222","buyTxId":"172a4ae1fdd8bb1bf9418e733d96c2f48aba2751","sellTxId":"75624e7fdd486e1527047a7ef2b44c8282b88fc7"
{"id":5478033,"type":"buy","buyer":"mcbot","seller":"master-lamps","symbol":"SPT","quantity":"0.069453","price":"0.00039998","timestamp":1676271816,"volume":"0.00002778","buyTxId":"172a4ae1fdd8bb1bf9418e733d96c2f48aba2751","sellTxId":"f61e50592fc25eb870eb3e692da6707e234d604b"
{"id":5478048,"type":"sell","buyer":"zaku","seller":"mawit07","symbol":"SPT","quantity":"1657.765770","price":"0.00038001","timestamp":1676272158,"volume":"0.62996757","buyTxId":"e70ddb4333bc0fa8d4d1241994c567e4ccae9e71","sellTxId":"f8b331776467760b4041a6d475f108d513d425f1"
{"id":5478703,"type":"sell","buyer":"zaku","seller":"pele23","symbol":"SPT","quantity":"2.129411","price":"0.00038001","timestamp":1676281554,"volume":"0.00080920","buyTxId":"e70ddb4333bc0fa8d4d1241994c567e4ccae9e71","sellTxId":"7502ca173ae9e9c4fee32946c3e70c1132ce2d84"
{"id":5478839,"type":"sell","buyer":"zaku","seller":"queenstarr","symbol":"SPT","quantity":"8756.218057","price":"0.00038001","timestamp":1676283363,"volume":"3.32745042","buyTxId":"e70ddb4333bc0fa8d4d1241994c567e4ccae9e71","sellTxId":"970bcc0a0cc3e8d7806ca2089e038d0e661e4fbd"
{"id":5479189,"type":"sell","buyer":"zaku","seller":"carlosro","symbol":"SPT","quantity":"3682.564955","price":"0.00038001","timestamp":1676289009,"volume":"1.39941151","buyTxId":"e70ddb4333bc0fa8d4d1241994c567e4ccae9e71","sellTxId":"6da42bf9caa866dcedeafd05a6bc72c4f0904d57"
{"id":5479272,"type":"sell","buyer":"zaku","seller":"gadrian","symbol":"SPT","quantity":"362.987546","price":"0.00038001","timestamp":1676290626,"volume":"0.13793890","buyTxId":"e70ddb4333bc0fa8d4d1241994c567e4ccae9e71","sellTxId":"cb70e263a8d6599655567a6993edf0f50f7a5228"
{"id":5479323,"type":"sell","buyer":"zaku","seller":"dragokazo","symbol":"SPT","quantity":"30.103074","price":"0.00038001","timestamp":1676291292,"volume":"0.01143947","buyTxId":"e70ddb4333bc0fa8d4d1241994c567e4ccae9e71","sellTxId":"52b88c998cfc97f2b1f08bc53acaec9e0408423b"
{"id":5479727,"type":"sell","buyer":"zaku","seller":"zallin.spt","symbol":"SPT","quantity":"77.120419","price":"0.00038001","timestamp":1676297091,"volume":"0.02930653","buyTxId":"e70ddb4333bc0fa8d4d1241994c567e4ccae9e71","sellTxId":"1eb511f07546c9319e1066e46596743bfe0d396a"
{"id":5479859,"type":"sell","buyer":"zaku","seller":"thelogicaldude","symbol":"SPT","quantity":"129.618311","price":"0.00038001","timestamp":1676299035,"volume":"0.04925625","buyTxId":"e70ddb4333bc0fa8d4d1241994c567e4ccae9e71","sellTxId":"feb043f8c8b3ac596a4d83c24ac2015b6d138dc1"
{"id":5479863,"type":"buy","buyer":"igel2017","seller":"master-lamps","symbol":"SPT","quantity":"1403.264947","price":"0.00039997","timestamp":1676299053,"volume":"0.56126388","buyTxId":"019e53f59ba8668dbf73a5db7aa34f736bfce955","sellTxId":"7d1a26ec55fc0cc6f2538dd39b0f811831aef871"
{"id":5480016,"type":"sell","buyer":"zaku","seller":"communitybank","symbol":"SPT","quantity":"30.683131","price":"0.00038001","timestamp":1676300637,"volume":"0.01165990","buyTxId":"e70ddb4333bc0fa8d4d1241994c567e4ccae9e71","sellTxId":"9927213a1cf0d2d5f6e3cfd432f2f4e7d20c68f4"
{"id":5480317,"type":"sell","buyer":"zaku","seller":"kraki","symbol":"SPT","quantity":"10.896642","price":"0.00038001","timestamp":1676303505,"volume":"0.00414083","buyTxId":"e70ddb4333bc0fa8d4d1241994c567e4ccae9e71","sellTxId":"a909aff3a8b19d129bbb3c5da5eb86246d0ae225"
{"id":5480519,"type":"sell","buyer":"zaku","seller":"hive-103505","symbol":"SPT","quantity":"350.442898","price":"0.00038001","timestamp":1676305632,"volume":"0.13317181","buyTxId":"e70ddb4333bc0fa8d4d1241994c567e4ccae9e71","sellTxId":"e559da1debe91b14c84b2680aba8409ef3c8e117"
{"id":5481084,"type":"sell","buyer":"mcbot","seller":"mango-juice","symbol":"SPT","quantity":"3645.056793","price":"0.00038002","timestamp":1676312241,"volume":"1.38519448","buyTxId":"dc62b6d091bedd70a55a7fe82c1a28943a9f9f3e","sellTxId":"f438d83f313a085f4925bfb69de84c35b32393ae"
{"id":5481449,"type":"sell","buyer":"zaku","seller":"dswap","symbol":"SPT","quantity":"0.33","price":"0.00038001","timestamp":1676316234,"volume":"0.00012540","buyTxId":"e70ddb4333bc0fa8d4d1241994c567e4ccae9e71","sellTxId":"700f8d0c511c51276999dfb48acdeba6224e8380"
{"id":5481877,"type":"sell","buyer":"mcbot","seller":"playagame","symbol":"SPT","quantity":"1872.453082","price":"0.00038002","timestamp":1676321598,"volume":"0.71156962","buyTxId":"71a74ab34c6cf3bbbdd9a00e7564914a2c4def5d","sellTxId":"42015c9d650d6172fec3468f0e2ddba48b9d0961"
{"id":5482057,"type":"sell","buyer":"zaku","seller":"steven-patrick","symbol":"SPT","quantity":"96.560714","price":"0.00038001","timestamp":1676323344,"volume":"0.03669404","buyTxId":"e70ddb4333bc0fa8d4d1241994c567e4ccae9e71","sellTxId":"3211c3fd6354d3078bf78e776d5adb41f71a10f8"
{"id":5482490,"type":"sell","buyer":"zaku","seller":"submo","symbol":"SPT","quantity":"78.649977","price":"0.00038001","timestamp":1676329050,"volume":"0.02988778","buyTxId":"e70ddb4333bc0fa8d4d1241994c567e4ccae9e71","sellTxId":"9dece380fef822a8e4aaa0dd5e1c819f6b11bd73"
{"id":5482753,"type":"sell","buyer":"zaku","seller":"jingo-submo","symbol":"SPT","quantity":"75.526088","price":"0.00038001","timestamp":1676332059,"volume":"0.02870067","buyTxId":"e70ddb4333bc0fa8d4d1241994c567e4ccae9e71","sellTxId":"95b5fb273fef72b284dfb19093e0c0b83a3f31d1"
{"id":5482891,"type":"sell","buyer":"zaku","seller":"lupega","symbol":"SPT","quantity":"28.279673","price":"0.00038001","timestamp":1676334372,"volume":"0.01074656","buyTxId":"e70ddb4333bc0fa8d4d1241994c567e4ccae9e71","sellTxId":"ba4985ae881e98b129952616c38354509d3867ed"