{"index": {"_index":"spt","_id":"4127509"}}
	{"id":4127509,"type":"sell","buyer":"multifurcate","seller":"splinterlandshq","symbol":"SPT","quantity":"1092.255287","price":"0.00161403","timestamp":1660442238,"volume":"1.76293280","buyTxId":"447761a91601dfd8afbf59831536675179c90108","sellTxId":"f7144bfea233617dd51aaf4d93ffb6a1d5e2de0f"}
{"index": {"_index":"spt","_id":"4127519"}}
	{"id":4127519,"type":"sell","buyer":"multifurcate","seller":"stever82","symbol":"SPT","quantity":"3550.700364","price":"0.00161403","timestamp":1660442535,"volume":"5.73093691","buyTxId":"447761a91601dfd8afbf59831536675179c90108","sellTxId":"68f4422d255f17038678ab75eb83c637dc5494dd"}
{"index": {"_index":"spt","_id":"4127575"}}
	{"id":4127575,"type":"sell","buyer":"pjansen","seller":"bitcoinflood","symbol":"SPT","quantity":"66.673869","price":"0.00162525","timestamp":1660443603,"volume":"0.10836171","buyTxId":"db03a1bfde186e6f35b3e29a7d65fcf73f601b7c","sellTxId":"887ed21c4f26eaa2ddb8b08441912317160d4a83"}
{"index": {"_index":"spt","_id":"4127615"}}
	{"id":4127615,"type":"buy","buyer":"uknowm3","seller":"agglutinogenic","symbol":"SPT","quantity":"519.000000","price":"0.00177900","timestamp":1660444299,"volume":"0.92330100","buyTxId":"d6742968d0c327e01f5d7210abc7f9e3799bd150","sellTxId":"e4ae7ddb185c61a9baeb16ef419baac285c4977e"}
{"index": {"_index":"spt","_id":"4127715"}}
	{"id":4127715,"type":"sell","buyer":"pjansen","seller":"noblebright","symbol":"SPT","quantity":"0.231619","price":"0.00162132","timestamp":1660445865,"volume":"0.00037553","buyTxId":"dbdf902e9eec4840024a79a1534135e682a20d09","sellTxId":"cc3085111ff0c4518d5337ba2d3d362152b5ef02"}
{"index": {"_index":"spt","_id":"4127716"}}
	{"id":4127716,"type":"sell","buyer":"pjansen","seller":"steem82868","symbol":"SPT","quantity":"3.299580","price":"0.00162132","timestamp":1660445871,"volume":"0.00534968","buyTxId":"dbdf902e9eec4840024a79a1534135e682a20d09","sellTxId":"7fc60b2764dda5cd07cccc47e37b8312d140ce93"}
{"index": {"_index":"spt","_id":"4127788"}}
	{"id":4127788,"type":"sell","buyer":"pjansen","seller":"cflclosers","symbol":"SPT","quantity":"15.947626","price":"0.00160212","timestamp":1660447497,"volume":"0.02555001","buyTxId":"af69d417171c253fea5ac54c1dbeec0a37c6f010","sellTxId":"1c996dcb35d22eea2208aa59863554d8f94dc8e6"}
{"index": {"_index":"spt","_id":"4127923"}}
	{"id":4127923,"type":"buy","buyer":"jongolson","seller":"pirulito.zoado","symbol":"SPT","quantity":"547.679194","price":"0.00178000","timestamp":1660449186,"volume":"0.97486897","buyTxId":"eb7d35a11998b15e653a5fa404c81b0de1502bb3","sellTxId":"a2c4593eca06e4b345e232aa10615e42e091cb13"}
{"index": {"_index":"spt","_id":"4127924"}}
	{"id":4127924,"type":"buy","buyer":"jongolson","seller":"salviani","symbol":"SPT","quantity":"1035.088849","price":"0.00178000","timestamp":1660449186,"volume":"1.84245815","buyTxId":"eb7d35a11998b15e653a5fa404c81b0de1502bb3","sellTxId":"ff5bf91f849420b6bc2dab5e16c88b2ddffb859b"}
{"index": {"_index":"spt","_id":"4128163"}}
	{"id":4128163,"type":"buy","buyer":"aljif7","seller":"agglutinogenic","symbol":"SPT","quantity":"138403.041400","price":"0.00179900","timestamp":1660454754,"volume":"248.98707148","buyTxId":"ab0731123134866990b8aed4922496f662b61adb","sellTxId":"7587d2c60e8dbaac8285db653804fb0b2efcd8d2"}
{"index": {"_index":"spt","_id":"4128352"}}
	{"id":4128352,"type":"buy","buyer":"psychkrhoz","seller":"agglutinogenic","symbol":"SPT","quantity":"6281.296853","price":"0.00179900","timestamp":1660459014,"volume":"11.30005304","buyTxId":"2ed0a4d3b8886bb2f01a1512de65a36ae4f18dcd","sellTxId":"a38d1dab2c6226d6fe52663ca52fcf84836893b0"}
{"index": {"_index":"spt","_id":"4128401"}}
	{"id":4128401,"type":"sell","buyer":"pjansen","seller":"alexandrzombi","symbol":"SPT","quantity":"0.000012","price":"0.00166185","timestamp":1660459647,"volume":"0.00000002","buyTxId":"86dbf6e82e0d6e57a7cfa0608d77a8637fa98c71","sellTxId":"5c09885c692afbea40206eb3ab5c9b0308290679"}
{"index": {"_index":"spt","_id":"4128477"}}
	{"id":4128477,"type":"sell","buyer":"pjansen","seller":"curator50","symbol":"SPT","quantity":"2.360837","price":"0.00163761","timestamp":1660460547,"volume":"0.00386613","buyTxId":"67933f6775f814dab8a871f8ad552acc7537d9d0","sellTxId":"8a9145d5eb8e4ab773b6873fc4021b16ddf285ea"}
{"index": {"_index":"spt","_id":"4128757"}}
	{"id":4128757,"type":"sell","buyer":"multifurcate","seller":"bilpcoinbot","symbol":"SPT","quantity":"4.748307","price":"0.00164568","timestamp":1660463442,"volume":"0.00781419","buyTxId":"3246509bf3a84dc7e015a4aa5a3b5fe0c2e84967","sellTxId":"0260b34cd0c8318a73f8ec6e78473cde75f9be6d"}
{"index": {"_index":"spt","_id":"4129015"}}
	{"id":4129015,"type":"sell","buyer":"pjansen","seller":"anikekirsten","symbol":"SPT","quantity":"824.775062","price":"0.00164468","timestamp":1660466940,"volume":"1.35649105","buyTxId":"e43ec8b6cd24404820da03601ba571ad1c5d3c6d","sellTxId":"063d6ccd45809d528d330b0b982cfca4e78caf61"}
{"index": {"_index":"spt","_id":"4129032"}}
	{"id":4129032,"type":"sell","buyer":"pjansen","seller":"gadrian","symbol":"SPT","quantity":"129.745772","price":"0.00162852","timestamp":1660467210,"volume":"0.21129358","buyTxId":"a1cfc05690c8e5ed1125e2dbb822f3da3e60749f","sellTxId":"bad4c9df1205689aab6e847ccfc76abdb624ceb9"}
{"index": {"_index":"spt","_id":"4129131"}}
	{"id":4129131,"type":"sell","buyer":"multifurcate","seller":"dswap","symbol":"SPT","quantity":"0.19279","price":"0.00163457","timestamp":1660468299,"volume":"0.00031513","buyTxId":"1b6ea48187f6b18754a86073d3ed1a1e7f6cf2f4","sellTxId":"f969161a386b5d08f99d54be44b7db7c1b31788f"}
{"index": {"_index":"spt","_id":"4129145"}}
	{"id":4129145,"type":"sell","buyer":"multifurcate","seller":"steem82868","symbol":"SPT","quantity":"0.005460","price":"0.00163457","timestamp":1660468440,"volume":"0.00000892","buyTxId":"1b6ea48187f6b18754a86073d3ed1a1e7f6cf2f4","sellTxId":"585b8da807edc2b20ee1dcfad2ec9defc45a8139"}
{"index": {"_index":"spt","_id":"4129456"}}
	{"id":4129456,"type":"sell","buyer":"multifurcate","seller":"themarkymark","symbol":"SPT","quantity":"8.948165","price":"0.00164477","timestamp":1660473123,"volume":"0.01471767","buyTxId":"f0fa7032d9199574683b472216b77f1ec22b3eaa","sellTxId":"b39bc183962bd921ac06216f93df8cfedde434b0"}
{"index": {"_index":"spt","_id":"4129465"}}
	{"id":4129465,"type":"sell","buyer":"multifurcate","seller":"finguru","symbol":"SPT","quantity":"52.890480","price":"0.00164477","timestamp":1660473147,"volume":"0.08699267","buyTxId":"f0fa7032d9199574683b472216b77f1ec22b3eaa","sellTxId":"6e8b0383ac164a6251c11505e9127130a198cff8"}
{"index": {"_index":"spt","_id":"4129484"}}
	{"id":4129484,"type":"sell","buyer":"multifurcate","seller":"kuhnchun","symbol":"SPT","quantity":"3.591423","price":"0.00164477","timestamp":1660473450,"volume":"0.00590706","buyTxId":"f0fa7032d9199574683b472216b77f1ec22b3eaa","sellTxId":"10170c59d80a840ac142cd020b49dabac38962e3"}
{"index": {"_index":"spt","_id":"4129508"}}
	{"id":4129508,"type":"sell","buyer":"multifurcate","seller":"noblebright","symbol":"SPT","quantity":"0.446144","price":"0.00164477","timestamp":1660473765,"volume":"0.00073380","buyTxId":"f0fa7032d9199574683b472216b77f1ec22b3eaa","sellTxId":"6c86a01473dcbccf4db144547521da575ff953ba"}
{"index": {"_index":"spt","_id":"4129688"}}
	{"id":4129688,"type":"sell","buyer":"pjansen","seller":"agreste","symbol":"SPT","quantity":"0.557742","price":"0.00161631","timestamp":1660476453,"volume":"0.00090148","buyTxId":"f002e8825fb4502ed7532905a221adc008c2229e","sellTxId":"23fccf587aa61fe82a31f1fd72a677db9af9ce20"}
{"index": {"_index":"spt","_id":"4129735"}}
	{"id":4129735,"type":"sell","buyer":"multifurcate","seller":"noblebright","symbol":"SPT","quantity":"2.484858","price":"0.00162943","timestamp":1660477290,"volume":"0.00404890","buyTxId":"7e11e642e73a674883748234d54b9047ee0f2bec","sellTxId":"5d1f73e6cb4dbc2d51ccac497089ddaa460b0f42"}
{"index": {"_index":"spt","_id":"4129770"}}
	{"id":4129770,"type":"sell","buyer":"pjansen","seller":"occidae","symbol":"SPT","quantity":"1038.694285","price":"0.00164055","timestamp":1660478025,"volume":"1.70402991","buyTxId":"5ae4ab3a96b58d950f3f8d96e3a3d25caaf64b31","sellTxId":"abf24dd4322445ea195c24116160f4d032c4ce87"}
{"index": {"_index":"spt","_id":"4130079"}}
	{"id":4130079,"type":"sell","buyer":"pjansen","seller":"ilyander","symbol":"SPT","quantity":"2.290095","price":"0.00163939","timestamp":1660481310,"volume":"0.00375436","buyTxId":"7d9b3f0d8c308c2777fa4f8bcb06fd611db21b53","sellTxId":"c0148f8f04d21a51d7031b7479fdcb08b8d0512e"}
{"index": {"_index":"spt","_id":"4130204"}}
	{"id":4130204,"type":"sell","buyer":"pjansen","seller":"dswap","symbol":"SPT","quantity":"2.419477","price":"0.00161424","timestamp":1660482912,"volume":"0.00390562","buyTxId":"ed6d4db8036f0cd7df059586f723bed114089d8e","sellTxId":"f47b48643acfaedb81e4d77391660c647b3fa7e0"}
{"index": {"_index":"spt","_id":"4130265"}}
	{"id":4130265,"type":"sell","buyer":"pjansen","seller":"andy4475","symbol":"SPT","quantity":"24.807331","price":"0.00162333","timestamp":1660483488,"volume":"0.04027048","buyTxId":"ac85bd505b48e9ba508245e302a91922094ed8d9","sellTxId":"137395e5db4e32594bb0c9d584bd9183197cbaf2"}
{"index": {"_index":"spt","_id":"4130313"}}
	{"id":4130313,"type":"sell","buyer":"pjansen","seller":"assassyn","symbol":"SPT","quantity":"6.983772","price":"0.00163141","timestamp":1660484058,"volume":"0.01139340","buyTxId":"32e1522cc0c8412a10267705347de71cf202ee6f","sellTxId":"0b2bea4e91007bf5d66a3ea9998b1c8885ff1cea"}
{"index": {"_index":"spt","_id":"4131060"}}
	{"id":4131060,"type":"sell","buyer":"pjansen","seller":"kqaosphreak","symbol":"SPT","quantity":"1900.000000","price":"0.00162142","timestamp":1660492287,"volume":"3.08069800","buyTxId":"bb1cf3dc1b100def3d7a1c88bfce9b09dbcc8507","sellTxId":"73c2fbd1f46ecfe21b0b1a28b46a490b6c83b2f7"}
{"index": {"_index":"spt","_id":"4131095"}}
	{"id":4131095,"type":"sell","buyer":"pjansen","seller":"dswap","symbol":"SPT","quantity":"6000.000000","price":"0.00163152","timestamp":1660493037,"volume":"9.78912000","buyTxId":"582b627ac3d9094a62ef5881b2789fbe8781160d","sellTxId":"6c0000e71cd15b9bb90765da55670b00f66f7844"}
{"index": {"_index":"spt","_id":"4131096"}}
	{"id":4131096,"type":"sell","buyer":"onlydoge","seller":"dswap","symbol":"SPT","quantity":"1000.000000","price":"0.00162350","timestamp":1660493037,"volume":"1.62350000","buyTxId":"e9afddd6d64ad1d5b1a91c8ade5b2f5016e4991f","sellTxId":"6c0000e71cd15b9bb90765da55670b00f66f7844"}
{"index": {"_index":"spt","_id":"4131300"}}
	{"id":4131300,"type":"sell","buyer":"pjansen","seller":"catomoon","symbol":"SPT","quantity":"120.398197","price":"0.00163764","timestamp":1660495785,"volume":"0.19716890","buyTxId":"bfb8a5962f0b259c7d0065120ea380f09c286cc8","sellTxId":"ff74d768f82b2882e49fe6a520b692a9055fa897"}
{"index": {"_index":"spt","_id":"4131359"}}
	{"id":4131359,"type":"sell","buyer":"pjansen","seller":"ericburgoyne","symbol":"SPT","quantity":"7.344256","price":"0.00160909","timestamp":1660496484,"volume":"0.01181757","buyTxId":"d1b33c9bbfc7e2751b41263516a0afe1e7524763","sellTxId":"b3b98ac9f1cd63a2594bb91d2cdfec6406cc094d"}
{"index": {"_index":"spt","_id":"4131446"}}
	{"id":4131446,"type":"sell","buyer":"pjansen","seller":"sephiwolf","symbol":"SPT","quantity":"1463.987440","price":"0.00160303","timestamp":1660497624,"volume":"2.34681579","buyTxId":"d7b940bf6cccca87346d66ee32e66a6a3aadffd5","sellTxId":"163cee7a2f461eddc5706d5ad978cff7946074f1"}
{"index": {"_index":"spt","_id":"4132301"}}
	{"id":4132301,"type":"sell","buyer":"pjansen","seller":"dswap","symbol":"SPT","quantity":"10.471672","price":"0.00163001","timestamp":1660508280,"volume":"0.01706893","buyTxId":"45d7f39628b26926830e023099b695fa4b28a34d","sellTxId":"acc8ac1150bf3f7c0c81581564fdc025d913e7a5"}
{"index": {"_index":"spt","_id":"4132347"}}
	{"id":4132347,"type":"sell","buyer":"pjansen","seller":"laritheghost","symbol":"SPT","quantity":"3.07557","price":"0.00163001","timestamp":1660508892,"volume":"0.00501321","buyTxId":"0344f032f4df7a14798ff0d2225f10d73280e7f1","sellTxId":"f1a9f68b108c1169019d8704deec470975c1ca6a"}
{"index": {"_index":"spt","_id":"4132565"}}
	{"id":4132565,"type":"sell","buyer":"pjansen","seller":"adrian1968","symbol":"SPT","quantity":"2.303920","price":"0.00163001","timestamp":1660511754,"volume":"0.00375541","buyTxId":"eb73f84cd652aaf15c78b971ac2f4bfe37321183","sellTxId":"611312cd8fe0db63e6b1467e2e14f91ab915b5f4"}
{"index": {"_index":"spt","_id":"4132721"}}
	{"id":4132721,"type":"buy","buyer":"jongolson","seller":"onlydoge","symbol":"SPT","quantity":"1000.000000","price":"0.00178550","timestamp":1660514586,"volume":"1.78550000","buyTxId":"8ed7dbe0d47ad622dbf4b5ddf9f1633d92512740","sellTxId":"ba60df665738b7fb857641269b9b3f1dfe9416a0"}
{"index": {"_index":"spt","_id":"4133140"}}
	{"id":4133140,"type":"sell","buyer":"pjansen","seller":"steem82868","symbol":"SPT","quantity":"2.642832","price":"0.00163708","timestamp":1660519461,"volume":"0.00432653","buyTxId":"a5a9c9f92871f60a8fbcb152fb1a4bac86f5fc59","sellTxId":"c4388edd305c197d9454d71f89faf176ff5ecc11"}
{"index": {"_index":"spt","_id":"4133241"}}
	{"id":4133241,"type":"sell","buyer":"pjansen","seller":"splinterlandshq","symbol":"SPT","quantity":"515.424587","price":"0.00163303","timestamp":1660520379,"volume":"0.84170381","buyTxId":"ee177d8cf4635ad4bcba3bdc3c38abe2e6463843","sellTxId":"a52ca161ac6516f440be23dfa793b04a2c78fbcc"}
{"index": {"_index":"spt","_id":"4133329"}}
	{"id":4133329,"type":"sell","buyer":"pjansen","seller":"bitcoinflood","symbol":"SPT","quantity":"374.538632","price":"0.00163303","timestamp":1660521651,"volume":"0.61163282","buyTxId":"7fb76abcf4a290c938ec17059f17ab1fa72faa16","sellTxId":"b277de5a3c19ca3f582bae8942041ec387f0c7cb"}
{"index": {"_index":"spt","_id":"4133364"}}
	{"id":4133364,"type":"sell","buyer":"pjansen","seller":"mightyrocklee","symbol":"SPT","quantity":"658.413921","price":"0.00163404","timestamp":1660521915,"volume":"1.07587468","buyTxId":"904a6ab944f1986453fb76969f7ad9f6869dfbf4","sellTxId":"163ac3636c8a2da4cf16f530f61d0195093a1193"}
{"index": {"_index":"spt","_id":"4133562"}}
	{"id":4133562,"type":"sell","buyer":"sbi-tokens","seller":"dswap","symbol":"SPT","quantity":"22.287009","price":"0.00163000","timestamp":1660523385,"volume":"0.03632782","buyTxId":"2ad48bee3f802db52b9f91a8a427424d47302951","sellTxId":"304894de1ff3020770841fa2ce0ecd712a1018fd"}
{"index": {"_index":"spt","_id":"4133782"}}
	{"id":4133782,"type":"sell","buyer":"sbi-tokens","seller":"queenstarr","symbol":"SPT","quantity":"688.712991","price":"0.00163000","timestamp":1660525941,"volume":"1.12260218","buyTxId":"2ad48bee3f802db52b9f91a8a427424d47302951","sellTxId":"68eed97346e52065dfda445941841cfb7c96f998"}
{"index": {"_index":"spt","_id":"4133783"}}
	{"id":4133783,"type":"sell","buyer":"multifurcate","seller":"queenstarr","symbol":"SPT","quantity":"12311.287009","price":"0.00160220","timestamp":1660525941,"volume":"19.72514405","buyTxId":"ed6f74763a57de07d1abb1074c2aad04c13fd429","sellTxId":"68eed97346e52065dfda445941841cfb7c96f998"}
{"index": {"_index":"spt","_id":"4133858"}}
	{"id":4133858,"type":"sell","buyer":"pjansen","seller":"tanzil2024","symbol":"SPT","quantity":"33.859006","price":"0.00160928","timestamp":1660526997,"volume":"0.05448862","buyTxId":"1aaf816cbb37288ba2c2f3630f9bf2d12069fab0","sellTxId":"5a6b1d224cb256a60c6c3d52d566190262dd7960"}
