{"index": {"_index":"spt","_id":"3746229"}}
	{"id":3746229,"type":"sell","buyer":"thewycher","seller":"bitcoinflood","symbol":"SPT","quantity":"102.842650","price":"0.00203402","timestamp":1655868183,"volume":"0.20918401","buyTxId":"6078b3c7288f21e359d69005a6044eb9c609e0cf","sellTxId":"af831970a7ccb4c52f2d3a7969076692765b95e5"}
{"index": {"_index":"spt","_id":"3746626"}}
	{"id":3746626,"type":"sell","buyer":"thewycher","seller":"lipe100dedos","symbol":"SPT","quantity":"115.642035","price":"0.00203402","timestamp":1655875506,"volume":"0.23521821","buyTxId":"6078b3c7288f21e359d69005a6044eb9c609e0cf","sellTxId":"522216a993097f44cc4ae1367b344f858452e9f5"}
{"index": {"_index":"spt","_id":"3746749"}}
	{"id":3746749,"type":"sell","buyer":"thewycher","seller":"ctrpch","symbol":"SPT","quantity":"208.000000","price":"0.00203402","timestamp":1655877582,"volume":"0.42307616","buyTxId":"6078b3c7288f21e359d69005a6044eb9c609e0cf","sellTxId":"f549d14a7ea1df5731c84650250b45d8b44fb28b"}
{"index": {"_index":"spt","_id":"3747442"}}
	{"id":3747442,"type":"sell","buyer":"thewycher","seller":"dotwin1981","symbol":"SPT","quantity":"0.000113","price":"0.00203402","timestamp":1655886630,"volume":"0.00000023","buyTxId":"6078b3c7288f21e359d69005a6044eb9c609e0cf","sellTxId":"75bb0a2132bd6a77caff447a098d6a9d10273bc2"}
{"index": {"_index":"spt","_id":"3747493"}}
	{"id":3747493,"type":"buy","buyer":"pjansen","seller":"koreaminer","symbol":"SPT","quantity":"157.286000","price":"0.00229000","timestamp":1655887041,"volume":"0.36018494","buyTxId":"2253bdf540a949ac726cd10880dae44275d7457e","sellTxId":"d1d5849b3f2fb118a89b3c2331bb29f65eea51ce"}
{"index": {"_index":"spt","_id":"3747494"}}
	{"id":3747494,"type":"buy","buyer":"pjansen","seller":"koreaminer","symbol":"SPT","quantity":"0.048774","price":"0.00235900","timestamp":1655887041,"volume":"0.00011506","buyTxId":"2253bdf540a949ac726cd10880dae44275d7457e","sellTxId":"f22907a4f5fc6f4fb0bf43b0fcecf7b7bfbc2657"}
{"index": {"_index":"spt","_id":"3747540"}}
	{"id":3747540,"type":"sell","buyer":"thewycher","seller":"kevian21","symbol":"SPT","quantity":"73.515201","price":"0.00203402","timestamp":1655887575,"volume":"0.14953139","buyTxId":"6078b3c7288f21e359d69005a6044eb9c609e0cf","sellTxId":"036e64ecaf541691de853ad6c6ee969e826ee71b"}
{"index": {"_index":"spt","_id":"3747541"}}
	{"id":3747541,"type":"sell","buyer":"thewycher","seller":"kevian21","symbol":"SPT","quantity":"95.484799","price":"0.00203402","timestamp":1655887575,"volume":"0.19421799","buyTxId":"ce604a87a8aee2bd3eb0d8ea9e3188bb6c9d9744","sellTxId":"036e64ecaf541691de853ad6c6ee969e826ee71b"}
{"index": {"_index":"spt","_id":"3747886"}}
	{"id":3747886,"type":"sell","buyer":"thewycher","seller":"mightyrocklee","symbol":"SPT","quantity":"404.515200","price":"0.00203402","timestamp":1655892132,"volume":"0.82279201","buyTxId":"ce604a87a8aee2bd3eb0d8ea9e3188bb6c9d9744","sellTxId":"f8a1348ea5544cda6bcc3ebae0d4a65086936d89"}
{"index": {"_index":"spt","_id":"3747887"}}
	{"id":3747887,"type":"sell","buyer":"thewycher","seller":"mightyrocklee","symbol":"SPT","quantity":"488.710893","price":"0.00203402","timestamp":1655892132,"volume":"0.99404773","buyTxId":"60d843cc8e6d3449a652a88c9e3ec5204440f73f","sellTxId":"f8a1348ea5544cda6bcc3ebae0d4a65086936d89"}
{"index": {"_index":"spt","_id":"3748599"}}
	{"id":3748599,"type":"sell","buyer":"thewycher","seller":"liuke96player","symbol":"SPT","quantity":"11.289106","price":"0.00203402","timestamp":1655902014,"volume":"0.02296227","buyTxId":"60d843cc8e6d3449a652a88c9e3ec5204440f73f","sellTxId":"291855b0817854fec6b62f790d6298ceaf7e35b6"}
{"index": {"_index":"spt","_id":"3748600"}}
	{"id":3748600,"type":"sell","buyer":"thewycher","seller":"liuke96player","symbol":"SPT","quantity":"126.868958","price":"0.00203402","timestamp":1655902014,"volume":"0.25805400","buyTxId":"cf67dd270327bbf8e69ad2f2d75356dfb8744629","sellTxId":"291855b0817854fec6b62f790d6298ceaf7e35b6"}
{"index": {"_index":"spt","_id":"3748663"}}
	{"id":3748663,"type":"sell","buyer":"thewycher","seller":"syarrf","symbol":"SPT","quantity":"373.131041","price":"0.00203402","timestamp":1655902560,"volume":"0.75895600","buyTxId":"cf67dd270327bbf8e69ad2f2d75356dfb8744629","sellTxId":"73024a5b0f5919d4434ac1940564993e94a817f2"}
{"index": {"_index":"spt","_id":"3748664"}}
	{"id":3748664,"type":"sell","buyer":"thewycher","seller":"syarrf","symbol":"SPT","quantity":"499.999999","price":"0.00203402","timestamp":1655902560,"volume":"1.01701000","buyTxId":"d5ad0436ba8fb02bb4f678316416746f4cdad0b0","sellTxId":"73024a5b0f5919d4434ac1940564993e94a817f2"}
{"index": {"_index":"spt","_id":"3748665"}}
	{"id":3748665,"type":"sell","buyer":"thewycher","seller":"syarrf","symbol":"SPT","quantity":"499.999999","price":"0.00203402","timestamp":1655902560,"volume":"1.01701000","buyTxId":"03e58fae971a56bd644d451111e097c466bea8b7","sellTxId":"73024a5b0f5919d4434ac1940564993e94a817f2"}
{"index": {"_index":"spt","_id":"3748666"}}
	{"id":3748666,"type":"sell","buyer":"thewycher","seller":"syarrf","symbol":"SPT","quantity":"499.999999","price":"0.00203402","timestamp":1655902560,"volume":"1.01701000","buyTxId":"76cd49f971ab935d49ad6eef99d6c1f4f8bd33df","sellTxId":"73024a5b0f5919d4434ac1940564993e94a817f2"}
{"index": {"_index":"spt","_id":"3748667"}}
	{"id":3748667,"type":"sell","buyer":"thewycher","seller":"syarrf","symbol":"SPT","quantity":"499.999999","price":"0.00203402","timestamp":1655902560,"volume":"1.01701000","buyTxId":"c0ac778d60a8ea67e00855ad78194014f6adf736","sellTxId":"73024a5b0f5919d4434ac1940564993e94a817f2"}
{"index": {"_index":"spt","_id":"3748668"}}
	{"id":3748668,"type":"sell","buyer":"thewycher","seller":"syarrf","symbol":"SPT","quantity":"189.868963","price":"0.00203402","timestamp":1655902560,"volume":"0.38619727","buyTxId":"1fbec1e3e5bd7d7b63f14f797e2c2a87cb5f038f","sellTxId":"73024a5b0f5919d4434ac1940564993e94a817f2"}
{"index": {"_index":"spt","_id":"3749012"}}
	{"id":3749012,"type":"buy","buyer":"dbooster","seller":"onlydoge","symbol":"SPT","quantity":"500.000000","price":"0.00232000","timestamp":1655905524,"volume":"1.16000000","buyTxId":"807eb735a5cd72baa85818cf0b84a5cc18f02e88","sellTxId":"9b30f44ae538fac48468bcd12120bc15cb2abe5d"}
{"index": {"_index":"spt","_id":"3749200"}}
	{"id":3749200,"type":"sell","buyer":"thewycher","seller":"elfino28","symbol":"SPT","quantity":"255.052972","price":"0.00203402","timestamp":1655907063,"volume":"0.51878285","buyTxId":"1fbec1e3e5bd7d7b63f14f797e2c2a87cb5f038f","sellTxId":"8576eef17adf38ddf668b4ca3cb143aca9a2c5cf"}
{"index": {"_index":"spt","_id":"3749223"}}
	{"id":3749223,"type":"sell","buyer":"thewycher","seller":"jacksonizer","symbol":"SPT","quantity":"55.078064","price":"0.00203402","timestamp":1655907249,"volume":"0.11202988","buyTxId":"1fbec1e3e5bd7d7b63f14f797e2c2a87cb5f038f","sellTxId":"a5af2b7dae4260345ba6e861ef7094f9705b54be"}
{"index": {"_index":"spt","_id":"3749224"}}
	{"id":3749224,"type":"sell","buyer":"thewycher","seller":"jacksonizer","symbol":"SPT","quantity":"499.999999","price":"0.00203402","timestamp":1655907249,"volume":"1.01701000","buyTxId":"ce0c98c5a18b908e9a1fb93981f8c8dbcc61351d","sellTxId":"a5af2b7dae4260345ba6e861ef7094f9705b54be"}
{"index": {"_index":"spt","_id":"3749225"}}
	{"id":3749225,"type":"sell","buyer":"thewycher","seller":"jacksonizer","symbol":"SPT","quantity":"499.999999","price":"0.00203402","timestamp":1655907249,"volume":"1.01701000","buyTxId":"4b53f4dac78a385b079c67023e41930e1545d7f9","sellTxId":"a5af2b7dae4260345ba6e861ef7094f9705b54be"}
{"index": {"_index":"spt","_id":"3749226"}}
	{"id":3749226,"type":"sell","buyer":"he-index","seller":"jacksonizer","symbol":"SPT","quantity":"7.375000","price":"0.00203402","timestamp":1655907249,"volume":"0.01500090","buyTxId":"d30d9dd57b3427945b7fade849d9177110127388","sellTxId":"a5af2b7dae4260345ba6e861ef7094f9705b54be"}
{"index": {"_index":"spt","_id":"3749227"}}
	{"id":3749227,"type":"sell","buyer":"multifurcate","seller":"jacksonizer","symbol":"SPT","quantity":"1363.185961","price":"0.00203199","timestamp":1655907249,"volume":"2.76998024","buyTxId":"8677d8c87292431618b311fb2b79544471d3133b","sellTxId":"a5af2b7dae4260345ba6e861ef7094f9705b54be"}
{"index": {"_index":"spt","_id":"3749310"}}
	{"id":3749310,"type":"sell","buyer":"multifurcate","seller":"noblebright","symbol":"SPT","quantity":"11.309774","price":"0.00203199","timestamp":1655907819,"volume":"0.02298135","buyTxId":"32783374b11eb4f3f1df8184e2ca6cd5e2d79d3a","sellTxId":"2f1143e577b0cd4ca0862ad2658613475a615108"}
{"index": {"_index":"spt","_id":"3750001"}}
	{"id":3750001,"type":"buy","buyer":"pjansen","seller":"onlydoge","symbol":"SPT","quantity":"526.196015","price":"0.00230000","timestamp":1655914260,"volume":"1.21025083","buyTxId":"b895c1fd1110f87e8aec5d039edbfcb17fb02f55","sellTxId":"81d1c6cab5ab7d8700938d00122babe363bb7d55"}
{"index": {"_index":"spt","_id":"3750002"}}
	{"id":3750002,"type":"buy","buyer":"pjansen","seller":"dubble.eth","symbol":"SPT","quantity":"0.064575","price":"0.00231000","timestamp":1655914260,"volume":"0.00014917","buyTxId":"b895c1fd1110f87e8aec5d039edbfcb17fb02f55","sellTxId":"1d52267c51afaf66a4d3db35c507d2f8f115dc79"}
{"index": {"_index":"spt","_id":"3750532"}}
	{"id":3750532,"type":"sell","buyer":"thewycher","seller":"catomoon","symbol":"SPT","quantity":"2.970779","price":"0.00204101","timestamp":1655917470,"volume":"0.00606339","buyTxId":"212506166bc8185c4d419536ffcfdeadabcbd210","sellTxId":"c991b66b6bdaf409c742201b14c8a4a65955786a"}
{"index": {"_index":"spt","_id":"3750855"}}
	{"id":3750855,"type":"buy","buyer":"evernoticethat","seller":"underlock","symbol":"SPT","quantity":"9.169992","price":"0.00230998","timestamp":1655919984,"volume":"0.0211825","buyTxId":"a941b4dd00e638d63d7dcd32b942d4cccb6444e8","sellTxId":"416d4a8df0a37cca6dcea0d2c35d0de4372ad9a7"}
{"index": {"_index":"spt","_id":"3750877"}}
	{"id":3750877,"type":"buy","buyer":"evernoticethat","seller":"underlock","symbol":"SPT","quantity":"1915.476449","price":"0.00230998","timestamp":1655920203,"volume":"4.42471229","buyTxId":"a1405183c868d84c5984f2059cb95c455671418d","sellTxId":"416d4a8df0a37cca6dcea0d2c35d0de4372ad9a7"}
{"index": {"_index":"spt","_id":"3750878"}}
	{"id":3750878,"type":"buy","buyer":"evernoticethat","seller":"dubble.eth","symbol":"SPT","quantity":"249.042298","price":"0.00231000","timestamp":1655920203,"volume":"0.57528771","buyTxId":"a1405183c868d84c5984f2059cb95c455671418d","sellTxId":"1d52267c51afaf66a4d3db35c507d2f8f115dc79"}
{"index": {"_index":"spt","_id":"3751021"}}
	{"id":3751021,"type":"sell","buyer":"multifurcate","seller":"fatedslayerz","symbol":"SPT","quantity":"157.804073","price":"0.00205100","timestamp":1655921850,"volume":"0.32365615","buyTxId":"c764cf24ad34cc5cc2799003425587b337f8fa29","sellTxId":"eaff342183dc5375a66b04639b7e309087e64369"}
{"index": {"_index":"spt","_id":"3751532"}}
	{"id":3751532,"type":"sell","buyer":"multifurcate","seller":"decepticons","symbol":"SPT","quantity":"991.000000","price":"0.00206100","timestamp":1655925924,"volume":"2.04245100","buyTxId":"b6f7be9e969d4f9b37c96ac6f04d968f6a63a102","sellTxId":"facdf5d1f7c19691031efded190324776d88dc11"}
{"index": {"_index":"spt","_id":"3751540"}}
	{"id":3751540,"type":"sell","buyer":"multifurcate","seller":"splinter100dedos","symbol":"SPT","quantity":"1739.213827","price":"0.00206100","timestamp":1655926011,"volume":"3.58451970","buyTxId":"b6f7be9e969d4f9b37c96ac6f04d968f6a63a102","sellTxId":"9be9d022abd3c166d22e5fb81644234555b427e9"}
{"index": {"_index":"spt","_id":"3751546"}}
	{"id":3751546,"type":"sell","buyer":"multifurcate","seller":"brutuutty","symbol":"SPT","quantity":"1.931644","price":"0.00206100","timestamp":1655926146,"volume":"0.00398112","buyTxId":"b6f7be9e969d4f9b37c96ac6f04d968f6a63a102","sellTxId":"3062ec672c7649bf2fd0244a5b1e798dac28e115"}
{"index": {"_index":"spt","_id":"3751632"}}
	{"id":3751632,"type":"buy","buyer":"druidsblood","seller":"yameen","symbol":"SPT","quantity":"134.561812","price":"0.00230900","timestamp":1655927034,"volume":"0.31070322","buyTxId":"fc1e975a34fcee718b117d4db0134a631bab49af","sellTxId":"6dfc291f1ef85e925673effb4b86b61f5c4d6423"}
{"index": {"_index":"spt","_id":"3751633"}}
	{"id":3751633,"type":"buy","buyer":"druidsblood","seller":"dubble.eth","symbol":"SPT","quantity":"4099.290950","price":"0.00231000","timestamp":1655927034,"volume":"9.46936209","buyTxId":"fc1e975a34fcee718b117d4db0134a631bab49af","sellTxId":"1d52267c51afaf66a4d3db35c507d2f8f115dc79"}
{"index": {"_index":"spt","_id":"3751634"}}
	{"id":3751634,"type":"buy","buyer":"druidsblood","seller":"uyobong","symbol":"SPT","quantity":"2753.147238","price":"0.00233000","timestamp":1655927034,"volume":"6.41483306","buyTxId":"fc1e975a34fcee718b117d4db0134a631bab49af","sellTxId":"6e10c811da1a561be99f492f4e12b30b2af938c9"}
{"index": {"_index":"spt","_id":"3751666"}}
	{"id":3751666,"type":"sell","buyer":"multifurcate","seller":"crypto-futurist","symbol":"SPT","quantity":"1.718894","price":"0.00207100","timestamp":1655927424,"volume":"0.00355983","buyTxId":"d02e09b3257bcd0c86196acf47033e8667f7a8d2","sellTxId":"789856273051d0cf1fa691577820c9d27dd228cf"}
{"index": {"_index":"spt","_id":"3751779"}}
	{"id":3751779,"type":"sell","buyer":"thewycher","seller":"themarkymark","symbol":"SPT","quantity":"3.792799","price":"0.00207101","timestamp":1655928984,"volume":"0.00785492","buyTxId":"312befd9e8523917e6e7f98aef8d323c557d268a","sellTxId":"d1097458ae7375535c3ff2a9535910dfd9cf0edd"}
{"index": {"_index":"spt","_id":"3752192"}}
	{"id":3752192,"type":"sell","buyer":"thewycher","seller":"eythorphoto","symbol":"SPT","quantity":"0.051169","price":"0.00208200","timestamp":1655934294,"volume":"0.00010653","buyTxId":"4f43bdc566a75b7c7e93d5780fb1df9d2a63d414","sellTxId":"d40000f50ba42fefa585521e9ddad882e21caedf"}
{"index": {"_index":"spt","_id":"3752234"}}
	{"id":3752234,"type":"sell","buyer":"thewycher","seller":"socialmediaseo","symbol":"SPT","quantity":"21.965358","price":"0.00208200","timestamp":1655934966,"volume":"0.04573188","buyTxId":"4f43bdc566a75b7c7e93d5780fb1df9d2a63d414","sellTxId":"ed4a4391dde0584dfd0cea8ddfa628b53ba9205f"}
{"index": {"_index":"spt","_id":"3752336"}}
	{"id":3752336,"type":"sell","buyer":"thewycher","seller":"jnn10","symbol":"SPT","quantity":"0.089322","price":"0.00208200","timestamp":1655935857,"volume":"0.00018597","buyTxId":"4f43bdc566a75b7c7e93d5780fb1df9d2a63d414","sellTxId":"075079bcf26c5c0de11324b67bdce4bef004434e"}
{"index": {"_index":"spt","_id":"3752552"}}
	{"id":3752552,"type":"sell","buyer":"multifurcate","seller":"alexmag1988","symbol":"SPT","quantity":"5834.57729","price":"0.00209100","timestamp":1655938869,"volume":"12.20010111","buyTxId":"87e6cfe1d8611fdb937409d9fc91d99306b0bb93","sellTxId":"211afa1be9e230a53e22e9397707a97b75ca7c7d"}
{"index": {"_index":"spt","_id":"3752615"}}
	{"id":3752615,"type":"sell","buyer":"multifurcate","seller":"mawit07","symbol":"SPT","quantity":"3658.432092","price":"0.00209100","timestamp":1655939781,"volume":"7.64978150","buyTxId":"87e6cfe1d8611fdb937409d9fc91d99306b0bb93","sellTxId":"9c7d5b3f347edac5fffe0f5a5bc4056f3da2fa08"}
{"index": {"_index":"spt","_id":"3752628"}}
	{"id":3752628,"type":"sell","buyer":"multifurcate","seller":"alexandrzombi","symbol":"SPT","quantity":"0.496501","price":"0.00209100","timestamp":1655939970,"volume":"0.00103818","buyTxId":"87e6cfe1d8611fdb937409d9fc91d99306b0bb93","sellTxId":"f4065d9926c6c79817999447a39a739130179729"}
{"index": {"_index":"spt","_id":"3753224"}}
	{"id":3753224,"type":"sell","buyer":"thewycher","seller":"bitcoinflood","symbol":"SPT","quantity":"74.686933","price":"0.00220000","timestamp":1655948235,"volume":"0.16431125","buyTxId":"2437c84f076af1692f783040db6980c610df135d","sellTxId":"079ab4871fcdc828e43dd36cbd7cd07d94a11bcd"}
{"index": {"_index":"spt","_id":"3753400"}}
	{"id":3753400,"type":"sell","buyer":"thewycher","seller":"noblebright","symbol":"SPT","quantity":"4.914716","price":"0.00220000","timestamp":1655951886,"volume":"0.01081238","buyTxId":"2437c84f076af1692f783040db6980c610df135d","sellTxId":"77317609d03e5f395675dcd623dc838cc840bff9"}
{"index": {"_index":"spt","_id":"3753413"}}
	{"id":3753413,"type":"buy","buyer":"evernoticethat","seller":"greengineer","symbol":"SPT","quantity":"1331.043366","price":"0.00232900","timestamp":1655952081,"volume":"3.1","buyTxId":"dbe8755b66f8732993271e3d10b39dc732111b03","sellTxId":"937b9305a27a235b32d5bd31958f9b4fa7f2b7bb"}
