{"index": {"_index":"spt","_id":"3086878"}}
	{"id":3086878,"type":"sell","buyer":"thecuriousfool","seller":"chireerocks","symbol":"SPT","quantity":"140.975888","price":"0.00100125","timestamp":1648609836,"volume":"0.14115211","buyTxId":"72113da71a0516887eb0e1833f3f3dcafb823016","sellTxId":"211ab19fb8541b3d34ab4602bda7df6a06af9f79"}
{"index": {"_index":"spt","_id":"3087070"}}
	{"id":3087070,"type":"sell","buyer":"thecuriousfool","seller":"eythorphoto","symbol":"SPT","quantity":"0.018270","price":"0.00100125","timestamp":1648612803,"volume":"0.00001829","buyTxId":"72113da71a0516887eb0e1833f3f3dcafb823016","sellTxId":"e3477f29fcf81df20e5d1497ebc2f798fc306bf4"}
{"index": {"_index":"spt","_id":"3087121"}}
	{"id":3087121,"type":"sell","buyer":"thecuriousfool","seller":"brofi-market","symbol":"SPT","quantity":"0.056698","price":"0.00100125","timestamp":1648613484,"volume":"0.00005677","buyTxId":"72113da71a0516887eb0e1833f3f3dcafb823016","sellTxId":"476b0d89ce44e5bd4b8fe4b9837255cae107b7b5"}
{"index": {"_index":"spt","_id":"3087776"}}
	{"id":3087776,"type":"sell","buyer":"thecuriousfool","seller":"dhedge-drips","symbol":"SPT","quantity":"0.005314","price":"0.00100125","timestamp":1648622745,"volume":"0.00000532","buyTxId":"72113da71a0516887eb0e1833f3f3dcafb823016","sellTxId":"a46d53c536c10c881070e743a34b2662bc2a66aa"}
{"index": {"_index":"spt","_id":"3088015"}}
	{"id":3088015,"type":"sell","buyer":"thecuriousfool","seller":"crypto-futurist","symbol":"SPT","quantity":"105.300687","price":"0.00100125","timestamp":1648625937,"volume":"0.10543231","buyTxId":"72113da71a0516887eb0e1833f3f3dcafb823016","sellTxId":"3126dd49b8328552636a249d4c8da32ddf99b298"}
{"index": {"_index":"spt","_id":"3088087"}}
	{"id":3088087,"type":"sell","buyer":"thecuriousfool","seller":"jozef230","symbol":"SPT","quantity":"59.442581","price":"0.00100125","timestamp":1648627047,"volume":"0.05951688","buyTxId":"72113da71a0516887eb0e1833f3f3dcafb823016","sellTxId":"a97912b37f0a794110afb72d6e56bbe3f7c45690"}
{"index": {"_index":"spt","_id":"3088134"}}
	{"id":3088134,"type":"sell","buyer":"thecuriousfool","seller":"brofi-market","symbol":"SPT","quantity":"0.461107","price":"0.00100125","timestamp":1648627830,"volume":"0.00046168","buyTxId":"72113da71a0516887eb0e1833f3f3dcafb823016","sellTxId":"9274b26117fc65d7e68d60fffbd738ac89203b43"}
{"index": {"_index":"spt","_id":"3088180"}}
	{"id":3088180,"type":"sell","buyer":"thecuriousfool","seller":"amanda.yrr","symbol":"SPT","quantity":"1620.469053","price":"0.00100125","timestamp":1648628361,"volume":"1.62249464","buyTxId":"72113da71a0516887eb0e1833f3f3dcafb823016","sellTxId":"2bffa41a9ba14eeb1263d6e8a12b3667e0410d44"}
{"index": {"_index":"spt","_id":"3088300"}}
	{"id":3088300,"type":"sell","buyer":"carlinhusss","seller":"koreaminer","symbol":"SPT","quantity":"327.957000","price":"0.00100124","timestamp":1648630800,"volume":"0.32836367","buyTxId":"db75f101d29729596f217533b0a843b4edfa4ff6","sellTxId":"ca0b1151eb1d325af2e77fafa16c4dcc45a7beb2"}
{"index": {"_index":"spt","_id":"3088363"}}
	{"id":3088363,"type":"sell","buyer":"carlinhusss","seller":"damla","symbol":"SPT","quantity":"14.580529","price":"0.00100124","timestamp":1648631973,"volume":"0.01459861","buyTxId":"db75f101d29729596f217533b0a843b4edfa4ff6","sellTxId":"5e289b48f58d558c53913c41eacc0556d0d74c53"}
{"index": {"_index":"spt","_id":"3088366"}}
	{"id":3088366,"type":"buy","buyer":"diegorccp","seller":"amanda.yrr","symbol":"SPT","quantity":"379.530947","price":"0.00100125","timestamp":1648632126,"volume":"0.38000536","buyTxId":"da854fd64372bbd4373d6a0e7d9217cc7f158ca1","sellTxId":"2bffa41a9ba14eeb1263d6e8a12b3667e0410d44"}
{"index": {"_index":"spt","_id":"3088383"}}
	{"id":3088383,"type":"buy","buyer":"diegorccp","seller":"ggbouncy","symbol":"SPT","quantity":"0.000026","price":"0.00115384","timestamp":1648632267,"volume":"0.00000003","buyTxId":"b0cc1004fd5ef9178f5e6185ad4c5bd3c3d105f4","sellTxId":"34fcbb1baffeb0ec4feb9d59b29015ecf200ddfb"}
{"index": {"_index":"spt","_id":"3088384"}}
	{"id":3088384,"type":"buy","buyer":"diegorccp","seller":"brofi-market","symbol":"SPT","quantity":"0.461107","price":"0.00115384","timestamp":1648632267,"volume":"0.00053204","buyTxId":"b0cc1004fd5ef9178f5e6185ad4c5bd3c3d105f4","sellTxId":"32477c690ad15d3c75ec0f06091976ff77e8e596"}
{"index": {"_index":"spt","_id":"3088385"}}
	{"id":3088385,"type":"buy","buyer":"diegorccp","seller":"elenkar","symbol":"SPT","quantity":"1.036685","price":"0.00189990","timestamp":1648632267,"volume":"0.00196960","buyTxId":"b0cc1004fd5ef9178f5e6185ad4c5bd3c3d105f4","sellTxId":"73ec7be317e199bb610ece61f74f5169d3ae9e50"}
{"index": {"_index":"spt","_id":"3088386"}}
	{"id":3088386,"type":"buy","buyer":"diegorccp","seller":"dhedge-drips","symbol":"SPT","quantity":"0.005314","price":"0.00189990","timestamp":1648632267,"volume":"0.00001010","buyTxId":"b0cc1004fd5ef9178f5e6185ad4c5bd3c3d105f4","sellTxId":"2afbc8c2df3db31ea91d81387e4368348269f947"}
{"index": {"_index":"spt","_id":"3088387"}}
	{"id":3088387,"type":"buy","buyer":"diegorccp","seller":"mvl2304","symbol":"SPT","quantity":"128.496868","price":"0.00190000","timestamp":1648632267,"volume":"0.24414405","buyTxId":"b0cc1004fd5ef9178f5e6185ad4c5bd3c3d105f4","sellTxId":"154e9aeae3d957f1f059d1a1cada48b5b042d4ca"}
{"index": {"_index":"spt","_id":"3088518"}}
	{"id":3088518,"type":"sell","buyer":"carlinhusss","seller":"justinparke","symbol":"SPT","quantity":"23.169","price":"0.00100124","timestamp":1648634385,"volume":"0.02319773","buyTxId":"db75f101d29729596f217533b0a843b4edfa4ff6","sellTxId":"062a75f6c63ac36b15a64ba400493318b56ec1ea"}
{"index": {"_index":"spt","_id":"3088692"}}
	{"id":3088692,"type":"sell","buyer":"carlinhusss","seller":"cynano","symbol":"SPT","quantity":"48.394430","price":"0.00100124","timestamp":1648638411,"volume":"0.04845444","buyTxId":"db75f101d29729596f217533b0a843b4edfa4ff6","sellTxId":"67c1073048f4fc0d66438a199b689673b5f95bd4"}
{"index": {"_index":"spt","_id":"3088705"}}
	{"id":3088705,"type":"sell","buyer":"carlinhusss","seller":"mercurial9","symbol":"SPT","quantity":"585.899041","price":"0.00100124","timestamp":1648638603,"volume":"0.58662555","buyTxId":"db75f101d29729596f217533b0a843b4edfa4ff6","sellTxId":"3ee7618703cc0adbc282cf22a72a1e442a401ab9"}
{"index": {"_index":"spt","_id":"3088706"}}
	{"id":3088706,"type":"sell","buyer":"multifurcate","seller":"mercurial9","symbol":"SPT","quantity":"670.219091","price":"0.00100123","timestamp":1648638603,"volume":"0.67104346","buyTxId":"60f1f995c3cafc9389937a2c0e066ceee1b38cd5","sellTxId":"3ee7618703cc0adbc282cf22a72a1e442a401ab9"}
{"index": {"_index":"spt","_id":"3088723"}}
	{"id":3088723,"type":"sell","buyer":"multifurcate","seller":"metronet","symbol":"SPT","quantity":"6.763515","price":"0.00100123","timestamp":1648638861,"volume":"0.00677183","buyTxId":"60f1f995c3cafc9389937a2c0e066ceee1b38cd5","sellTxId":"d12aee8a64322540bfd513744a2c95161eb1c65b"}
{"index": {"_index":"spt","_id":"3088821"}}
	{"id":3088821,"type":"sell","buyer":"multifurcate","seller":"themarkymark","symbol":"SPT","quantity":"56.403113","price":"0.00100123","timestamp":1648640370,"volume":"0.05647249","buyTxId":"305c7795e24678b15a44eed4706a6793138b9881","sellTxId":"e07371a5543c215c2e8a6007a0af09cb320171c4"}
{"index": {"_index":"spt","_id":"3088846"}}
	{"id":3088846,"type":"sell","buyer":"multifurcate","seller":"ghua","symbol":"SPT","quantity":"38.008203","price":"0.00100123","timestamp":1648640790,"volume":"0.03805495","buyTxId":"305c7795e24678b15a44eed4706a6793138b9881","sellTxId":"cd675d3bb83b3147e0f20ef56a2b6fb9dbbff898"}
{"index": {"_index":"spt","_id":"3088934"}}
	{"id":3088934,"type":"sell","buyer":"multifurcate","seller":"brofi-market","symbol":"SPT","quantity":"0.210315","price":"0.00100123","timestamp":1648642353,"volume":"0.00021057","buyTxId":"9bc0731340b8dae77e29399bf2d4eb54e57ad3e2","sellTxId":"b45bac6326b10089d857f50b46e0caa20f83231c"}
{"index": {"_index":"spt","_id":"3089054"}}
	{"id":3089054,"type":"sell","buyer":"multifurcate","seller":"dhedge-drips","symbol":"SPT","quantity":"0.061083","price":"0.00100123","timestamp":1648644342,"volume":"0.00006116","buyTxId":"9bc0731340b8dae77e29399bf2d4eb54e57ad3e2","sellTxId":"7b8d4ad4985f3152ac841695c155e0a3b2510e61"}
{"index": {"_index":"spt","_id":"3089127"}}
	{"id":3089127,"type":"sell","buyer":"multifurcate","seller":"renovatio","symbol":"SPT","quantity":"74.683416","price":"0.00100123","timestamp":1648645011,"volume":"0.07477528","buyTxId":"493e89697ca20bf31b1dc85bb09c1a42b034f3e3","sellTxId":"f7b1886cb080ee67a67556834eccdc3e9d1142e7"}
{"index": {"_index":"spt","_id":"3089242"}}
	{"id":3089242,"type":"sell","buyer":"multifurcate","seller":"jazzy09","symbol":"SPT","quantity":"19642.000000","price":"0.00100123","timestamp":1648646355,"volume":"19.66615966","buyTxId":"493e89697ca20bf31b1dc85bb09c1a42b034f3e3","sellTxId":"168214ba9aa601e880c09d50dfaf3266f4009754"}
{"index": {"_index":"spt","_id":"3089838"}}
	{"id":3089838,"type":"sell","buyer":"multifurcate","seller":"eythorphoto","symbol":"SPT","quantity":"15.215233","price":"0.00110100","timestamp":1648652850,"volume":"0.01675197","buyTxId":"4127cd1adc46a4d1ee2e342d464e3086a6ad2644","sellTxId":"0c3a12593111cf6f44c9d22af8a2cb2bd4a8b462"}
{"index": {"_index":"spt","_id":"3090224"}}
	{"id":3090224,"type":"sell","buyer":"multifurcate","seller":"brofi-market","symbol":"SPT","quantity":"0.507962","price":"0.00110100","timestamp":1648656717,"volume":"0.00055927","buyTxId":"4127cd1adc46a4d1ee2e342d464e3086a6ad2644","sellTxId":"a9ff7cc3c768a3fdf0833732825dade525606996"}
{"index": {"_index":"spt","_id":"3090357"}}
	{"id":3090357,"type":"sell","buyer":"thewycher","seller":"felipejoys","symbol":"SPT","quantity":"160.556080","price":"0.00110101","timestamp":1648658043,"volume":"0.17677385","buyTxId":"b20bb87cad9a776227fe0d520ee886aaec68f88d","sellTxId":"ffb016045abe4df1a1d7a1668cefbfbffb4a3f2c"}
{"index": {"_index":"spt","_id":"3090546"}}
	{"id":3090546,"type":"buy","buyer":"jongolson","seller":"felipejoys","symbol":"SPT","quantity":"575.862352","price":"0.00110101","timestamp":1648659345,"volume":"0.63403021","buyTxId":"f5b185dc1255b724bbf6c218d541584550b03a08","sellTxId":"ffb016045abe4df1a1d7a1668cefbfbffb4a3f2c"}
{"index": {"_index":"spt","_id":"3090547"}}
	{"id":3090547,"type":"buy","buyer":"jongolson","seller":"brofi-market","symbol":"SPT","quantity":"0.210315","price":"0.00190000","timestamp":1648659345,"volume":"0.00039960","buyTxId":"f5b185dc1255b724bbf6c218d541584550b03a08","sellTxId":"7b28594ef13493762fdf0af413fb6982d4770b68"}
{"index": {"_index":"spt","_id":"3090548"}}
	{"id":3090548,"type":"buy","buyer":"jongolson","seller":"dhedge-drips","symbol":"SPT","quantity":"0.061083","price":"0.00190000","timestamp":1648659345,"volume":"0.00011606","buyTxId":"f5b185dc1255b724bbf6c218d541584550b03a08","sellTxId":"abb48a1104f33d219cca1e621b76f2f17ec0bb1b"}
{"index": {"_index":"spt","_id":"3090549"}}
	{"id":3090549,"type":"buy","buyer":"jongolson","seller":"abcor","symbol":"SPT","quantity":"323.866250","price":"0.00190000","timestamp":1648659345,"volume":"0.61534588","buyTxId":"f5b185dc1255b724bbf6c218d541584550b03a08","sellTxId":"3a44e13639df4ef604319b12b83cda2c2aa53832"}
{"index": {"_index":"spt","_id":"3090705"}}
	{"id":3090705,"type":"sell","buyer":"multifurcate","seller":"bearbear613","symbol":"SPT","quantity":"8.662849","price":"0.00110100","timestamp":1648660791,"volume":"0.00953780","buyTxId":"4127cd1adc46a4d1ee2e342d464e3086a6ad2644","sellTxId":"92e9a4a265e91ec33f08f7b0c56bab065506db81"}
{"index": {"_index":"spt","_id":"3091114"}}
	{"id":3091114,"type":"buy","buyer":"ahmetay","seller":"mvl2304","symbol":"SPT","quantity":"4017.062462","price":"0.00170000","timestamp":1648664541,"volume":"6.82900619","buyTxId":"1f18ac5f941fbf4f1a4010ab3786a27236f8533c","sellTxId":"acb548ecfe49d85299b914a9957d35c25b6356a2"}
{"index": {"_index":"spt","_id":"3091258"}}
	{"id":3091258,"type":"sell","buyer":"multifurcate","seller":"dhedge-drips","symbol":"SPT","quantity":"0.033133","price":"0.00112100","timestamp":1648665945,"volume":"0.00003714","buyTxId":"2300d8cf85d6a61a2d01b45e10d158110b7c3198","sellTxId":"3f3d7cfe29e69b69077f4799945eae9e62ec66f9"}
{"index": {"_index":"spt","_id":"3091826"}}
	{"id":3091826,"type":"sell","buyer":"multifurcate","seller":"brofi-market","symbol":"SPT","quantity":"0.378837","price":"0.00112300","timestamp":1648671573,"volume":"0.00042543","buyTxId":"86b91b2ece53eed6d0fe3d770657d5755a11205e","sellTxId":"cf7b556ec87862b4735d7a0d28d63846fd8e0ac4"}
{"index": {"_index":"spt","_id":"3092148"}}
	{"id":3092148,"type":"sell","buyer":"multifurcate","seller":"frawdielp2","symbol":"SPT","quantity":"2.124623","price":"0.00112300","timestamp":1648674384,"volume":"0.00238595","buyTxId":"4807601fec13c794277adb473991277ddc16818a","sellTxId":"aeb940d56c5cdbb09fc68af07725ec19c1af65b6"}
{"index": {"_index":"spt","_id":"3092256"}}
	{"id":3092256,"type":"sell","buyer":"multifurcate","seller":"abdelkadir","symbol":"SPT","quantity":"21.452853","price":"0.00112300","timestamp":1648674555,"volume":"0.02409155","buyTxId":"4807601fec13c794277adb473991277ddc16818a","sellTxId":"b66004103b46f63e556e468f7bd5aff496378699"}
{"index": {"_index":"spt","_id":"3092424"}}
	{"id":3092424,"type":"sell","buyer":"thewycher","seller":"dswap","symbol":"SPT","quantity":"52","price":"0.00112301","timestamp":1648676511,"volume":"0.05839652","buyTxId":"479e661b44bc48853ff9461c8d4c8dff8a0ed191","sellTxId":"a0b849672b001e3e6cd0188d0310ea65aa834e62"}
{"index": {"_index":"spt","_id":"3092525"}}
	{"id":3092525,"type":"sell","buyer":"thewycher","seller":"he-index","symbol":"SPT","quantity":"0.048000","price":"0.00112301","timestamp":1648677735,"volume":"0.00005390","buyTxId":"479e661b44bc48853ff9461c8d4c8dff8a0ed191","sellTxId":"e48011113c3ff0670a1c3d18d90d0c24d913653d"}
{"index": {"_index":"spt","_id":"3092843"}}
	{"id":3092843,"type":"sell","buyer":"thewycher","seller":"criptoventa","symbol":"SPT","quantity":"0.113329","price":"0.00112301","timestamp":1648682178,"volume":"0.00012727","buyTxId":"479e661b44bc48853ff9461c8d4c8dff8a0ed191","sellTxId":"d85ed0179ba1b20eba32f51a2aa9125d067c98ac"}
{"index": {"_index":"spt","_id":"3092931"}}
	{"id":3092931,"type":"sell","buyer":"thewycher","seller":"proton80","symbol":"SPT","quantity":"8.018599","price":"0.00112301","timestamp":1648682814,"volume":"0.00900497","buyTxId":"479e661b44bc48853ff9461c8d4c8dff8a0ed191","sellTxId":"ad24d93641875c2bf2c22161766fd063946230ee"}
{"index": {"_index":"spt","_id":"3093051"}}
	{"id":3093051,"type":"sell","buyer":"thewycher","seller":"durlan","symbol":"SPT","quantity":"211.759582","price":"0.00112301","timestamp":1648683594,"volume":"0.23780813","buyTxId":"479e661b44bc48853ff9461c8d4c8dff8a0ed191","sellTxId":"5b915815556752ac2fb392f6010b24f657d379bd"}
{"index": {"_index":"spt","_id":"3093052"}}
	{"id":3093052,"type":"sell","buyer":"multifurcate","seller":"durlan","symbol":"SPT","quantity":"1111.173471","price":"0.00112300","timestamp":1648683594,"volume":"1.24784781","buyTxId":"f61399c970ef15da070f16d8086e676111ab1894","sellTxId":"5b915815556752ac2fb392f6010b24f657d379bd"}
{"index": {"_index":"spt","_id":"3093069"}}
	{"id":3093069,"type":"sell","buyer":"multifurcate","seller":"bronko","symbol":"SPT","quantity":"2.722079","price":"0.00112300","timestamp":1648683726,"volume":"0.00305689","buyTxId":"f61399c970ef15da070f16d8086e676111ab1894","sellTxId":"3b27cbf31261838f445f8c0d9ad5cf627572eec2"}
{"index": {"_index":"spt","_id":"3093093"}}
	{"id":3093093,"type":"sell","buyer":"multifurcate","seller":"loganhate","symbol":"SPT","quantity":"49.184023","price":"0.00112300","timestamp":1648683861,"volume":"0.05523366","buyTxId":"f61399c970ef15da070f16d8086e676111ab1894","sellTxId":"71e5eac26e399060bb201f69b2b0fe65d88929b5"}
{"index": {"_index":"spt","_id":"3093218"}}
	{"id":3093218,"type":"sell","buyer":"multifurcate","seller":"mightyrocklee","symbol":"SPT","quantity":"2358.233537","price":"0.00112300","timestamp":1648685190,"volume":"2.64829626","buyTxId":"f61399c970ef15da070f16d8086e676111ab1894","sellTxId":"e399f6faeeb99d205182bb6a2a76c5c57f13e74a"}
{"index": {"_index":"spt","_id":"3093287"}}
	{"id":3093287,"type":"sell","buyer":"multifurcate","seller":"brofi-market","symbol":"SPT","quantity":"3.424813","price":"0.00112300","timestamp":1648685736,"volume":"0.00384606","buyTxId":"f61399c970ef15da070f16d8086e676111ab1894","sellTxId":"55857330d66f66e14a5c60401c517dd0a62a42f1"}
{"index": {"_index":"spt","_id":"3093468"}}
	{"id":3093468,"type":"sell","buyer":"multifurcate","seller":"dhedge-drips","symbol":"SPT","quantity":"0.064761","price":"0.00112300","timestamp":1648687626,"volume":"0.00007273","buyTxId":"f61399c970ef15da070f16d8086e676111ab1894","sellTxId":"a92cfb3ea3879222ba9d755a7ac88f55f9aa48cd"}
{"index": {"_index":"spt","_id":"3093550"}}
	{"id":3093550,"type":"sell","buyer":"multifurcate","seller":"desro","symbol":"SPT","quantity":"11.570256","price":"0.00112300","timestamp":1648688856,"volume":"0.01299340","buyTxId":"f61399c970ef15da070f16d8086e676111ab1894","sellTxId":"4c16fffc3b0c6cdeac419e43d8e37724d2b59872"}
