{"index": {"_index":"spt","_id":"3178316"}}
	{"id":3178316,"type":"sell","buyer":"thewycher","seller":"valchiz","symbol":"SPT","quantity":"107.904180","price":"0.00195101","timestamp":1649725044,"volume":"0.21052213","buyTxId":"c31bba8f975bc6a808ea9aed6c9229b5470d69ec","sellTxId":"284cca6095fbd1a15bb12bfd4b784c03d177dad3"}
{"index": {"_index":"spt","_id":"3178317"}}
	{"id":3178317,"type":"sell","buyer":"thewycher","seller":"valchiz","symbol":"SPT","quantity":"300.000000","price":"0.00195101","timestamp":1649725044,"volume":"0.58530300","buyTxId":"c136243fcc14206097e6f28a4dc1e94a0039a775","sellTxId":"284cca6095fbd1a15bb12bfd4b784c03d177dad3"}
{"index": {"_index":"spt","_id":"3178318"}}
	{"id":3178318,"type":"sell","buyer":"thewycher","seller":"valchiz","symbol":"SPT","quantity":"300.000000","price":"0.00195101","timestamp":1649725044,"volume":"0.58530300","buyTxId":"4c549624ac5480f0f750abc9a26b61a5b6e61aab","sellTxId":"284cca6095fbd1a15bb12bfd4b784c03d177dad3"}
{"index": {"_index":"spt","_id":"3178319"}}
	{"id":3178319,"type":"sell","buyer":"thewycher","seller":"valchiz","symbol":"SPT","quantity":"300.000000","price":"0.00195101","timestamp":1649725044,"volume":"0.58530300","buyTxId":"ca4807b12b18603e6fac9dd0d48f720494222a5c","sellTxId":"284cca6095fbd1a15bb12bfd4b784c03d177dad3"}
{"index": {"_index":"spt","_id":"3178320"}}
	{"id":3178320,"type":"sell","buyer":"thewycher","seller":"valchiz","symbol":"SPT","quantity":"300.000000","price":"0.00195101","timestamp":1649725044,"volume":"0.58530300","buyTxId":"6ba876d823322e27265a35a1d33870fe79d780ed","sellTxId":"284cca6095fbd1a15bb12bfd4b784c03d177dad3"}
{"index": {"_index":"spt","_id":"3178321"}}
	{"id":3178321,"type":"sell","buyer":"thewycher","seller":"valchiz","symbol":"SPT","quantity":"300.000000","price":"0.00195101","timestamp":1649725044,"volume":"0.58530300","buyTxId":"21329e824ef94bb0a47eda0762f47e422557e038","sellTxId":"284cca6095fbd1a15bb12bfd4b784c03d177dad3"}
{"index": {"_index":"spt","_id":"3178322"}}
	{"id":3178322,"type":"sell","buyer":"thewycher","seller":"valchiz","symbol":"SPT","quantity":"285.335598","price":"0.00195101","timestamp":1649725044,"volume":"0.55669261","buyTxId":"a81454f2c91fc2e7489d93cffd24a57229c675b3","sellTxId":"284cca6095fbd1a15bb12bfd4b784c03d177dad3"}
{"index": {"_index":"spt","_id":"3178469"}}
	{"id":3178469,"type":"sell","buyer":"thewycher","seller":"bitcoinflood","symbol":"SPT","quantity":"14.664402","price":"0.00195101","timestamp":1649726976,"volume":"0.02861039","buyTxId":"a81454f2c91fc2e7489d93cffd24a57229c675b3","sellTxId":"31537ac5c6fd5c3197a47e055100f257c98b1e2f"}
{"index": {"_index":"spt","_id":"3178470"}}
	{"id":3178470,"type":"sell","buyer":"thewycher","seller":"bitcoinflood","symbol":"SPT","quantity":"61.451212","price":"0.00195101","timestamp":1649726976,"volume":"0.11989193","buyTxId":"7319340c690771e7bfbc94fdec77502ec087697e","sellTxId":"31537ac5c6fd5c3197a47e055100f257c98b1e2f"}
{"index": {"_index":"spt","_id":"3178500"}}
	{"id":3178500,"type":"sell","buyer":"thewycher","seller":"dswap","symbol":"SPT","quantity":"238.548788","price":"0.00195101","timestamp":1649727477,"volume":"0.46541107","buyTxId":"7319340c690771e7bfbc94fdec77502ec087697e","sellTxId":"0da87adb5d1b3b3048f11db9afceff1c32b00c57"}
{"index": {"_index":"spt","_id":"3178501"}}
	{"id":3178501,"type":"sell","buyer":"thewycher","seller":"dswap","symbol":"SPT","quantity":"300.000000","price":"0.00195101","timestamp":1649727477,"volume":"0.58530300","buyTxId":"3a078e0d59badc3c58ecb7e669098ef3291ec3b8","sellTxId":"0da87adb5d1b3b3048f11db9afceff1c32b00c57"}
{"index": {"_index":"spt","_id":"3178502"}}
	{"id":3178502,"type":"sell","buyer":"thewycher","seller":"dswap","symbol":"SPT","quantity":"300.000000","price":"0.00195101","timestamp":1649727477,"volume":"0.58530300","buyTxId":"bbdc0de9de6ce869b886912abae5e5b3f062c4a0","sellTxId":"0da87adb5d1b3b3048f11db9afceff1c32b00c57"}
{"index": {"_index":"spt","_id":"3178503"}}
	{"id":3178503,"type":"sell","buyer":"thewycher","seller":"dswap","symbol":"SPT","quantity":"300.000000","price":"0.00195101","timestamp":1649727477,"volume":"0.58530300","buyTxId":"33ef429d31669c565770f7e941538e2f9808602d","sellTxId":"0da87adb5d1b3b3048f11db9afceff1c32b00c57"}
{"index": {"_index":"spt","_id":"3178504"}}
	{"id":3178504,"type":"sell","buyer":"thewycher","seller":"dswap","symbol":"SPT","quantity":"300.000000","price":"0.00195101","timestamp":1649727477,"volume":"0.58530300","buyTxId":"bdce653daa30d08e7a38d823a68d059cd3e199dc","sellTxId":"0da87adb5d1b3b3048f11db9afceff1c32b00c57"}
{"index": {"_index":"spt","_id":"3178505"}}
	{"id":3178505,"type":"sell","buyer":"thewycher","seller":"dswap","symbol":"SPT","quantity":"300.000000","price":"0.00195101","timestamp":1649727477,"volume":"0.58530300","buyTxId":"db3d6dc60e63e0886455be35cc25c6978310dcc3","sellTxId":"0da87adb5d1b3b3048f11db9afceff1c32b00c57"}
{"index": {"_index":"spt","_id":"3178506"}}
	{"id":3178506,"type":"sell","buyer":"thewycher","seller":"dswap","symbol":"SPT","quantity":"190.078397","price":"0.00195101","timestamp":1649727477,"volume":"0.37084485","buyTxId":"e25c68c64f93f442659c95f4b20dd488fe6b44ef","sellTxId":"0da87adb5d1b3b3048f11db9afceff1c32b00c57"}
{"index": {"_index":"spt","_id":"3178795"}}
	{"id":3178795,"type":"sell","buyer":"thewycher","seller":"thranax","symbol":"SPT","quantity":"109.921603","price":"0.00195101","timestamp":1649732064,"volume":"0.21445815","buyTxId":"e25c68c64f93f442659c95f4b20dd488fe6b44ef","sellTxId":"d686740931801f9e0de41728cdbe75a8662032c4"}
{"index": {"_index":"spt","_id":"3178796"}}
	{"id":3178796,"type":"sell","buyer":"thewycher","seller":"thranax","symbol":"SPT","quantity":"167.161843","price":"0.00195101","timestamp":1649732064,"volume":"0.32613443","buyTxId":"1144f6e83be6c6be03d8283d8ae745db07de1d4e","sellTxId":"d686740931801f9e0de41728cdbe75a8662032c4"}
{"index": {"_index":"spt","_id":"3178862"}}
	{"id":3178862,"type":"buy","buyer":"gsauce1989","seller":"kitsuki","symbol":"SPT","quantity":"150.000000","price":"0.00229400","timestamp":1649733207,"volume":"0.34410000","buyTxId":"a3cdb12e5e8c4406ac9cf383b943d70125b5b315","sellTxId":"bca409c78f5076cc507e5c8a56ced45bf32389a1"}
{"index": {"_index":"spt","_id":"3178986"}}
	{"id":3178986,"type":"sell","buyer":"thewycher","seller":"hiveexplorers","symbol":"SPT","quantity":"14.821754","price":"0.00195101","timestamp":1649735049,"volume":"0.02891739","buyTxId":"1144f6e83be6c6be03d8283d8ae745db07de1d4e","sellTxId":"15f0ea796dd78e18535f39c43055e6f76ccc862e"}
{"index": {"_index":"spt","_id":"3179088"}}
	{"id":3179088,"type":"sell","buyer":"thewycher","seller":"brofi-market","symbol":"SPT","quantity":"0.007719","price":"0.00195101","timestamp":1649736690,"volume":"0.00001506","buyTxId":"1144f6e83be6c6be03d8283d8ae745db07de1d4e","sellTxId":"2b3fa172d9948d3a10b134cb0a4b1002870be145"}
{"index": {"_index":"spt","_id":"3179143"}}
	{"id":3179143,"type":"sell","buyer":"thewycher","seller":"jordangerder","symbol":"SPT","quantity":"118.008684","price":"0.00195101","timestamp":1649737428,"volume":"0.23023612","buyTxId":"1144f6e83be6c6be03d8283d8ae745db07de1d4e","sellTxId":"2cda1e0155d82bad463bbd306f6d55bcf28a6afc"}
{"index": {"_index":"spt","_id":"3179144"}}
	{"id":3179144,"type":"sell","buyer":"thewycher","seller":"jordangerder","symbol":"SPT","quantity":"300.000000","price":"0.00195101","timestamp":1649737428,"volume":"0.58530300","buyTxId":"7d2b7aeaea6ce5608877a7d97d440c6eef579056","sellTxId":"2cda1e0155d82bad463bbd306f6d55bcf28a6afc"}
{"index": {"_index":"spt","_id":"3179145"}}
	{"id":3179145,"type":"sell","buyer":"thewycher","seller":"jordangerder","symbol":"SPT","quantity":"300.000000","price":"0.00195101","timestamp":1649737428,"volume":"0.58530300","buyTxId":"2a12429f48b6124a77e36f2d19fd40cf0df2126f","sellTxId":"2cda1e0155d82bad463bbd306f6d55bcf28a6afc"}
{"index": {"_index":"spt","_id":"3179146"}}
	{"id":3179146,"type":"sell","buyer":"thewycher","seller":"jordangerder","symbol":"SPT","quantity":"300.000000","price":"0.00195101","timestamp":1649737428,"volume":"0.58530300","buyTxId":"b64f87a0790995e28b4a3f3268776d5f593f4956","sellTxId":"2cda1e0155d82bad463bbd306f6d55bcf28a6afc"}
{"index": {"_index":"spt","_id":"3179147"}}
	{"id":3179147,"type":"sell","buyer":"thewycher","seller":"jordangerder","symbol":"SPT","quantity":"300.000000","price":"0.00195101","timestamp":1649737428,"volume":"0.58530300","buyTxId":"dead7b1cbc3eacd8029f8186dc79eb36746e7248","sellTxId":"2cda1e0155d82bad463bbd306f6d55bcf28a6afc"}
{"index": {"_index":"spt","_id":"3179148"}}
	{"id":3179148,"type":"sell","buyer":"thewycher","seller":"jordangerder","symbol":"SPT","quantity":"300.000000","price":"0.00195101","timestamp":1649737428,"volume":"0.58530300","buyTxId":"368e51b1f1d1cc3a3e4cb4025911dff88697cbe4","sellTxId":"2cda1e0155d82bad463bbd306f6d55bcf28a6afc"}
{"index": {"_index":"spt","_id":"3179149"}}
	{"id":3179149,"type":"sell","buyer":"thewycher","seller":"jordangerder","symbol":"SPT","quantity":"300.000000","price":"0.00195101","timestamp":1649737428,"volume":"0.58530300","buyTxId":"10509aa90f0636e5845323f7488c8d3eae7b2d45","sellTxId":"2cda1e0155d82bad463bbd306f6d55bcf28a6afc"}
{"index": {"_index":"spt","_id":"3179150"}}
	{"id":3179150,"type":"sell","buyer":"thewycher","seller":"jordangerder","symbol":"SPT","quantity":"300.000000","price":"0.00195101","timestamp":1649737428,"volume":"0.58530300","buyTxId":"7e29783a8b6a2cdaaeb06d2b946660f8732847de","sellTxId":"2cda1e0155d82bad463bbd306f6d55bcf28a6afc"}
{"index": {"_index":"spt","_id":"3179151"}}
	{"id":3179151,"type":"sell","buyer":"thewycher","seller":"jordangerder","symbol":"SPT","quantity":"81.263540","price":"0.00195101","timestamp":1649737428,"volume":"0.15854598","buyTxId":"3f758f864e54d4cf9b040151c5c0578e92837989","sellTxId":"2cda1e0155d82bad463bbd306f6d55bcf28a6afc"}
{"index": {"_index":"spt","_id":"3179552"}}
	{"id":3179552,"type":"sell","buyer":"thewycher","seller":"cynano","symbol":"SPT","quantity":"81.805713","price":"0.00195101","timestamp":1649743386,"volume":"0.15960376","buyTxId":"3f758f864e54d4cf9b040151c5c0578e92837989","sellTxId":"8f217be128e58d772f0818cfaab2eea51520450e"}
{"index": {"_index":"spt","_id":"3179680"}}
	{"id":3179680,"type":"sell","buyer":"thewycher","seller":"bryanlz8764","symbol":"SPT","quantity":"136.930747","price":"0.00195101","timestamp":1649744595,"volume":"0.26715326","buyTxId":"3f758f864e54d4cf9b040151c5c0578e92837989","sellTxId":"c1394e61406d34e501429adcd58b288ba175d3b1"}
{"index": {"_index":"spt","_id":"3179681"}}
	{"id":3179681,"type":"sell","buyer":"thewycher","seller":"bryanlz8764","symbol":"SPT","quantity":"300.000000","price":"0.00195101","timestamp":1649744595,"volume":"0.58530300","buyTxId":"40b120dd04fbb1aa903d495308a7897b2cf25ecd","sellTxId":"c1394e61406d34e501429adcd58b288ba175d3b1"}
{"index": {"_index":"spt","_id":"3179682"}}
	{"id":3179682,"type":"sell","buyer":"thewycher","seller":"bryanlz8764","symbol":"SPT","quantity":"300.000000","price":"0.00195101","timestamp":1649744595,"volume":"0.58530300","buyTxId":"7209344dec3cdb1015b53fb8461e2987331514e4","sellTxId":"c1394e61406d34e501429adcd58b288ba175d3b1"}
{"index": {"_index":"spt","_id":"3179683"}}
	{"id":3179683,"type":"sell","buyer":"thewycher","seller":"bryanlz8764","symbol":"SPT","quantity":"300.000000","price":"0.00195101","timestamp":1649744595,"volume":"0.58530300","buyTxId":"6a37349b64808762c1cab8a7b2fe27fe93a8a425","sellTxId":"c1394e61406d34e501429adcd58b288ba175d3b1"}
{"index": {"_index":"spt","_id":"3179684"}}
	{"id":3179684,"type":"sell","buyer":"thewycher","seller":"bryanlz8764","symbol":"SPT","quantity":"300.000000","price":"0.00195101","timestamp":1649744595,"volume":"0.58530300","buyTxId":"6c16b822fb524a51c4d744c5bc76594d7e053438","sellTxId":"c1394e61406d34e501429adcd58b288ba175d3b1"}
{"index": {"_index":"spt","_id":"3179685"}}
	{"id":3179685,"type":"sell","buyer":"thewycher","seller":"bryanlz8764","symbol":"SPT","quantity":"274.614642","price":"0.00195101","timestamp":1649744595,"volume":"0.53577591","buyTxId":"4a71dde530fa4a02b4520becdbcb749be9f19555","sellTxId":"c1394e61406d34e501429adcd58b288ba175d3b1"}
{"index": {"_index":"spt","_id":"3179736"}}
	{"id":3179736,"type":"sell","buyer":"thewycher","seller":"khazrakh","symbol":"SPT","quantity":"25.385358","price":"0.00195101","timestamp":1649745540,"volume":"0.04952709","buyTxId":"4a71dde530fa4a02b4520becdbcb749be9f19555","sellTxId":"de09122551aca93301375e100c1aac83effc6e33"}
{"index": {"_index":"spt","_id":"3179737"}}
	{"id":3179737,"type":"sell","buyer":"thewycher","seller":"khazrakh","symbol":"SPT","quantity":"300.000000","price":"0.00195101","timestamp":1649745540,"volume":"0.58530300","buyTxId":"86394fae368de12e0e422010c1287778138fdf72","sellTxId":"de09122551aca93301375e100c1aac83effc6e33"}
{"index": {"_index":"spt","_id":"3179738"}}
	{"id":3179738,"type":"sell","buyer":"thewycher","seller":"khazrakh","symbol":"SPT","quantity":"55.447921","price":"0.00195101","timestamp":1649745540,"volume":"0.10817945","buyTxId":"0d0c2fddfb30ce6b75d4e5dfc99654761fd87e38","sellTxId":"de09122551aca93301375e100c1aac83effc6e33"}
{"index": {"_index":"spt","_id":"3179739"}}
	{"id":3179739,"type":"sell","buyer":"thewycher","seller":"khazrakh","symbol":"SPT","quantity":"5.259857","price":"0.00195101","timestamp":1649745540,"volume":"0.01026203","buyTxId":"a1bd77a9ce642ac72c173e296c6a5c7727c47dbc","sellTxId":"de09122551aca93301375e100c1aac83effc6e33"}
{"index": {"_index":"spt","_id":"3179921"}}
	{"id":3179921,"type":"buy","buyer":"drunksamurai","seller":"master-lamps","symbol":"SPT","quantity":"0.512000","price":"0.00229385","timestamp":1649748495,"volume":"0.00117445","buyTxId":"9f2ff4dc5db52bd33d674493c3454ed49effa5b6","sellTxId":"dade8214716b31907f71659c27ed32c34013e2c2"}
{"index": {"_index":"spt","_id":"3179922"}}
	{"id":3179922,"type":"buy","buyer":"drunksamurai","seller":"kitsuki","symbol":"SPT","quantity":"375.000000","price":"0.00229400","timestamp":1649748495,"volume":"0.86025000","buyTxId":"9f2ff4dc5db52bd33d674493c3454ed49effa5b6","sellTxId":"bca409c78f5076cc507e5c8a56ced45bf32389a1"}
{"index": {"_index":"spt","_id":"3179923"}}
	{"id":3179923,"type":"buy","buyer":"drunksamurai","seller":"brofi-market","symbol":"SPT","quantity":"3.570277","price":"0.00229400","timestamp":1649748495,"volume":"0.00819022","buyTxId":"9f2ff4dc5db52bd33d674493c3454ed49effa5b6","sellTxId":"f57da7cb8f27744218343c9a852e73c384b8aebf"}
{"index": {"_index":"spt","_id":"3179924"}}
	{"id":3179924,"type":"buy","buyer":"drunksamurai","seller":"dhedge-drips","symbol":"SPT","quantity":"0.040947","price":"0.00229400","timestamp":1649748495,"volume":"0.00009393","buyTxId":"9f2ff4dc5db52bd33d674493c3454ed49effa5b6","sellTxId":"c15c1f508c91407345cdd5204b7ef85512209fc4"}
{"index": {"_index":"spt","_id":"3179925"}}
	{"id":3179925,"type":"buy","buyer":"drunksamurai","seller":"thecuriousfool","symbol":"SPT","quantity":"620.876776","price":"0.00229400","timestamp":1649748495,"volume":"1.42429132","buyTxId":"9f2ff4dc5db52bd33d674493c3454ed49effa5b6","sellTxId":"e18ccf1c7a28b69711979595a89aef090c438a95"}
{"index": {"_index":"spt","_id":"3179933"}}
	{"id":3179933,"type":"buy","buyer":"bananofarmer","seller":"thecuriousfool","symbol":"SPT","quantity":"218.108076","price":"0.00229400","timestamp":1649748606,"volume":"0.50033993","buyTxId":"6d242c0711194790f450b9ac2dc700a87cf5c618","sellTxId":"e18ccf1c7a28b69711979595a89aef090c438a95"}
{"index": {"_index":"spt","_id":"3179934"}}
	{"id":3179934,"type":"buy","buyer":"bananofarmer","seller":"brofi-market","symbol":"SPT","quantity":"0.007719","price":"0.00229400","timestamp":1649748606,"volume":"0.00001771","buyTxId":"6d242c0711194790f450b9ac2dc700a87cf5c618","sellTxId":"8d88acbfdefafae349a81546c4da0c1bec70c5d3"}
{"index": {"_index":"spt","_id":"3179935"}}
	{"id":3179935,"type":"buy","buyer":"bananofarmer","seller":"laundrywoman","symbol":"SPT","quantity":"435.384303","price":"0.00229600","timestamp":1649748606,"volume":"0.99964236","buyTxId":"6d242c0711194790f450b9ac2dc700a87cf5c618","sellTxId":"0c3dc9396da080e1adbc66211e315a0019c080d5"}
{"index": {"_index":"spt","_id":"3179990"}}
	{"id":3179990,"type":"sell","buyer":"thewycher","seller":"dswap","symbol":"SPT","quantity":"5.108","price":"0.00195101","timestamp":1649749482,"volume":"0.00996576","buyTxId":"a1bd77a9ce642ac72c173e296c6a5c7727c47dbc","sellTxId":"aeb7a18289985ebd434a34d42cab07d459e2744f"}
{"index": {"_index":"spt","_id":"3180200"}}
	{"id":3180200,"type":"sell","buyer":"thewycher","seller":"dswap","symbol":"SPT","quantity":"289.632143","price":"0.00195101","timestamp":1649752479,"volume":"0.56507521","buyTxId":"a1bd77a9ce642ac72c173e296c6a5c7727c47dbc","sellTxId":"4324b2670c15b1833d7070676f6b91e7b1b569dd"}
{"index": {"_index":"spt","_id":"3180201"}}
	{"id":3180201,"type":"sell","buyer":"thewycher","seller":"dswap","symbol":"SPT","quantity":"300.000000","price":"0.00195101","timestamp":1649752479,"volume":"0.58530300","buyTxId":"3d023e5fde2da095b2f9d1ad786e12fc0fb9c9d9","sellTxId":"4324b2670c15b1833d7070676f6b91e7b1b569dd"}
{"index": {"_index":"spt","_id":"3180202"}}
	{"id":3180202,"type":"sell","buyer":"thewycher","seller":"dswap","symbol":"SPT","quantity":"300.000000","price":"0.00195101","timestamp":1649752479,"volume":"0.58530300","buyTxId":"1787344322a30726e0027e9c15eff40164d0b805","sellTxId":"4324b2670c15b1833d7070676f6b91e7b1b569dd"}
{"index": {"_index":"spt","_id":"3180203"}}
	{"id":3180203,"type":"sell","buyer":"thewycher","seller":"dswap","symbol":"SPT","quantity":"300.000000","price":"0.00195101","timestamp":1649752479,"volume":"0.58530300","buyTxId":"49ab935d7c81cf8c7f456b26262e410e72a294dc","sellTxId":"4324b2670c15b1833d7070676f6b91e7b1b569dd"}
{"index": {"_index":"spt","_id":"3180204"}}
	{"id":3180204,"type":"sell","buyer":"thewycher","seller":"dswap","symbol":"SPT","quantity":"300.000000","price":"0.00195101","timestamp":1649752479,"volume":"0.58530300","buyTxId":"69ac16f5d6384387914f07ff3fdc0ab86cace01b","sellTxId":"4324b2670c15b1833d7070676f6b91e7b1b569dd"}
{"index": {"_index":"spt","_id":"3180205"}}
	{"id":3180205,"type":"sell","buyer":"thewycher","seller":"dswap","symbol":"SPT","quantity":"300.000000","price":"0.00195101","timestamp":1649752479,"volume":"0.58530300","buyTxId":"cceb90c6f3018cc62fe6873e52069ec32af2dde3","sellTxId":"4324b2670c15b1833d7070676f6b91e7b1b569dd"}
{"index": {"_index":"spt","_id":"3180206"}}
	{"id":3180206,"type":"sell","buyer":"thewycher","seller":"dswap","symbol":"SPT","quantity":"52.367857","price":"0.00195101","timestamp":1649752479,"volume":"0.10217021","buyTxId":"2df9b2b79c6774a0c0f228b015d87b123a3c6730","sellTxId":"4324b2670c15b1833d7070676f6b91e7b1b569dd"}
{"index": {"_index":"spt","_id":"3180340"}}
	{"id":3180340,"type":"sell","buyer":"thewycher","seller":"racheladeline","symbol":"SPT","quantity":"247.632143","price":"0.00195101","timestamp":1649753787,"volume":"0.48313279","buyTxId":"2df9b2b79c6774a0c0f228b015d87b123a3c6730","sellTxId":"eb47a7e45658cf06cfa45d4f00ff7a11e0c4f885"}
{"index": {"_index":"spt","_id":"3180341"}}
	{"id":3180341,"type":"sell","buyer":"thewycher","seller":"racheladeline","symbol":"SPT","quantity":"300.000000","price":"0.00195101","timestamp":1649753787,"volume":"0.58530300","buyTxId":"903f8d6accd84f469d2bf4c5eaad591861b45e8c","sellTxId":"eb47a7e45658cf06cfa45d4f00ff7a11e0c4f885"}
{"index": {"_index":"spt","_id":"3180342"}}
	{"id":3180342,"type":"sell","buyer":"thewycher","seller":"racheladeline","symbol":"SPT","quantity":"24.351528","price":"0.00195101","timestamp":1649753787,"volume":"0.04751007","buyTxId":"d677965926e7382edf7b8bbd534b7bf554acc75c","sellTxId":"eb47a7e45658cf06cfa45d4f00ff7a11e0c4f885"}
{"index": {"_index":"spt","_id":"3180475"}}
	{"id":3180475,"type":"sell","buyer":"thewycher","seller":"kikero","symbol":"SPT","quantity":"275.648472","price":"0.00195101","timestamp":1649755971,"volume":"0.53779293","buyTxId":"d677965926e7382edf7b8bbd534b7bf554acc75c","sellTxId":"4dcf4601c390cfe181c0f1158ee7ef997dbcb5b4"}
{"index": {"_index":"spt","_id":"3180476"}}
	{"id":3180476,"type":"sell","buyer":"thewycher","seller":"kikero","symbol":"SPT","quantity":"300.000000","price":"0.00195101","timestamp":1649755971,"volume":"0.58530300","buyTxId":"e06048ec0df648a786791dd83a841c8fb86f1740","sellTxId":"4dcf4601c390cfe181c0f1158ee7ef997dbcb5b4"}
{"index": {"_index":"spt","_id":"3180477"}}
	{"id":3180477,"type":"sell","buyer":"thewycher","seller":"kikero","symbol":"SPT","quantity":"300.000000","price":"0.00195101","timestamp":1649755971,"volume":"0.58530300","buyTxId":"4ab0a070cd7ec62f374f79494df94756f7eaeff7","sellTxId":"4dcf4601c390cfe181c0f1158ee7ef997dbcb5b4"}
{"index": {"_index":"spt","_id":"3180478"}}
	{"id":3180478,"type":"sell","buyer":"thewycher","seller":"kikero","symbol":"SPT","quantity":"300.000000","price":"0.00195101","timestamp":1649755971,"volume":"0.58530300","buyTxId":"ee7d6d7e3a1a25709eaf9322b1461ab08942ff0e","sellTxId":"4dcf4601c390cfe181c0f1158ee7ef997dbcb5b4"}
{"index": {"_index":"spt","_id":"3180479"}}
	{"id":3180479,"type":"sell","buyer":"thewycher","seller":"kikero","symbol":"SPT","quantity":"300.000000","price":"0.00195101","timestamp":1649755971,"volume":"0.58530300","buyTxId":"b66aa87ce153733b2118a38d303849fa601364a0","sellTxId":"4dcf4601c390cfe181c0f1158ee7ef997dbcb5b4"}
{"index": {"_index":"spt","_id":"3180480"}}
	{"id":3180480,"type":"sell","buyer":"thewycher","seller":"kikero","symbol":"SPT","quantity":"300.000000","price":"0.00195101","timestamp":1649755971,"volume":"0.58530300","buyTxId":"d5efb2025facaf8bd35abfaca6b1e1c9d0e9dbab","sellTxId":"4dcf4601c390cfe181c0f1158ee7ef997dbcb5b4"}
{"index": {"_index":"spt","_id":"3180481"}}
	{"id":3180481,"type":"sell","buyer":"thewycher","seller":"kikero","symbol":"SPT","quantity":"300.000000","price":"0.00195101","timestamp":1649755971,"volume":"0.58530300","buyTxId":"f058d17beeb265139446ff240561c49f1506c7ed","sellTxId":"4dcf4601c390cfe181c0f1158ee7ef997dbcb5b4"}
{"index": {"_index":"spt","_id":"3180482"}}
	{"id":3180482,"type":"sell","buyer":"thewycher","seller":"kikero","symbol":"SPT","quantity":"300.000000","price":"0.00195101","timestamp":1649755971,"volume":"0.58530300","buyTxId":"8f2bdd47f876b3b1c821b51b04c81169a5f5ccc8","sellTxId":"4dcf4601c390cfe181c0f1158ee7ef997dbcb5b4"}
{"index": {"_index":"spt","_id":"3180483"}}
	{"id":3180483,"type":"sell","buyer":"thewycher","seller":"kikero","symbol":"SPT","quantity":"300.000000","price":"0.00195101","timestamp":1649755971,"volume":"0.58530300","buyTxId":"4e9aa180793aa09716ab00c8b84083497ae25767","sellTxId":"4dcf4601c390cfe181c0f1158ee7ef997dbcb5b4"}
{"index": {"_index":"spt","_id":"3180484"}}
	{"id":3180484,"type":"sell","buyer":"thewycher","seller":"kikero","symbol":"SPT","quantity":"300.000000","price":"0.00195101","timestamp":1649755971,"volume":"0.58530300","buyTxId":"c7fc986f73618ead1518f17a28d60b8ede1a69c2","sellTxId":"4dcf4601c390cfe181c0f1158ee7ef997dbcb5b4"}
{"index": {"_index":"spt","_id":"3180485"}}
	{"id":3180485,"type":"sell","buyer":"thewycher","seller":"kikero","symbol":"SPT","quantity":"300.000000","price":"0.00195101","timestamp":1649755971,"volume":"0.58530300","buyTxId":"f0d19777c8ecc55fef4d1a461cc33a80f39127c9","sellTxId":"4dcf4601c390cfe181c0f1158ee7ef997dbcb5b4"}
{"index": {"_index":"spt","_id":"3180486"}}
	{"id":3180486,"type":"sell","buyer":"thewycher","seller":"kikero","symbol":"SPT","quantity":"300.000000","price":"0.00195101","timestamp":1649755971,"volume":"0.58530300","buyTxId":"ff33df5e5e5e0623fbb190ed6618114cafbd509c","sellTxId":"4dcf4601c390cfe181c0f1158ee7ef997dbcb5b4"}
{"index": {"_index":"spt","_id":"3180487"}}
	{"id":3180487,"type":"sell","buyer":"thewycher","seller":"kikero","symbol":"SPT","quantity":"300.000000","price":"0.00195101","timestamp":1649755971,"volume":"0.58530300","buyTxId":"a6125f72a852f8f27ee63d7316b0fd938fa0bbd6","sellTxId":"4dcf4601c390cfe181c0f1158ee7ef997dbcb5b4"}
{"index": {"_index":"spt","_id":"3180488"}}
	{"id":3180488,"type":"sell","buyer":"thewycher","seller":"kikero","symbol":"SPT","quantity":"300.000000","price":"0.00195101","timestamp":1649755971,"volume":"0.58530300","buyTxId":"f7952334485058947e8752622ff6bf56efe6a693","sellTxId":"4dcf4601c390cfe181c0f1158ee7ef997dbcb5b4"}
{"index": {"_index":"spt","_id":"3180489"}}
	{"id":3180489,"type":"sell","buyer":"thewycher","seller":"kikero","symbol":"SPT","quantity":"300.000000","price":"0.00195101","timestamp":1649755971,"volume":"0.58530300","buyTxId":"e16cc574875859cf8c394c65bef22f75056912d6","sellTxId":"4dcf4601c390cfe181c0f1158ee7ef997dbcb5b4"}
{"index": {"_index":"spt","_id":"3180490"}}
	{"id":3180490,"type":"sell","buyer":"thewycher","seller":"kikero","symbol":"SPT","quantity":"300.000000","price":"0.00195101","timestamp":1649755971,"volume":"0.58530300","buyTxId":"884cfaa8f81b01ef095c38d33bae9d7439985d6b","sellTxId":"4dcf4601c390cfe181c0f1158ee7ef997dbcb5b4"}
{"index": {"_index":"spt","_id":"3180491"}}
	{"id":3180491,"type":"sell","buyer":"thewycher","seller":"kikero","symbol":"SPT","quantity":"300.000000","price":"0.00195101","timestamp":1649755971,"volume":"0.58530300","buyTxId":"9425269c98afbb56ab3d94cbc2684fda3e225bc3","sellTxId":"4dcf4601c390cfe181c0f1158ee7ef997dbcb5b4"}
{"index": {"_index":"spt","_id":"3180492"}}
	{"id":3180492,"type":"sell","buyer":"thewycher","seller":"kikero","symbol":"SPT","quantity":"300.000000","price":"0.00195101","timestamp":1649755971,"volume":"0.58530300","buyTxId":"49f080b353bfbecf17159f4d04e1ab60194e551e","sellTxId":"4dcf4601c390cfe181c0f1158ee7ef997dbcb5b4"}
{"index": {"_index":"spt","_id":"3180493"}}
	{"id":3180493,"type":"sell","buyer":"thewycher","seller":"kikero","symbol":"SPT","quantity":"300.000000","price":"0.00195101","timestamp":1649755971,"volume":"0.58530300","buyTxId":"6295da228dd45392b3fddf9474177808d6c6cc6e","sellTxId":"4dcf4601c390cfe181c0f1158ee7ef997dbcb5b4"}
{"index": {"_index":"spt","_id":"3180494"}}
	{"id":3180494,"type":"sell","buyer":"thewycher","seller":"kikero","symbol":"SPT","quantity":"300.000000","price":"0.00195101","timestamp":1649755971,"volume":"0.58530300","buyTxId":"e8d0cf0611951d1d0d38aaabe1c68c07cc9c455c","sellTxId":"4dcf4601c390cfe181c0f1158ee7ef997dbcb5b4"}
{"index": {"_index":"spt","_id":"3180495"}}
	{"id":3180495,"type":"sell","buyer":"thewycher","seller":"kikero","symbol":"SPT","quantity":"300.000000","price":"0.00195101","timestamp":1649755971,"volume":"0.58530300","buyTxId":"5794680e5d8a1329e105ec0ff9c390079a0670c4","sellTxId":"4dcf4601c390cfe181c0f1158ee7ef997dbcb5b4"}
{"index": {"_index":"spt","_id":"3180496"}}
	{"id":3180496,"type":"sell","buyer":"thewycher","seller":"kikero","symbol":"SPT","quantity":"300.000000","price":"0.00195101","timestamp":1649755971,"volume":"0.58530300","buyTxId":"6f5d2f0947df9d8687ae51a2872ad9b1e21ba1ec","sellTxId":"4dcf4601c390cfe181c0f1158ee7ef997dbcb5b4"}
{"index": {"_index":"spt","_id":"3180497"}}
	{"id":3180497,"type":"sell","buyer":"thewycher","seller":"kikero","symbol":"SPT","quantity":"300.000000","price":"0.00195101","timestamp":1649755971,"volume":"0.58530300","buyTxId":"bc4176d8297340a11658f1ce65dc527580e177a6","sellTxId":"4dcf4601c390cfe181c0f1158ee7ef997dbcb5b4"}
{"index": {"_index":"spt","_id":"3180498"}}
	{"id":3180498,"type":"sell","buyer":"thewycher","seller":"kikero","symbol":"SPT","quantity":"300.000000","price":"0.00195101","timestamp":1649755971,"volume":"0.58530300","buyTxId":"6c2e26bd0ae285c7dd7fbb27b38e36bd34524402","sellTxId":"4dcf4601c390cfe181c0f1158ee7ef997dbcb5b4"}
{"index": {"_index":"spt","_id":"3180499"}}
	{"id":3180499,"type":"sell","buyer":"thewycher","seller":"kikero","symbol":"SPT","quantity":"118.806448","price":"0.00195101","timestamp":1649755971,"volume":"0.23179257","buyTxId":"cd2c9b5c5775b9d654d8586f02a3afa372e22f5e","sellTxId":"4dcf4601c390cfe181c0f1158ee7ef997dbcb5b4"}
{"index": {"_index":"spt","_id":"3180500"}}
	{"id":3180500,"type":"sell","buyer":"multifurcate","seller":"kikero","symbol":"SPT","quantity":"3588.481222","price":"0.00195100","timestamp":1649755971,"volume":"7.00112686","buyTxId":"cb68200ee5b021eefab248692fc3c4635daa58f8","sellTxId":"4dcf4601c390cfe181c0f1158ee7ef997dbcb5b4"}
{"index": {"_index":"spt","_id":"3181145"}}
	{"id":3181145,"type":"sell","buyer":"thewycher","seller":"brofi-market","symbol":"SPT","quantity":"0.063406","price":"0.00195211","timestamp":1649765403,"volume":"0.00012378","buyTxId":"dab19c7b92378b0c887f91f31391025714a69789","sellTxId":"2b810ac5628c49861374bd42cc6c61f131c8afeb"}
{"index": {"_index":"spt","_id":"3181262"}}
	{"id":3181262,"type":"sell","buyer":"thewycher","seller":"dhedge-drips","symbol":"SPT","quantity":"0.006667","price":"0.00195211","timestamp":1649767539,"volume":"0.00001301","buyTxId":"dab19c7b92378b0c887f91f31391025714a69789","sellTxId":"fbb11e450818954cee838f37b8d15345dac01577"}
{"index": {"_index":"spt","_id":"3181739"}}
	{"id":3181739,"type":"sell","buyer":"kitsuki","seller":"epic-fail","symbol":"SPT","quantity":"3.513194","price":"0.00195213","timestamp":1649773245,"volume":"0.00685821","buyTxId":"66b3d730bff27ab3a233b054acc95f87102f30fd","sellTxId":"c1475543eb15abfbef3091f739f001e7342d4c2c"}
{"index": {"_index":"spt","_id":"3181963"}}
	{"id":3181963,"type":"sell","buyer":"kitsuki","seller":"dswap","symbol":"SPT","quantity":"2.208482","price":"0.00195213","timestamp":1649775687,"volume":"0.00431124","buyTxId":"66b3d730bff27ab3a233b054acc95f87102f30fd","sellTxId":"a36f4440f57da1d7cfb145105f1909298467bc0a"}
{"index": {"_index":"spt","_id":"3182049"}}
	{"id":3182049,"type":"buy","buyer":"mccryptoxz","seller":"underlock","symbol":"SPT","quantity":"499.000000","price":"0.00229435","timestamp":1649776701,"volume":"1.14488065","buyTxId":"df160ff7ad53a5b1c8be9b16a781591e50df56ec","sellTxId":"ab241ae90173bb8193ea969fef32c356189e0f89"}
{"index": {"_index":"spt","_id":"3182096"}}
	{"id":3182096,"type":"buy","buyer":"mccryptoxz","seller":"underlock","symbol":"SPT","quantity":"499.000000","price":"0.00229483","timestamp":1649777178,"volume":"1.14512017","buyTxId":"c8a819c76c9ba006b9324b6e1bde0c9d5b3e5cdd","sellTxId":"62fa603ce8b61c04d2af5dd16c1df89766c3eefd"}
{"index": {"_index":"spt","_id":"3182249"}}
	{"id":3182249,"type":"sell","buyer":"kitsuki","seller":"elricmoonslayer","symbol":"SPT","quantity":"16.240936","price":"0.00195213","timestamp":1649778690,"volume":"0.03170442","buyTxId":"66b3d730bff27ab3a233b054acc95f87102f30fd","sellTxId":"124695d026ae3aacba6b3f4276d72a2e3416de96"}
{"index": {"_index":"spt","_id":"3182352"}}
	{"id":3182352,"type":"sell","buyer":"kitsuki","seller":"brofi-market","symbol":"SPT","quantity":"0.186224","price":"0.00195213","timestamp":1649779878,"volume":"0.00036353","buyTxId":"66b3d730bff27ab3a233b054acc95f87102f30fd","sellTxId":"58609025f42fba48772d678477023ef5e3ab0129"}
{"index": {"_index":"spt","_id":"3182567"}}
	{"id":3182567,"type":"sell","buyer":"kitsuki","seller":"mango-juice","symbol":"SPT","quantity":"151.113210","price":"0.00195213","timestamp":1649782209,"volume":"0.29499263","buyTxId":"66b3d730bff27ab3a233b054acc95f87102f30fd","sellTxId":"ca7920f6ff34585a94e500e64528c72e395837cb"}
{"index": {"_index":"spt","_id":"3182941"}}
	{"id":3182941,"type":"sell","buyer":"kitsuki","seller":"monowar","symbol":"SPT","quantity":"5.902826","price":"0.00195213","timestamp":1649785527,"volume":"0.01152308","buyTxId":"66b3d730bff27ab3a233b054acc95f87102f30fd","sellTxId":"94b916d6d0cefaf8a8686e039bafe1c17c0b7e00"}
{"index": {"_index":"spt","_id":"3183097"}}
	{"id":3183097,"type":"sell","buyer":"kitsuki","seller":"libertycrypto27","symbol":"SPT","quantity":"320.835128","price":"0.00195213","timestamp":1649787165,"volume":"0.62631188","buyTxId":"66b3d730bff27ab3a233b054acc95f87102f30fd","sellTxId":"8ebedef1367b7f6573fd6c4054af9ec0100b38a8"}
{"index": {"_index":"spt","_id":"3183302"}}
	{"id":3183302,"type":"sell","buyer":"thewycher","seller":"dhedge-drips","symbol":"SPT","quantity":"0.017900","price":"0.00195211","timestamp":1649789148,"volume":"0.00003494","buyTxId":"dab19c7b92378b0c887f91f31391025714a69789","sellTxId":"37c6b1eade4114f2298775e079e9bf1037c998eb"}
{"index": {"_index":"spt","_id":"3183351"}}
	{"id":3183351,"type":"sell","buyer":"thewycher","seller":"crypt-skip","symbol":"SPT","quantity":"299.912027","price":"0.00195211","timestamp":1649789538,"volume":"0.58546127","buyTxId":"dab19c7b92378b0c887f91f31391025714a69789","sellTxId":"a3bc91dbf3cafbbffe4c3da3667bb85a06c421c5"}
{"index": {"_index":"spt","_id":"3183352"}}
	{"id":3183352,"type":"sell","buyer":"thewycher","seller":"crypt-skip","symbol":"SPT","quantity":"300.000000","price":"0.00195211","timestamp":1649789538,"volume":"0.58563300","buyTxId":"27f8f829ea0eec81ec1cc32e574c317142b105fb","sellTxId":"a3bc91dbf3cafbbffe4c3da3667bb85a06c421c5"}
{"index": {"_index":"spt","_id":"3183353"}}
	{"id":3183353,"type":"sell","buyer":"thewycher","seller":"crypt-skip","symbol":"SPT","quantity":"300.000000","price":"0.00195211","timestamp":1649789538,"volume":"0.58563300","buyTxId":"83f8036eb7271af3f7a6e7dc524ddc44bacd44af","sellTxId":"a3bc91dbf3cafbbffe4c3da3667bb85a06c421c5"}
{"index": {"_index":"spt","_id":"3183354"}}
	{"id":3183354,"type":"sell","buyer":"thewycher","seller":"crypt-skip","symbol":"SPT","quantity":"300.000000","price":"0.00195211","timestamp":1649789538,"volume":"0.58563300","buyTxId":"f18c5f09362c7f3ed56cd57c1d77c471c5ffdabf","sellTxId":"a3bc91dbf3cafbbffe4c3da3667bb85a06c421c5"}
{"index": {"_index":"spt","_id":"3183355"}}
	{"id":3183355,"type":"sell","buyer":"thewycher","seller":"crypt-skip","symbol":"SPT","quantity":"300.000000","price":"0.00195211","timestamp":1649789538,"volume":"0.58563300","buyTxId":"3bac5b14629df08449be566d9f9cb0f81a8ed13e","sellTxId":"a3bc91dbf3cafbbffe4c3da3667bb85a06c421c5"}
{"index": {"_index":"spt","_id":"3183356"}}
	{"id":3183356,"type":"sell","buyer":"thewycher","seller":"crypt-skip","symbol":"SPT","quantity":"300.000000","price":"0.00195211","timestamp":1649789538,"volume":"0.58563300","buyTxId":"be4e89e1b00fb47424a868445c1134a55dc3674a","sellTxId":"a3bc91dbf3cafbbffe4c3da3667bb85a06c421c5"}
{"index": {"_index":"spt","_id":"3183357"}}
	{"id":3183357,"type":"sell","buyer":"thewycher","seller":"crypt-skip","symbol":"SPT","quantity":"300.000000","price":"0.00195211","timestamp":1649789538,"volume":"0.58563300","buyTxId":"0dba318e99b99b5d4e30ffeaf86d97914dfd3e21","sellTxId":"a3bc91dbf3cafbbffe4c3da3667bb85a06c421c5"}
{"index": {"_index":"spt","_id":"3183358"}}
	{"id":3183358,"type":"sell","buyer":"thewycher","seller":"crypt-skip","symbol":"SPT","quantity":"160.046679","price":"0.00195211","timestamp":1649789538,"volume":"0.31242872","buyTxId":"e6d1f51f612759d4dfdb9d9a5bfa303f3aba2528","sellTxId":"a3bc91dbf3cafbbffe4c3da3667bb85a06c421c5"}
{"index": {"_index":"spt","_id":"3183557"}}
	{"id":3183557,"type":"buy","buyer":"cardshrine","seller":"libertycrypto27","symbol":"SPT","quantity":"1000.000000","price":"0.00195213","timestamp":1649791947,"volume":"1.95213000","buyTxId":"e45a59916b79ca77f1d24551383d00be792d4a76","sellTxId":"8ebedef1367b7f6573fd6c4054af9ec0100b38a8"}
{"index": {"_index":"spt","_id":"3183769"}}
	{"id":3183769,"type":"sell","buyer":"thewycher","seller":"brofi-market","symbol":"SPT","quantity":"0.116309","price":"0.00195211","timestamp":1649794725,"volume":"0.00022705","buyTxId":"e6d1f51f612759d4dfdb9d9a5bfa303f3aba2528","sellTxId":"6fa3aff1beda90086d347f032e2101264147859c"}
{"index": {"_index":"spt","_id":"3183907"}}
	{"id":3183907,"type":"buy","buyer":"thewycher","seller":"libertycrypto27","symbol":"SPT","quantity":"2212.096139","price":"0.00195213","timestamp":1649797479,"volume":"4.31829924","buyTxId":"ff0c32429607c656409b7008bebb67a30cb68817","sellTxId":"8ebedef1367b7f6573fd6c4054af9ec0100b38a8"}
{"index": {"_index":"spt","_id":"3183908"}}
	{"id":3183908,"type":"buy","buyer":"thewycher","seller":"dhedge-drips","symbol":"SPT","quantity":"0.017900","price":"0.00195213","timestamp":1649797479,"volume":"0.00003494","buyTxId":"ff0c32429607c656409b7008bebb67a30cb68817","sellTxId":"baeb34eeccc36139a11cfb1ebf2d9cf8c0ca2c1b"}
{"index": {"_index":"spt","_id":"3183909"}}
	{"id":3183909,"type":"buy","buyer":"thewycher","seller":"brofi-market","symbol":"SPT","quantity":"0.116309","price":"0.00195213","timestamp":1649797479,"volume":"0.00022705","buyTxId":"ff0c32429607c656409b7008bebb67a30cb68817","sellTxId":"92c899542771f10e6baf27d4887daf7c51579d1b"}
{"index": {"_index":"spt","_id":"3184166"}}
	{"id":3184166,"type":"sell","buyer":"thewycher","seller":"tsnaks","symbol":"SPT","quantity":"139.837012","price":"0.00195211","timestamp":1649800503,"volume":"0.27297723","buyTxId":"e6d1f51f612759d4dfdb9d9a5bfa303f3aba2528","sellTxId":"0bff10e43a3e517bdbd9223622d3a6d8a8ff34f5"}
{"index": {"_index":"spt","_id":"3184167"}}
	{"id":3184167,"type":"sell","buyer":"thewycher","seller":"tsnaks","symbol":"SPT","quantity":"300.000000","price":"0.00195211","timestamp":1649800503,"volume":"0.58563300","buyTxId":"94697f65653aaf97c2129c9e897f5d3a7c4d5966","sellTxId":"0bff10e43a3e517bdbd9223622d3a6d8a8ff34f5"}
{"index": {"_index":"spt","_id":"3184168"}}
	{"id":3184168,"type":"sell","buyer":"thewycher","seller":"tsnaks","symbol":"SPT","quantity":"60.162988","price":"0.00195211","timestamp":1649800503,"volume":"0.11744477","buyTxId":"96d117e40d6e30b37ace7113855d1477bcb13d4c","sellTxId":"0bff10e43a3e517bdbd9223622d3a6d8a8ff34f5"}
{"index": {"_index":"spt","_id":"3184220"}}
	{"id":3184220,"type":"sell","buyer":"thewycher","seller":"he-index","symbol":"SPT","quantity":"0.032000","price":"0.00195211","timestamp":1649800992,"volume":"0.00006247","buyTxId":"96d117e40d6e30b37ace7113855d1477bcb13d4c","sellTxId":"fd0abb2885f106f2ca82eceddc05da6f683e28b3"}
{"index": {"_index":"spt","_id":"3184317"}}
	{"id":3184317,"type":"sell","buyer":"paulriq","seller":"crootin","symbol":"SPT","quantity":"73.900829","price":"0.00195300","timestamp":1649802237,"volume":"0.14432832","buyTxId":"a4d3ea9a05e383cbfd814567bcbf7aced95b4fa3","sellTxId":"7084d27e09491ebe7d2df52dcbcdb28a1bcdcc18"}
{"index": {"_index":"spt","_id":"3184324"}}
	{"id":3184324,"type":"buy","buyer":"dswap","seller":"laundrywoman","symbol":"SPT","quantity":"956.389010","price":"0.00229300","timestamp":1649802309,"volume":"2.193","buyTxId":"e8ca376583a1da5c5b6d77cd47a15b06edb51e93","sellTxId":"db542d5d503b93b8ef9ea314536e3e817e0ecd04"}
{"index": {"_index":"spt","_id":"3184417"}}
	{"id":3184417,"type":"sell","buyer":"paulriq","seller":"felipejoys","symbol":"SPT","quantity":"324.292463","price":"0.00195300","timestamp":1649803164,"volume":"0.63334318","buyTxId":"a4d3ea9a05e383cbfd814567bcbf7aced95b4fa3","sellTxId":"465adda4ae7ad420aa1fe9188c03e6b49e052107"}
{"index": {"_index":"spt","_id":"3184418"}}
	{"id":3184418,"type":"sell","buyer":"thewycher","seller":"felipejoys","symbol":"SPT","quantity":"239.805012","price":"0.00195211","timestamp":1649803164,"volume":"0.46812576","buyTxId":"96d117e40d6e30b37ace7113855d1477bcb13d4c","sellTxId":"465adda4ae7ad420aa1fe9188c03e6b49e052107"}
{"index": {"_index":"spt","_id":"3184419"}}
	{"id":3184419,"type":"sell","buyer":"thewycher","seller":"felipejoys","symbol":"SPT","quantity":"300.000000","price":"0.00195211","timestamp":1649803164,"volume":"0.58563300","buyTxId":"e12532ef3b5a3d34ac40b163ac3be3f58d77ad9a","sellTxId":"465adda4ae7ad420aa1fe9188c03e6b49e052107"}
{"index": {"_index":"spt","_id":"3184420"}}
	{"id":3184420,"type":"sell","buyer":"thewycher","seller":"felipejoys","symbol":"SPT","quantity":"300.000000","price":"0.00195211","timestamp":1649803164,"volume":"0.58563300","buyTxId":"ef7ea428bf127de58221daf77d28b34b35b2eb46","sellTxId":"465adda4ae7ad420aa1fe9188c03e6b49e052107"}
{"index": {"_index":"spt","_id":"3184421"}}
	{"id":3184421,"type":"sell","buyer":"thewycher","seller":"felipejoys","symbol":"SPT","quantity":"300.000000","price":"0.00195211","timestamp":1649803164,"volume":"0.58563300","buyTxId":"d6072fdaf8f3e5b797f5b02b0bdb2fb65d3adf32","sellTxId":"465adda4ae7ad420aa1fe9188c03e6b49e052107"}
{"index": {"_index":"spt","_id":"3184422"}}
	{"id":3184422,"type":"sell","buyer":"thewycher","seller":"felipejoys","symbol":"SPT","quantity":"300.000000","price":"0.00195211","timestamp":1649803164,"volume":"0.58563300","buyTxId":"a530dd99de7229b1466bc64f43fd0915dd398b3a","sellTxId":"465adda4ae7ad420aa1fe9188c03e6b49e052107"}
{"index": {"_index":"spt","_id":"3184423"}}
	{"id":3184423,"type":"sell","buyer":"thewycher","seller":"felipejoys","symbol":"SPT","quantity":"300.000000","price":"0.00195211","timestamp":1649803164,"volume":"0.58563300","buyTxId":"0426b3636dffe81afe75d4c58e8b1bff17703492","sellTxId":"465adda4ae7ad420aa1fe9188c03e6b49e052107"}
{"index": {"_index":"spt","_id":"3184424"}}
	{"id":3184424,"type":"sell","buyer":"thewycher","seller":"felipejoys","symbol":"SPT","quantity":"300.000000","price":"0.00195211","timestamp":1649803164,"volume":"0.58563300","buyTxId":"002f99ccf16f3b24bb7d7da45f02722ae7d2966f","sellTxId":"465adda4ae7ad420aa1fe9188c03e6b49e052107"}
{"index": {"_index":"spt","_id":"3184425"}}
	{"id":3184425,"type":"sell","buyer":"thewycher","seller":"felipejoys","symbol":"SPT","quantity":"300.000000","price":"0.00195211","timestamp":1649803164,"volume":"0.58563300","buyTxId":"a0bceb89d61f1c13c626587af666c4b515220ee3","sellTxId":"465adda4ae7ad420aa1fe9188c03e6b49e052107"}
{"index": {"_index":"spt","_id":"3184426"}}
	{"id":3184426,"type":"sell","buyer":"thewycher","seller":"felipejoys","symbol":"SPT","quantity":"134.754966","price":"0.00195211","timestamp":1649803164,"volume":"0.26305652","buyTxId":"e12a7d3eddee085ab9f62652671eb412f0c68bc8","sellTxId":"465adda4ae7ad420aa1fe9188c03e6b49e052107"}
{"index": {"_index":"spt","_id":"3184473"}}
	{"id":3184473,"type":"sell","buyer":"thewycher","seller":"mawit07","symbol":"SPT","quantity":"165.245034","price":"0.00195211","timestamp":1649803794,"volume":"0.32257648","buyTxId":"e12a7d3eddee085ab9f62652671eb412f0c68bc8","sellTxId":"75a2deef3b9e7208edc5b2757677bb23f60e0a0a"}
{"index": {"_index":"spt","_id":"3184474"}}
	{"id":3184474,"type":"sell","buyer":"thewycher","seller":"mawit07","symbol":"SPT","quantity":"300.000000","price":"0.00195211","timestamp":1649803794,"volume":"0.58563300","buyTxId":"4281a2a8455a8efb1edd4f4369403eb84bdc32e2","sellTxId":"75a2deef3b9e7208edc5b2757677bb23f60e0a0a"}
{"index": {"_index":"spt","_id":"3184475"}}
	{"id":3184475,"type":"sell","buyer":"thewycher","seller":"mawit07","symbol":"SPT","quantity":"300.000000","price":"0.00195211","timestamp":1649803794,"volume":"0.58563300","buyTxId":"ebbdd980c58da2506792998a56b02ea3071d6895","sellTxId":"75a2deef3b9e7208edc5b2757677bb23f60e0a0a"}
{"index": {"_index":"spt","_id":"3184476"}}
	{"id":3184476,"type":"sell","buyer":"thewycher","seller":"mawit07","symbol":"SPT","quantity":"300.000000","price":"0.00195211","timestamp":1649803794,"volume":"0.58563300","buyTxId":"88cdd557ee0ad36de64e02b19d77512c8ac5de8c","sellTxId":"75a2deef3b9e7208edc5b2757677bb23f60e0a0a"}
{"index": {"_index":"spt","_id":"3184477"}}
	{"id":3184477,"type":"sell","buyer":"thewycher","seller":"mawit07","symbol":"SPT","quantity":"87.004835","price":"0.00195211","timestamp":1649803794,"volume":"0.16984301","buyTxId":"ae70f57e3d798dd441cbe2d2f6955390b1fa87a0","sellTxId":"75a2deef3b9e7208edc5b2757677bb23f60e0a0a"}
{"index": {"_index":"spt","_id":"3184495"}}
	{"id":3184495,"type":"buy","buyer":"bcarolan639","seller":"bckc-capital-llc","symbol":"SPT","quantity":"40.000000","price":"0.00200000","timestamp":1649804229,"volume":"0.08000000","buyTxId":"c811d5dd95b0e95939c7daf295a9b4386a91b6bc","sellTxId":"030a46f6e84fbc8c25036cc9a4b9eccaa9032b1a"}
{"index": {"_index":"spt","_id":"3184501"}}
	{"id":3184501,"type":"sell","buyer":"thewycher","seller":"bcarolan639","symbol":"SPT","quantity":"212.995165","price":"0.00195211","timestamp":1649804343,"volume":"0.41578999","buyTxId":"ae70f57e3d798dd441cbe2d2f6955390b1fa87a0","sellTxId":"765092c34585b2e5939b645050717ef18d7641d1"}
{"index": {"_index":"spt","_id":"3184502"}}
	{"id":3184502,"type":"sell","buyer":"thewycher","seller":"bcarolan639","symbol":"SPT","quantity":"300.000000","price":"0.00195211","timestamp":1649804343,"volume":"0.58563300","buyTxId":"66f786a5d8d1b15d297b45a1b66e8bb7e198ff25","sellTxId":"765092c34585b2e5939b645050717ef18d7641d1"}
{"index": {"_index":"spt","_id":"3184503"}}
	{"id":3184503,"type":"sell","buyer":"thewycher","seller":"bcarolan639","symbol":"SPT","quantity":"300.000000","price":"0.00195211","timestamp":1649804343,"volume":"0.58563300","buyTxId":"46a8da75958d701546143feed11493cbe3e1e3d0","sellTxId":"765092c34585b2e5939b645050717ef18d7641d1"}
{"index": {"_index":"spt","_id":"3184504"}}
	{"id":3184504,"type":"sell","buyer":"thewycher","seller":"bcarolan639","symbol":"SPT","quantity":"300.000000","price":"0.00195211","timestamp":1649804343,"volume":"0.58563300","buyTxId":"72c61ccc6c84389d0c461eb090a023851c6fadd6","sellTxId":"765092c34585b2e5939b645050717ef18d7641d1"}
{"index": {"_index":"spt","_id":"3184505"}}
	{"id":3184505,"type":"sell","buyer":"thewycher","seller":"bcarolan639","symbol":"SPT","quantity":"300.000000","price":"0.00195211","timestamp":1649804343,"volume":"0.58563300","buyTxId":"3990558bcff1eac85cac3cc6e89ea50dd733fa42","sellTxId":"765092c34585b2e5939b645050717ef18d7641d1"}
{"index": {"_index":"spt","_id":"3184506"}}
	{"id":3184506,"type":"sell","buyer":"thewycher","seller":"bcarolan639","symbol":"SPT","quantity":"300.000000","price":"0.00195211","timestamp":1649804343,"volume":"0.58563300","buyTxId":"d17babed1460c814da1e062ddee8dc6f788879ae","sellTxId":"765092c34585b2e5939b645050717ef18d7641d1"}
{"index": {"_index":"spt","_id":"3184507"}}
	{"id":3184507,"type":"sell","buyer":"thewycher","seller":"bcarolan639","symbol":"SPT","quantity":"300.000000","price":"0.00195211","timestamp":1649804343,"volume":"0.58563300","buyTxId":"13fc2b23b588f7b9cc76b80bebfdda944829ceef","sellTxId":"765092c34585b2e5939b645050717ef18d7641d1"}
{"index": {"_index":"spt","_id":"3184508"}}
	{"id":3184508,"type":"sell","buyer":"thewycher","seller":"bcarolan639","symbol":"SPT","quantity":"300.000000","price":"0.00195211","timestamp":1649804343,"volume":"0.58563300","buyTxId":"f091f1380749ebe200a3824e90583d4a0d2984ee","sellTxId":"765092c34585b2e5939b645050717ef18d7641d1"}
{"index": {"_index":"spt","_id":"3184509"}}
	{"id":3184509,"type":"sell","buyer":"thewycher","seller":"bcarolan639","symbol":"SPT","quantity":"300.000000","price":"0.00195211","timestamp":1649804343,"volume":"0.58563300","buyTxId":"0a1c3aea90dbd6dfa635b7f1587e4d906fc28685","sellTxId":"765092c34585b2e5939b645050717ef18d7641d1"}
{"index": {"_index":"spt","_id":"3184510"}}
	{"id":3184510,"type":"sell","buyer":"thewycher","seller":"bcarolan639","symbol":"SPT","quantity":"300.000000","price":"0.00195211","timestamp":1649804343,"volume":"0.58563300","buyTxId":"36ed794a95169c248bd0431f5d57c000ae7ce831","sellTxId":"765092c34585b2e5939b645050717ef18d7641d1"}
{"index": {"_index":"spt","_id":"3184511"}}
	{"id":3184511,"type":"sell","buyer":"thewycher","seller":"bcarolan639","symbol":"SPT","quantity":"300.000000","price":"0.00195211","timestamp":1649804343,"volume":"0.58563300","buyTxId":"c0236319ea4e3ddf6bba5f52b6857bcd8a2fa59e","sellTxId":"765092c34585b2e5939b645050717ef18d7641d1"}
{"index": {"_index":"spt","_id":"3184512"}}
	{"id":3184512,"type":"sell","buyer":"thewycher","seller":"bcarolan639","symbol":"SPT","quantity":"300.000000","price":"0.00195211","timestamp":1649804343,"volume":"0.58563300","buyTxId":"af808f961cfa3b5b41098bd2d5a9553dc6f8cc94","sellTxId":"765092c34585b2e5939b645050717ef18d7641d1"}
{"index": {"_index":"spt","_id":"3184513"}}
	{"id":3184513,"type":"sell","buyer":"thewycher","seller":"bcarolan639","symbol":"SPT","quantity":"300.000000","price":"0.00195211","timestamp":1649804343,"volume":"0.58563300","buyTxId":"75286eb15d5a9b9c7a52141bd85b53289aef7c18","sellTxId":"765092c34585b2e5939b645050717ef18d7641d1"}
{"index": {"_index":"spt","_id":"3184514"}}
	{"id":3184514,"type":"sell","buyer":"thewycher","seller":"bcarolan639","symbol":"SPT","quantity":"300.000000","price":"0.00195211","timestamp":1649804343,"volume":"0.58563300","buyTxId":"711e9528122f70411a88791da727cab6c3649463","sellTxId":"765092c34585b2e5939b645050717ef18d7641d1"}
{"index": {"_index":"spt","_id":"3184515"}}
	{"id":3184515,"type":"sell","buyer":"thewycher","seller":"bcarolan639","symbol":"SPT","quantity":"300.000000","price":"0.00195211","timestamp":1649804343,"volume":"0.58563300","buyTxId":"78258fb9f3498c301cc584da9ca7f2867a92c143","sellTxId":"765092c34585b2e5939b645050717ef18d7641d1"}
{"index": {"_index":"spt","_id":"3184516"}}
	{"id":3184516,"type":"sell","buyer":"thewycher","seller":"bcarolan639","symbol":"SPT","quantity":"300.000000","price":"0.00195211","timestamp":1649804343,"volume":"0.58563300","buyTxId":"27e103777838643580f953427c13f9d0b6350467","sellTxId":"765092c34585b2e5939b645050717ef18d7641d1"}
{"index": {"_index":"spt","_id":"3184517"}}
	{"id":3184517,"type":"sell","buyer":"thewycher","seller":"bcarolan639","symbol":"SPT","quantity":"300.000000","price":"0.00195211","timestamp":1649804343,"volume":"0.58563300","buyTxId":"bbb96caf932bf278e364b1edd4b106b7ed226bc5","sellTxId":"765092c34585b2e5939b645050717ef18d7641d1"}
{"index": {"_index":"spt","_id":"3184518"}}
	{"id":3184518,"type":"sell","buyer":"thewycher","seller":"bcarolan639","symbol":"SPT","quantity":"47.505263","price":"0.00195211","timestamp":1649804343,"volume":"0.09273550","buyTxId":"cc75d749d6740f70c80f2b9a15c5d676aae77ce0","sellTxId":"765092c34585b2e5939b645050717ef18d7641d1"}
{"index": {"_index":"spt","_id":"3184519"}}
	{"id":3184519,"type":"sell","buyer":"bckc-capital-llc","seller":"bcarolan639","symbol":"SPT","quantity":"29.000000","price":"0.00195211","timestamp":1649804343,"volume":"0.05661119","buyTxId":"342c8df60ac334573f31c67406c0f6bf8334e739","sellTxId":"765092c34585b2e5939b645050717ef18d7641d1"}
{"index": {"_index":"spt","_id":"3184815"}}
	{"id":3184815,"type":"buy","buyer":"druidsblood","seller":"laundrywoman","symbol":"SPT","quantity":"21541.000000","price":"0.00229300","timestamp":1649808711,"volume":"49.39351300","buyTxId":"215cd2df27ad94a312deeb57b7be31974ac6cc72","sellTxId":"cb2a65ca813e47cf1a03e075185316f979fda49a"}
{"index": {"_index":"spt","_id":"3184825"}}
	{"id":3184825,"type":"buy","buyer":"druidsblood","seller":"laundrywoman","symbol":"SPT","quantity":"5214.000000","price":"0.00229300","timestamp":1649808792,"volume":"11.95570200","buyTxId":"589b95770704395a442ff5a9b1823ff519339e66","sellTxId":"cb2a65ca813e47cf1a03e075185316f979fda49a"}
{"index": {"_index":"spt","_id":"3184836"}}
	{"id":3184836,"type":"sell","buyer":"thewycher","seller":"brofi-market","symbol":"SPT","quantity":"3.222734","price":"0.00195211","timestamp":1649808864,"volume":"0.00629113","buyTxId":"eb317a5a587cecec3cfb9532836220b85df65465","sellTxId":"3470cc83c65c37fea0f512fd9787c4b5a9f6fa3c"}
{"index": {"_index":"spt","_id":"3185007"}}
	{"id":3185007,"type":"sell","buyer":"kitsuki","seller":"dhedge-drips","symbol":"SPT","quantity":"0.032643","price":"0.00195212","timestamp":1649810814,"volume":"0.00006372","buyTxId":"db941ef7ee31880d49531bdf8867c5ab596fed51","sellTxId":"da27a679da845d410c6fe5215e0b142fbc3e9baa"}
{"index": {"_index":"spt","_id":"3185013"}}
	{"id":3185013,"type":"sell","buyer":"kitsuki","seller":"theia7","symbol":"SPT","quantity":"14.850229","price":"0.00195212","timestamp":1649810832,"volume":"0.02898943","buyTxId":"db941ef7ee31880d49531bdf8867c5ab596fed51","sellTxId":"6d809166904085bac7af0fc5fa32465ee12ba38b"}
