{"index": {"_index":"spt","_id":"1947144"}}
	{"id":1947144,"type":"sell","buyer":"pi-trader","seller":"cadama","symbol":"SPT","quantity":"1784.852499","price":"0.00972013","timestamp":1636603350,"volume":"17.34899832","buyTxId":"9ce785acbcdfdff5437f3f950dcfcd82d49de930-1","sellTxId":"a742a95824c7593a4afaf6ebff747b934f736086"}
{"index": {"_index":"spt","_id":"1947168"}}
	{"id":1947168,"type":"sell","buyer":"pi-trader","seller":"brofi-market","symbol":"SPT","quantity":"2.147794","price":"0.00972013","timestamp":1636603809,"volume":"0.02087684","buyTxId":"bc170f2a9c60673cac3a6f0641cb940db303d641-2","sellTxId":"04723dd047a771e403b8b7cd43e9c02fc537b9dd"}
{"index": {"_index":"spt","_id":"1947235"}}
	{"id":1947235,"type":"sell","buyer":"pi-trader","seller":"toneloccsicc","symbol":"SPT","quantity":"0.333787","price":"0.00972013","timestamp":1636604280,"volume":"0.00324445","buyTxId":"55872d134396b9274bd7818a525949aa6b5ee204-3","sellTxId":"6a9b72e3e5ae1e7061202ceb9c76557ed13c0bae"}
{"index": {"_index":"spt","_id":"1947279"}}
	{"id":1947279,"type":"buy","buyer":"gank","seller":"laundrywoman","symbol":"SPT","quantity":"7000.000000","price":"0.01029998","timestamp":1636604742,"volume":"72.09986000","buyTxId":"30dad32b80e9827b7875cec43c7a1ebe8e348ab2","sellTxId":"6d13c4a2818126e439a613da95134dacb4387207"}
{"index": {"_index":"spt","_id":"1947433"}}
	{"id":1947433,"type":"sell","buyer":"pi-trader","seller":"kennysgaminglife","symbol":"SPT","quantity":"1541.433548","price":"0.00972101","timestamp":1636606746,"volume":"14.98429093","buyTxId":"ce20674fa919a3be571e9a00ac91494b1b3fa6ef-1","sellTxId":"b1118303e900dfb945f80627dd889a298fcb0109"}
{"index": {"_index":"spt","_id":"1947434"}}
	{"id":1947434,"type":"sell","buyer":"pi-trader","seller":"dswap","symbol":"SPT","quantity":"100","price":"0.00972101","timestamp":1636606800,"volume":"0.97210100","buyTxId":"084963713a5835bf7c615f02b0a0d11ddc4c297c-2","sellTxId":"4798c7d0e9fb514a715e2c82fa909e7934891683"}
{"index": {"_index":"spt","_id":"1947554"}}
	{"id":1947554,"type":"sell","buyer":"roger.remix","seller":"mawit07","symbol":"SPT","quantity":"831.839696","price":"0.00972100","timestamp":1636608870,"volume":"8.08631368","buyTxId":"1b80f6e82481215fdc9f7a834534787829fcb0c6","sellTxId":"367950db7245a9e196e37aa268b4014626585b3b"}
{"index": {"_index":"spt","_id":"1947566"}}
	{"id":1947566,"type":"sell","buyer":"roger.remix","seller":"travelgirl","symbol":"SPT","quantity":"4168.160304","price":"0.00972100","timestamp":1636609083,"volume":"40.51868632","buyTxId":"1b80f6e82481215fdc9f7a834534787829fcb0c6","sellTxId":"5cc0b0515106eb163227cc47b32209cc7659ae1c"}
{"index": {"_index":"spt","_id":"1947567"}}
	{"id":1947567,"type":"sell","buyer":"karuna21","seller":"travelgirl","symbol":"SPT","quantity":"2399.500000","price":"0.00972012","timestamp":1636609083,"volume":"23.32342794","buyTxId":"1c37a97bb444688bb0497bb30204385529ed9acc","sellTxId":"5cc0b0515106eb163227cc47b32209cc7659ae1c"}
{"index": {"_index":"spt","_id":"1947568"}}
	{"id":1947568,"type":"sell","buyer":"he-index","seller":"travelgirl","symbol":"SPT","quantity":"21.627000","price":"0.00971010","timestamp":1636609083,"volume":"0.21000033","buyTxId":"8e3e54c97186384a8ec63725afeb1b30eba83034","sellTxId":"5cc0b0515106eb163227cc47b32209cc7659ae1c"}
{"index": {"_index":"spt","_id":"1947569"}}
	{"id":1947569,"type":"sell","buyer":"ketcom","seller":"travelgirl","symbol":"SPT","quantity":"1527.128007","price":"0.00971000","timestamp":1636609083,"volume":"14.82841295","buyTxId":"bc7b08ad4f88fafc8fcaef7da6834b9660f2fc2d","sellTxId":"5cc0b0515106eb163227cc47b32209cc7659ae1c"}
{"index": {"_index":"spt","_id":"1947786"}}
	{"id":1947786,"type":"buy","buyer":"ketcom","seller":"rubiroy","symbol":"SPT","quantity":"223.788827","price":"0.00971400","timestamp":1636611453,"volume":"2.17388467","buyTxId":"5a6a7ec219b023f7fe4adbf308dfad7662b3d57b","sellTxId":"e21ee05105211cff4d384d4423b0da8a6961bba0"}
{"index": {"_index":"spt","_id":"1947797"}}
	{"id":1947797,"type":"sell","buyer":"ketcom","seller":"mercurial9","symbol":"SPT","quantity":"248.024000","price":"0.00973000","timestamp":1636611537,"volume":"2.41327352","buyTxId":"5a6a7ec219b023f7fe4adbf308dfad7662b3d57b","sellTxId":"c02c56ea96012020ead0cb2a37e273a5b8e19230"}
{"index": {"_index":"spt","_id":"1947861"}}
	{"id":1947861,"type":"sell","buyer":"rubiroy","seller":"gcollects","symbol":"SPT","quantity":"173.971038","price":"0.00973100","timestamp":1636612062,"volume":"1.69291217","buyTxId":"ecfa9e8756f17012f14b908b7408ae589109ac63","sellTxId":"dea34d3cee2ce46aa02b4ea2457a6fd32d51771d"}
{"index": {"_index":"spt","_id":"1948002"}}
	{"id":1948002,"type":"sell","buyer":"rubiroy","seller":"dhedge-drips","symbol":"SPT","quantity":"0.019340","price":"0.00973100","timestamp":1636613145,"volume":"0.00018820","buyTxId":"ecfa9e8756f17012f14b908b7408ae589109ac63","sellTxId":"83f9bfefe76a53ef84df7afd8da03ab262f849b9"}
{"index": {"_index":"spt","_id":"1948021"}}
	{"id":1948021,"type":"sell","buyer":"arnob23","seller":"chekohler","symbol":"SPT","quantity":"0.825110","price":"0.00973210","timestamp":1636613274,"volume":"0.00803005","buyTxId":"5ca2d406fa5969715fc1f695941b3ed9bb424ee1","sellTxId":"cf632df5b3284a0d11c8bb563da5bece01fe2279"}
{"index": {"_index":"spt","_id":"1948189"}}
	{"id":1948189,"type":"sell","buyer":"arnob23","seller":"jjb777","symbol":"SPT","quantity":"371.972000","price":"0.00973210","timestamp":1636614957,"volume":"3.62006870","buyTxId":"5ca2d406fa5969715fc1f695941b3ed9bb424ee1","sellTxId":"d61551c008f4b47190d65861572acd39b1e26b80"}
{"index": {"_index":"spt","_id":"1948219"}}
	{"id":1948219,"type":"sell","buyer":"arnob23","seller":"dswap","symbol":"SPT","quantity":"554.692928","price":"0.00973210","timestamp":1636615323,"volume":"5.39832704","buyTxId":"5ca2d406fa5969715fc1f695941b3ed9bb424ee1","sellTxId":"b8af50f2f6a6dc1d6da8750e015c911ec2ec0a52"}
{"index": {"_index":"spt","_id":"1948336"}}
	{"id":1948336,"type":"sell","buyer":"pi-trader","seller":"chronopolis","symbol":"SPT","quantity":"534.627000","price":"0.00973211","timestamp":1636616304,"volume":"5.20304877","buyTxId":"324f4856c2a652da8ccd94ee66c516cdecfa91e9-0","sellTxId":"eb782d2aeba2ed88da5563c63808d36e7d44989c"}
{"index": {"_index":"spt","_id":"1948448"}}
	{"id":1948448,"type":"sell","buyer":"pi-trader","seller":"chrono.spt","symbol":"SPT","quantity":"625.763721","price":"0.00973211","timestamp":1636617000,"volume":"6.09000137","buyTxId":"9cd762b53dcf2a71fd1fa458d56b9c584194e21f-2","sellTxId":"219a98a000d31bff22939b0035e9048287dc4555"}
{"index": {"_index":"spt","_id":"1948565"}}
	{"id":1948565,"type":"sell","buyer":"pi-trader","seller":"brofi-market","symbol":"SPT","quantity":"0.058969","price":"0.00973211","timestamp":1636618230,"volume":"0.00057389","buyTxId":"aa11fd71cfd445f0555d323eb40759604ab47e97-2","sellTxId":"1e8835f98e1b0fb3e2a2e753d221046d7807fb10"}
{"index": {"_index":"spt","_id":"1948875"}}
	{"id":1948875,"type":"sell","buyer":"pi-trader","seller":"dr-boo","symbol":"SPT","quantity":"1010.523418","price":"0.00973211","timestamp":1636620822,"volume":"9.83452506","buyTxId":"9e64719fd32ead7145f5a3302bdf7ee535eef430","sellTxId":"3d8e12694046ec77b21abf588d0056151951607a"}
{"index": {"_index":"spt","_id":"1948893"}}
	{"id":1948893,"type":"sell","buyer":"pi-trader","seller":"andy-plays","symbol":"SPT","quantity":"0.390000","price":"0.00973211","timestamp":1636621080,"volume":"0.00379552","buyTxId":"87962fad2c38ea6d60252cccb136e59833b0c98d-2","sellTxId":"d574805dd8626660f0f5dc882ff8494f2f1c1488"}
{"index": {"_index":"spt","_id":"1949082"}}
	{"id":1949082,"type":"sell","buyer":"pi-trader","seller":"fedesox","symbol":"SPT","quantity":"572.729000","price":"0.00973211","timestamp":1636623201,"volume":"5.57386163","buyTxId":"62b41e1474d1f49268589e9c086fa227643b72e7-1","sellTxId":"fbbe6800d71626ddf1fd6b958cf495a3ee81ca09"}
{"index": {"_index":"spt","_id":"1949126"}}
	{"id":1949126,"type":"sell","buyer":"pi-trader","seller":"mantis-tobaggon","symbol":"SPT","quantity":"1459.000000","price":"0.00973212","timestamp":1636623852,"volume":"14.19916308","buyTxId":"0ca95e67848206ad6d763fc9999a0211da0d802e-4","sellTxId":"944df7d09deccd9b2ed11cd1779af7ceb3a899c7"}
{"index": {"_index":"spt","_id":"1949266"}}
	{"id":1949266,"type":"sell","buyer":"deadzy","seller":"sketchygamerguy","symbol":"SPT","quantity":"16.773452","price":"0.00973211","timestamp":1636625007,"volume":"0.16324108","buyTxId":"b788c29a043314b65606fbe6d73bd012c0f1d16a","sellTxId":"15edb7dc3792bb264bba85a1c906aa4fefc863e5"}
{"index": {"_index":"spt","_id":"1949279"}}
	{"id":1949279,"type":"sell","buyer":"deadzy","seller":"chekohler","symbol":"SPT","quantity":"0.200538","price":"0.00973211","timestamp":1636625049,"volume":"0.00195166","buyTxId":"b788c29a043314b65606fbe6d73bd012c0f1d16a","sellTxId":"8e426a537fb3565e3ea44c6540e809a52c7e4c8f"}
{"index": {"_index":"spt","_id":"1949376"}}
	{"id":1949376,"type":"buy","buyer":"uyobong","seller":"laundrywoman","symbol":"SPT","quantity":"180.000000","price":"0.00999999","timestamp":1636625832,"volume":"1.79999820","buyTxId":"f32a87ffbc928e16fe45a7ba134343774c3beab4","sellTxId":"a514914b5321fb2b69b49468ddb122d52492797c"}
{"index": {"_index":"spt","_id":"1949444"}}
	{"id":1949444,"type":"sell","buyer":"deadzy","seller":"butherfly87","symbol":"SPT","quantity":"210.846794","price":"0.00973211","timestamp":1636626390,"volume":"2.05198419","buyTxId":"b788c29a043314b65606fbe6d73bd012c0f1d16a","sellTxId":"68f32df2f9f37df4842c8d85ab4549f5b09f9701"}
{"index": {"_index":"spt","_id":"1949500"}}
	{"id":1949500,"type":"sell","buyer":"deadzy","seller":"dauerbrenner05","symbol":"SPT","quantity":"0.006738","price":"0.00973211","timestamp":1636626768,"volume":"0.00006557","buyTxId":"b788c29a043314b65606fbe6d73bd012c0f1d16a","sellTxId":"ac12e88ac5216fde7b79d3c9628e786a6794adb7"}
{"index": {"_index":"spt","_id":"1949577"}}
	{"id":1949577,"type":"buy","buyer":"themanualbot","seller":"laundrywoman","symbol":"SPT","quantity":"14.994000","price":"0.00999999","timestamp":1636627866,"volume":"0.14993985","buyTxId":"bc2c1849a54c48c6aa99d32c60367809923ba84a","sellTxId":"a514914b5321fb2b69b49468ddb122d52492797c"}
{"index": {"_index":"spt","_id":"1949694"}}
	{"id":1949694,"type":"buy","buyer":"ketcom","seller":"laundrywoman","symbol":"SPT","quantity":"4052.000000","price":"0.00999999","timestamp":1636629561,"volume":"40.51995948","buyTxId":"7877acf0b06d8b73b8ae2f9040f9776488391246","sellTxId":"a514914b5321fb2b69b49468ddb122d52492797c"}
{"index": {"_index":"spt","_id":"1949700"}}
	{"id":1949700,"type":"buy","buyer":"ketcom","seller":"laundrywoman","symbol":"SPT","quantity":"7569.219000","price":"0.00999999","timestamp":1636629642,"volume":"75.69211431","buyTxId":"3d23b0450cc02be3d1c3c027e4c47fc10f9afd13","sellTxId":"a514914b5321fb2b69b49468ddb122d52492797c"}
{"index": {"_index":"spt","_id":"1949755"}}
	{"id":1949755,"type":"sell","buyer":"deadzy","seller":"renovatio","symbol":"SPT","quantity":"48.838031","price":"0.00973211","timestamp":1636630107,"volume":"0.47529709","buyTxId":"b788c29a043314b65606fbe6d73bd012c0f1d16a","sellTxId":"c5b85c361615fbc53a46f21205dcace5c4165fd8"}
{"index": {"_index":"spt","_id":"1950136"}}
	{"id":1950136,"type":"sell","buyer":"pi-trader","seller":"brofi-market","symbol":"SPT","quantity":"0.432519","price":"0.00973214","timestamp":1636632642,"volume":"0.00420934","buyTxId":"2ce729ddbbeaa03f0409c7a2d4c99eb4187eb911-3","sellTxId":"b79e3e83860588bfd335136d859aab120f7c32b0"}
{"index": {"_index":"spt","_id":"1950394"}}
	{"id":1950394,"type":"sell","buyer":"druidsblood","seller":"dhedge-drips","symbol":"SPT","quantity":"47.970377","price":"0.00973213","timestamp":1636634739,"volume":"0.46685395","buyTxId":"2d053dc24e845e7ccf7e582331ae6295f32a0dc3","sellTxId":"a6bfac449c39d17677c183ab1fb72a6dbe6a0992"}
{"index": {"_index":"spt","_id":"1950483"}}
	{"id":1950483,"type":"sell","buyer":"druidsblood","seller":"xabi","symbol":"SPT","quantity":"606.861918","price":"0.00973213","timestamp":1636635774,"volume":"5.90605908","buyTxId":"2d053dc24e845e7ccf7e582331ae6295f32a0dc3","sellTxId":"9fb0194b2aea50d266ee3d34f87f2246e8218be6"}
{"index": {"_index":"spt","_id":"1950516"}}
	{"id":1950516,"type":"sell","buyer":"druidsblood","seller":"kakakk","symbol":"SPT","quantity":"1131.073852","price":"0.00973213","timestamp":1636636227,"volume":"11.00775777","buyTxId":"2d053dc24e845e7ccf7e582331ae6295f32a0dc3","sellTxId":"ec7d348573af4ebb49e70945a9188fce7f30ad09"}
{"index": {"_index":"spt","_id":"1950551"}}
	{"id":1950551,"type":"sell","buyer":"druidsblood","seller":"adelepazani","symbol":"SPT","quantity":"20.360756","price":"0.00973213","timestamp":1636636545,"volume":"0.19815352","buyTxId":"2d053dc24e845e7ccf7e582331ae6295f32a0dc3","sellTxId":"388b4d7e3180910c64fc3dedc539805792f1a238"}
{"index": {"_index":"spt","_id":"1950599"}}
	{"id":1950599,"type":"buy","buyer":"funt33","seller":"sralim","symbol":"SPT","quantity":"13.000000","price":"0.01000000","timestamp":1636637082,"volume":"0.13000000","buyTxId":"94dbed864da69ba3e86b06dd7e3570d0f4dd1732","sellTxId":"952121451812b5fedbde011c6ccc5b2985c2b501"}
{"index": {"_index":"spt","_id":"1951062"}}
	{"id":1951062,"type":"sell","buyer":"druidsblood","seller":"augusto2021","symbol":"SPT","quantity":"100","price":"0.00973213","timestamp":1636640268,"volume":"0.97321300","buyTxId":"2d053dc24e845e7ccf7e582331ae6295f32a0dc3","sellTxId":"a71a22905f999baed80e2e0ea17d123419f93f48"}
{"index": {"_index":"spt","_id":"1951078"}}
	{"id":1951078,"type":"sell","buyer":"pi-trader","seller":"shukuchi","symbol":"SPT","quantity":"1106.130532","price":"0.00973214","timestamp":1636640334,"volume":"10.76501720","buyTxId":"2918e4c681995fe7ab3752253738648c0006d531-3","sellTxId":"8abe8c903cb87a6f610c90e98330c365721b3f9b"}
{"index": {"_index":"spt","_id":"1951193"}}
	{"id":1951193,"type":"sell","buyer":"druidsblood","seller":"sralim","symbol":"SPT","quantity":"13.000000","price":"0.00973213","timestamp":1636641150,"volume":"0.12651769","buyTxId":"2d053dc24e845e7ccf7e582331ae6295f32a0dc3","sellTxId":"10224aa8da2c2aaa73bfa2981a6e2c67d1baa5a2"}
{"index": {"_index":"spt","_id":"1951214"}}
	{"id":1951214,"type":"sell","buyer":"druidsblood","seller":"dswap","symbol":"SPT","quantity":"0.474970","price":"0.00973213","timestamp":1636641435,"volume":"0.00462247","buyTxId":"2d053dc24e845e7ccf7e582331ae6295f32a0dc3","sellTxId":"4bf59ef1b13c8bf48e45042c7d425be790f84743"}
{"index": {"_index":"spt","_id":"1951259"}}
	{"id":1951259,"type":"buy","buyer":"deadzy","seller":"sralim","symbol":"SPT","quantity":"1744.000000","price":"0.01000000","timestamp":1636641759,"volume":"17.44000000","buyTxId":"f48a9ed30b4829cfe456ba6a1c76cb3dfdba3104","sellTxId":"952121451812b5fedbde011c6ccc5b2985c2b501"}
{"index": {"_index":"spt","_id":"1951260"}}
	{"id":1951260,"type":"buy","buyer":"deadzy","seller":"remiakther","symbol":"SPT","quantity":"50.000000","price":"0.01000000","timestamp":1636641759,"volume":"0.50000000","buyTxId":"f48a9ed30b4829cfe456ba6a1c76cb3dfdba3104","sellTxId":"23fc9f93e505c385696d7932b06744c5dad2f772"}
{"index": {"_index":"spt","_id":"1951261"}}
	{"id":1951261,"type":"buy","buyer":"deadzy","seller":"brofi-market","symbol":"SPT","quantity":"0.432519","price":"0.01000000","timestamp":1636641759,"volume":"0.00432519","buyTxId":"f48a9ed30b4829cfe456ba6a1c76cb3dfdba3104","sellTxId":"a630eb98b5ac5d47d0a7396b5db3eca120b3d32d"}
{"index": {"_index":"spt","_id":"1951262"}}
	{"id":1951262,"type":"buy","buyer":"deadzy","seller":"dhedge-drips","symbol":"SPT","quantity":"47.970377","price":"0.01000000","timestamp":1636641759,"volume":"0.47970377","buyTxId":"f48a9ed30b4829cfe456ba6a1c76cb3dfdba3104","sellTxId":"126e16d081299d09b8699d74f7a8ff8860b9d11f"}
{"index": {"_index":"spt","_id":"1951263"}}
	{"id":1951263,"type":"buy","buyer":"deadzy","seller":"nick-panya","symbol":"SPT","quantity":"1900.000000","price":"0.01000000","timestamp":1636641759,"volume":"19.00000000","buyTxId":"f48a9ed30b4829cfe456ba6a1c76cb3dfdba3104","sellTxId":"c37c76a3324fabca11143e4667852aba079a1c9f"}
{"index": {"_index":"spt","_id":"1951264"}}
	{"id":1951264,"type":"buy","buyer":"deadzy","seller":"brofi-market","symbol":"SPT","quantity":"0.058969","price":"0.01017129","timestamp":1636641759,"volume":"0.00059979","buyTxId":"f48a9ed30b4829cfe456ba6a1c76cb3dfdba3104","sellTxId":"310251db3033c55db7f3b67a20c5a52c69974d01"}
{"index": {"_index":"spt","_id":"1951265"}}
	{"id":1951265,"type":"buy","buyer":"deadzy","seller":"dhedge-drips","symbol":"SPT","quantity":"0.019340","price":"0.01017999","timestamp":1636641759,"volume":"0.00019688","buyTxId":"f48a9ed30b4829cfe456ba6a1c76cb3dfdba3104","sellTxId":"cf7f9cf8baf9407ed754d8595d129e0957486c34"}
{"index": {"_index":"spt","_id":"1951266"}}
	{"id":1951266,"type":"buy","buyer":"deadzy","seller":"laundrywoman","symbol":"SPT","quantity":"2280.518795","price":"0.01017999","timestamp":1636641759,"volume":"23.21565853","buyTxId":"f48a9ed30b4829cfe456ba6a1c76cb3dfdba3104","sellTxId":"9bba7f17fb7da5425aefa43d9ff1223be7f53251"}
{"index": {"_index":"spt","_id":"1951329"}}
	{"id":1951329,"type":"sell","buyer":"pi-trader","seller":"limka","symbol":"SPT","quantity":"3629.354007","price":"0.00973214","timestamp":1636642344,"volume":"35.32138131","buyTxId":"100dc5a7dfb26e66aab3a5c557cfcd5c35a7bee0-0","sellTxId":"9e73e6f10fd1fbe8275339005e0adf3fa7d49306"}
{"index": {"_index":"spt","_id":"1951362"}}
	{"id":1951362,"type":"sell","buyer":"pi-trader","seller":"aliveprojects","symbol":"SPT","quantity":"3.671","price":"0.00973214","timestamp":1636642542,"volume":"0.03572669","buyTxId":"7c4370e370776423f21afaa26c5ea2b1340f3043-5","sellTxId":"94b0303bcfcdf692ff3b8c5f79a07024724de40c"}
{"index": {"_index":"spt","_id":"1951395"}}
	{"id":1951395,"type":"sell","buyer":"pi-trader","seller":"openwide","symbol":"SPT","quantity":"9.626970","price":"0.00973214","timestamp":1636642761,"volume":"0.09369102","buyTxId":"f1d7fa1b7bc6dae920c51856ac2295060e2c0236-0","sellTxId":"55c83ad89d618bdd731d8e046cd8d515087e1e5f"}
{"index": {"_index":"spt","_id":"1951622"}}
	{"id":1951622,"type":"sell","buyer":"druidsblood","seller":"cryptolytical","symbol":"SPT","quantity":"0.016471","price":"0.00973213","timestamp":1636644597,"volume":"0.00016030","buyTxId":"2d053dc24e845e7ccf7e582331ae6295f32a0dc3","sellTxId":"41fb52f5b0356cb4031e67fca80f56d4a79cd9f1"}
{"index": {"_index":"spt","_id":"1951752"}}
	{"id":1951752,"type":"sell","buyer":"druidsblood","seller":"hiveexplorers","symbol":"SPT","quantity":"900.405418","price":"0.00973213","timestamp":1636645731,"volume":"8.76286258","buyTxId":"2d053dc24e845e7ccf7e582331ae6295f32a0dc3","sellTxId":"d54fbd2cc434cb1df7c115dcf90f021ee8eaed09"}
{"index": {"_index":"spt","_id":"1951869"}}
	{"id":1951869,"type":"sell","buyer":"druidsblood","seller":"brofi-market","symbol":"SPT","quantity":"0.032529","price":"0.00973213","timestamp":1636647054,"volume":"0.00031658","buyTxId":"2d053dc24e845e7ccf7e582331ae6295f32a0dc3","sellTxId":"2e12d792f461fb98e193d34e8592fe2eb4dba508"}
{"index": {"_index":"spt","_id":"1951960"}}
	{"id":1951960,"type":"buy","buyer":"spt-curator-mm","seller":"laundrywoman","symbol":"SPT","quantity":"10000.000000","price":"0.00999999","timestamp":1636648005,"volume":"99.99990000","buyTxId":"1b599082694a2fe3ba0c6c742fd7874f181438be","sellTxId":"ef9cc89c67a5ae3a10c86da941ffecf26090b8c8"}
{"index": {"_index":"spt","_id":"1952084"}}
	{"id":1952084,"type":"buy","buyer":"dedoverde","seller":"laundrywoman","symbol":"SPT","quantity":"127.016273","price":"0.00999999","timestamp":1636648836,"volume":"1.27016146","buyTxId":"614af0c871a3dedf5ab5d3da71dc5db79a4b2af1","sellTxId":"ef9cc89c67a5ae3a10c86da941ffecf26090b8c8"}
{"index": {"_index":"spt","_id":"1952167"}}
	{"id":1952167,"type":"buy","buyer":"catomoon","seller":"laundrywoman","symbol":"SPT","quantity":"6.294000","price":"0.00999999","timestamp":1636650249,"volume":"0.06293994","buyTxId":"e7a26155adbfc2de617336f38f3353b23e4959a5","sellTxId":"ef9cc89c67a5ae3a10c86da941ffecf26090b8c8"}
{"index": {"_index":"spt","_id":"1952252"}}
	{"id":1952252,"type":"sell","buyer":"druidsblood","seller":"ashikstd","symbol":"SPT","quantity":"5179.803709","price":"0.00973213","timestamp":1636651446,"volume":"50.41052307","buyTxId":"2d053dc24e845e7ccf7e582331ae6295f32a0dc3","sellTxId":"10ac0617ca0fbcbd8ec080696428c0009c889d56"}
{"index": {"_index":"spt","_id":"1952253"}}
	{"id":1952253,"type":"sell","buyer":"udontknowm3","seller":"ashikstd","symbol":"SPT","quantity":"1091.341312","price":"0.00973213","timestamp":1636651446,"volume":"10.62107552","buyTxId":"797884bb4ab5ddd9a1b4b08e25d642b298733280","sellTxId":"10ac0617ca0fbcbd8ec080696428c0009c889d56"}
{"index": {"_index":"spt","_id":"1952291"}}
	{"id":1952291,"type":"sell","buyer":"udontknowm3","seller":"ashikstd","symbol":"SPT","quantity":"80.494926","price":"0.00973213","timestamp":1636651584,"volume":"0.78338708","buyTxId":"797884bb4ab5ddd9a1b4b08e25d642b298733280","sellTxId":"3f1e5e0b18304d50190f2b5d9e00b557aaedf72b"}
{"index": {"_index":"spt","_id":"1952292"}}
	{"id":1952292,"type":"sell","buyer":"druidsblood","seller":"ashikstd","symbol":"SPT","quantity":"2255.160625","price":"0.00973211","timestamp":1636651584,"volume":"21.94747127","buyTxId":"20f48d05788a8e8d57a1149fcd365f6a7c4ad89c","sellTxId":"3f1e5e0b18304d50190f2b5d9e00b557aaedf72b"}
{"index": {"_index":"spt","_id":"1952394"}}
	{"id":1952394,"type":"sell","buyer":"druidsblood","seller":"zullyscott","symbol":"SPT","quantity":"12.440380","price":"0.00973211","timestamp":1636652415,"volume":"0.12107115","buyTxId":"20f48d05788a8e8d57a1149fcd365f6a7c4ad89c","sellTxId":"6e88d781f1b8fd46d08c56f1a50112a2e07d339c"}
{"index": {"_index":"spt","_id":"1952683"}}
	{"id":1952683,"type":"sell","buyer":"druidsblood","seller":"moeenali","symbol":"SPT","quantity":"666.802742","price":"0.00973211","timestamp":1636653948,"volume":"6.48939763","buyTxId":"20f48d05788a8e8d57a1149fcd365f6a7c4ad89c","sellTxId":"e531627277bcf38064955bb48adfa19667458d0f"}
{"index": {"_index":"spt","_id":"1952807"}}
	{"id":1952807,"type":"sell","buyer":"druidsblood","seller":"lypisz","symbol":"SPT","quantity":"1133.854082","price":"0.00973211","timestamp":1636654668,"volume":"11.03479265","buyTxId":"20f48d05788a8e8d57a1149fcd365f6a7c4ad89c","sellTxId":"8cf6d50cd41a7a1c90ddd80bf89a217f48e720bb"}
{"index": {"_index":"spt","_id":"1952823"}}
	{"id":1952823,"type":"sell","buyer":"druidsblood","seller":"dudeontheweb","symbol":"SPT","quantity":"32.000000","price":"0.00973211","timestamp":1636654854,"volume":"0.31142752","buyTxId":"20f48d05788a8e8d57a1149fcd365f6a7c4ad89c","sellTxId":"4ae4fe400e18676fb31d74e594aa5388e978ff16"}
{"index": {"_index":"spt","_id":"1952848"}}
	{"id":1952848,"type":"buy","buyer":"dswap","seller":"laundrywoman","symbol":"SPT","quantity":"79.360519","price":"0.00999999","timestamp":1636654902,"volume":"0.79360440","buyTxId":"c1a55b17cf889d1709cf0938cd6ae1a690246c32","sellTxId":"ef9cc89c67a5ae3a10c86da941ffecf26090b8c8"}
{"index": {"_index":"spt","_id":"1952911"}}
	{"id":1952911,"type":"sell","buyer":"druidsblood","seller":"ahmetay","symbol":"SPT","quantity":"3899.742171","price":"0.00973211","timestamp":1636655553,"volume":"37.95271978","buyTxId":"20f48d05788a8e8d57a1149fcd365f6a7c4ad89c","sellTxId":"cee81c2e6d83244386faa7e95c2eca5a285685f6"}
{"index": {"_index":"spt","_id":"1952912"}}
	{"id":1952912,"type":"sell","buyer":"arnob23","seller":"ahmetay","symbol":"SPT","quantity":"6471.168013","price":"0.00973210","timestamp":1636655553,"volume":"62.97805422","buyTxId":"5ca2d406fa5969715fc1f695941b3ed9bb424ee1","sellTxId":"cee81c2e6d83244386faa7e95c2eca5a285685f6"}
{"index": {"_index":"spt","_id":"1952926"}}
	{"id":1952926,"type":"sell","buyer":"arnob23","seller":"ahmetay","symbol":"SPT","quantity":"10353.040540","price":"0.00973210","timestamp":1636655673,"volume":"100.75682584","buyTxId":"5ca2d406fa5969715fc1f695941b3ed9bb424ee1","sellTxId":"fc678e5ae2394e8a5113ce8fadb13e6877466880"}
{"index": {"_index":"spt","_id":"1952953"}}
	{"id":1952953,"type":"buy","buyer":"helicopterben","seller":"laundrywoman","symbol":"SPT","quantity":"18800.000000","price":"0.00999999","timestamp":1636655838,"volume":"187.99981200","buyTxId":"cea4e04592cfbad4a0fadcdc7d2a8a7680e46d95","sellTxId":"ef9cc89c67a5ae3a10c86da941ffecf26090b8c8"}
{"index": {"_index":"spt","_id":"1952978"}}
	{"id":1952978,"type":"buy","buyer":"jongolson","seller":"laundrywoman","symbol":"SPT","quantity":"1000.000000","price":"0.00999999","timestamp":1636656021,"volume":"9.99999000","buyTxId":"ab7c9454bab4718aa50d3f545afc5bb1a42d32c1","sellTxId":"ef9cc89c67a5ae3a10c86da941ffecf26090b8c8"}
{"index": {"_index":"spt","_id":"1953055"}}
	{"id":1953055,"type":"sell","buyer":"arnob23","seller":"dhedge-drips","symbol":"SPT","quantity":"0.003144","price":"0.00973210","timestamp":1636656411,"volume":"0.00003060","buyTxId":"5ca2d406fa5969715fc1f695941b3ed9bb424ee1","sellTxId":"ec2490e285fa01d8ff4dd376080dbdf16657e518"}
{"index": {"_index":"spt","_id":"1953299"}}
	{"id":1953299,"type":"sell","buyer":"arnob23","seller":"hiveexplorers","symbol":"SPT","quantity":"315.765079","price":"0.00973210","timestamp":1636658364,"volume":"3.07305733","buyTxId":"5ca2d406fa5969715fc1f695941b3ed9bb424ee1","sellTxId":"6f738a9af3fdebd469e550d56d9af98be3f36f31"}
{"index": {"_index":"spt","_id":"1953390"}}
	{"id":1953390,"type":"sell","buyer":"arnob23","seller":"doofus","symbol":"SPT","quantity":"205.679579","price":"0.00973210","timestamp":1636659255,"volume":"2.00169423","buyTxId":"5ca2d406fa5969715fc1f695941b3ed9bb424ee1","sellTxId":"9db1b591ef6b15c863dea6d988566b84ad79ef01"}
{"index": {"_index":"spt","_id":"1953488"}}
	{"id":1953488,"type":"sell","buyer":"arnob23","seller":"elricmoonslayer","symbol":"SPT","quantity":"64.528292","price":"0.00973210","timestamp":1636660032,"volume":"0.62799579","buyTxId":"5ca2d406fa5969715fc1f695941b3ed9bb424ee1","sellTxId":"4c04de845e7c2a3ef4f740cb413eda01741c6ac6"}
{"index": {"_index":"spt","_id":"1953566"}}
	{"id":1953566,"type":"sell","buyer":"arnob23","seller":"mightyrocklee","symbol":"SPT","quantity":"660.325315","price":"0.00973210","timestamp":1636660578,"volume":"6.42635200","buyTxId":"5ca2d406fa5969715fc1f695941b3ed9bb424ee1","sellTxId":"3286a015e9ccf4f7e7fdb6d6511fcd443ecd33e7"}
{"index": {"_index":"spt","_id":"1953567"}}
	{"id":1953567,"type":"sell","buyer":"he-index","seller":"mightyrocklee","symbol":"SPT","quantity":"44.800000","price":"0.00973210","timestamp":1636660578,"volume":"0.43599808","buyTxId":"6f7d247bb43113787af154759a798be4517174d4","sellTxId":"3286a015e9ccf4f7e7fdb6d6511fcd443ecd33e7"}
{"index": {"_index":"spt","_id":"1953568"}}
	{"id":1953568,"type":"sell","buyer":"nozem01","seller":"mightyrocklee","symbol":"SPT","quantity":"53.555785","price":"0.00973000","timestamp":1636660578,"volume":"0.52109779","buyTxId":"64f00c0bcc224607320c6e04bf39ded82f1dc1ca","sellTxId":"3286a015e9ccf4f7e7fdb6d6511fcd443ecd33e7"}
{"index": {"_index":"spt","_id":"1953591"}}
	{"id":1953591,"type":"sell","buyer":"mathieu33","seller":"chireerocks","symbol":"SPT","quantity":"8.458645","price":"0.00985000","timestamp":1636660857,"volume":"0.08331765","buyTxId":"fa60fdf965e5ee3cf6f1fb394135e82d2160f14b","sellTxId":"11527404d864c515d2abe935ede5cc1d3113d960"}
{"index": {"_index":"spt","_id":"1953617"}}
	{"id":1953617,"type":"buy","buyer":"samarek69","seller":"laundrywoman","symbol":"SPT","quantity":"88.503000","price":"0.00999999","timestamp":1636660986,"volume":"0.88502911","buyTxId":"10707513d442f2dca9f669b3fccc433cdb0a2ae8","sellTxId":"ef9cc89c67a5ae3a10c86da941ffecf26090b8c8"}
{"index": {"_index":"spt","_id":"1953698"}}
	{"id":1953698,"type":"sell","buyer":"mathieu33","seller":"ghdday","symbol":"SPT","quantity":"151.932477","price":"0.00985000","timestamp":1636661337,"volume":"1.49653490","buyTxId":"fa60fdf965e5ee3cf6f1fb394135e82d2160f14b","sellTxId":"3a49858a435e39dd7c8e9e54182fb45447ca84bd"}
{"index": {"_index":"spt","_id":"1953719"}}
	{"id":1953719,"type":"sell","buyer":"jmark517","seller":"brofi-market","symbol":"SPT","quantity":"0.055900","price":"0.00990000","timestamp":1636661484,"volume":"0.00055341","buyTxId":"1b86c5ec84bb259bc58fad1946dbcfab6f48c27f","sellTxId":"111785b4bce61d9b38ccffd5c3d030faea4ce5f6"}
{"index": {"_index":"spt","_id":"1953724"}}
	{"id":1953724,"type":"buy","buyer":"mathieu33","seller":"laundrywoman","symbol":"SPT","quantity":"38404.535900","price":"0.00999999","timestamp":1636661517,"volume":"384.04497495","buyTxId":"20097a55b4dfda5c33377019f54b52b088a92cc1","sellTxId":"ef9cc89c67a5ae3a10c86da941ffecf26090b8c8"}
{"index": {"_index":"spt","_id":"1953781"}}
	{"id":1953781,"type":"sell","buyer":"jmark517","seller":"vegeta777","symbol":"SPT","quantity":"1000.138993","price":"0.00990000","timestamp":1636661886,"volume":"9.90137603","buyTxId":"1b86c5ec84bb259bc58fad1946dbcfab6f48c27f","sellTxId":"5ecff5be7a79a1ae21790edf317879318c56bb29"}
{"index": {"_index":"spt","_id":"1953793"}}
	{"id":1953793,"type":"sell","buyer":"jmark517","seller":"vegeta777","symbol":"SPT","quantity":"100.000000","price":"0.00990000","timestamp":1636661985,"volume":"0.99000000","buyTxId":"1b86c5ec84bb259bc58fad1946dbcfab6f48c27f","sellTxId":"10bb58dcc7b1fc0a336bafff4a0e168f4f1b27d5"}
{"index": {"_index":"spt","_id":"1953822"}}
	{"id":1953822,"type":"sell","buyer":"jmark517","seller":"dragouner","symbol":"SPT","quantity":"12.500000","price":"0.00990000","timestamp":1636662405,"volume":"0.12375000","buyTxId":"1b86c5ec84bb259bc58fad1946dbcfab6f48c27f","sellTxId":"ed8cb209db533853b67bc57047a590322560009e"}
{"index": {"_index":"spt","_id":"1953824"}}
	{"id":1953824,"type":"sell","buyer":"jmark517","seller":"simplegame","symbol":"SPT","quantity":"0.640781","price":"0.00990000","timestamp":1636662408,"volume":"0.00634373","buyTxId":"1b86c5ec84bb259bc58fad1946dbcfab6f48c27f","sellTxId":"14abf7345d4694dc36b907080597916169e2df10"}
{"index": {"_index":"spt","_id":"1953953"}}
	{"id":1953953,"type":"sell","buyer":"jmark517","seller":"cliffagreen","symbol":"SPT","quantity":"0.705000","price":"0.00990000","timestamp":1636663218,"volume":"0.00697950","buyTxId":"1b86c5ec84bb259bc58fad1946dbcfab6f48c27f","sellTxId":"ba18cb64e45c76efdceea9d5496606e810a55e4a"}
{"index": {"_index":"spt","_id":"1954087"}}
	{"id":1954087,"type":"sell","buyer":"jmark517","seller":"khoranos","symbol":"SPT","quantity":"9.104050","price":"0.00990000","timestamp":1636664112,"volume":"0.09013010","buyTxId":"1b86c5ec84bb259bc58fad1946dbcfab6f48c27f","sellTxId":"367183fbc429ad2ef917ccaac26de2d634ad31ab"}
{"index": {"_index":"spt","_id":"1954243"}}
	{"id":1954243,"type":"buy","buyer":"atom-smash","seller":"laundrywoman","symbol":"SPT","quantity":"2.000000","price":"0.00999999","timestamp":1636665393,"volume":"0.01999998","buyTxId":"d0bd7c99e0914f0eabff3496faf1fdeb28b5f38a","sellTxId":"ef9cc89c67a5ae3a10c86da941ffecf26090b8c8"}
{"index": {"_index":"spt","_id":"1954548"}}
	{"id":1954548,"type":"buy","buyer":"he-index","seller":"brofi-market","symbol":"SPT","quantity":"0.032529","price":"0.00999999","timestamp":1636667538,"volume":"0.00032529","buyTxId":"41c55261578e784ab5c19636b8e75ae7a441328a","sellTxId":"dc7e9ef7005de3a36d5f846c54b26b5e65cf8339"}
{"index": {"_index":"spt","_id":"1954549"}}
	{"id":1954549,"type":"buy","buyer":"he-index","seller":"dhedge-drips","symbol":"SPT","quantity":"0.003144","price":"0.00999999","timestamp":1636667538,"volume":"0.00003144","buyTxId":"41c55261578e784ab5c19636b8e75ae7a441328a","sellTxId":"d7e473df7045206c0cf658bb2d25fd74c5c4d101"}
{"index": {"_index":"spt","_id":"1954550"}}
	{"id":1954550,"type":"buy","buyer":"he-index","seller":"brofi-market","symbol":"SPT","quantity":"0.055900","price":"0.00999999","timestamp":1636667538,"volume":"0.00055900","buyTxId":"41c55261578e784ab5c19636b8e75ae7a441328a","sellTxId":"bed5da40fd4e00a03b64d1ac8f2e94d2b0abcd73"}
{"index": {"_index":"spt","_id":"1954551"}}
	{"id":1954551,"type":"buy","buyer":"he-index","seller":"laundrywoman","symbol":"SPT","quantity":"12.608427","price":"0.00999999","timestamp":1636667538,"volume":"0.12608414","buyTxId":"41c55261578e784ab5c19636b8e75ae7a441328a","sellTxId":"8dd8dc9dbd44f9f9005a77bc5049f00647938e93"}
{"index": {"_index":"spt","_id":"1954601"}}
	{"id":1954601,"type":"sell","buyer":"jmark517","seller":"dswap","symbol":"SPT","quantity":"876.855276","price":"0.00990000","timestamp":1636668096,"volume":"8.68086723","buyTxId":"1b86c5ec84bb259bc58fad1946dbcfab6f48c27f","sellTxId":"0f10b0cda1e221dd29ead9b09b6c285bce6e7429"}
{"index": {"_index":"spt","_id":"1954602"}}
	{"id":1954602,"type":"sell","buyer":"nozem01","seller":"dswap","symbol":"SPT","quantity":"83.074905","price":"0.00973000","timestamp":1636668096,"volume":"0.80831882","buyTxId":"64f00c0bcc224607320c6e04bf39ded82f1dc1ca","sellTxId":"0f10b0cda1e221dd29ead9b09b6c285bce6e7429"}
{"index": {"_index":"spt","_id":"1954603"}}
	{"id":1954603,"type":"sell","buyer":"karuna21","seller":"dswap","symbol":"SPT","quantity":"1365.069819","price":"0.00971000","timestamp":1636668096,"volume":"13.25482794","buyTxId":"051e8356830e8b9f216c52d8e434bd62741ae5e6","sellTxId":"0f10b0cda1e221dd29ead9b09b6c285bce6e7429"}
{"index": {"_index":"spt","_id":"1955219"}}
	{"id":1955219,"type":"sell","buyer":"pi-trader","seller":"pcm020","symbol":"SPT","quantity":"500","price":"0.00971001","timestamp":1636672815,"volume":"4.85500500","buyTxId":"4235fc55066c29d7bbf2d8e9c0253802c388f747-2","sellTxId":"b78a33d3c23aad74be8147fc6eb8d5751ce40f0a"}
{"index": {"_index":"spt","_id":"1955267"}}
	{"id":1955267,"type":"sell","buyer":"karuna21","seller":"themarkymark","symbol":"SPT","quantity":"49.392000","price":"0.00971000","timestamp":1636673457,"volume":"0.47959632","buyTxId":"051e8356830e8b9f216c52d8e434bd62741ae5e6","sellTxId":"2ebcd84b956220c834b8ff63649307807485341f"}
{"index": {"_index":"spt","_id":"1955300"}}
	{"id":1955300,"type":"buy","buyer":"coolmattman","seller":"costanza","symbol":"SPT","quantity":"14.303350","price":"0.01000000","timestamp":1636673802,"volume":"0.14303350","buyTxId":"0afecfa51df2cd0fab3b4a0aaf355cad704e1d48","sellTxId":"1a2ec2ff5e94ed25a0d9315e022bf4697c92f532"}
{"index": {"_index":"spt","_id":"1955328"}}
	{"id":1955328,"type":"buy","buyer":"terganmarket","seller":"laundrywoman","symbol":"SPT","quantity":"0.670000","price":"0.00999999","timestamp":1636674312,"volume":"0.00669999","buyTxId":"0fe1679014f4f433f9a9614357e54e96175b1a14","sellTxId":"ac1a5bf2cb62d7a48e03fb554a402566ae1b462d"}
{"index": {"_index":"spt","_id":"1955348"}}
	{"id":1955348,"type":"buy","buyer":"terganmarket","seller":"costanza","symbol":"SPT","quantity":"0.176990","price":"0.01000000","timestamp":1636674540,"volume":"0.00176990","buyTxId":"25e80bb039948a7e825ffce2726d9923a681a209","sellTxId":"1a2ec2ff5e94ed25a0d9315e022bf4697c92f532"}
{"index": {"_index":"spt","_id":"1955514"}}
	{"id":1955514,"type":"sell","buyer":"imno","seller":"brofi-market","symbol":"SPT","quantity":"3.531047","price":"0.00980000","timestamp":1636675899,"volume":"0.03460426","buyTxId":"792bd82670fef0e528e0035e27e47c3017521472","sellTxId":"54b4eac7bc4a9e20da7355f5b24ef5c2168a6451"}
{"index": {"_index":"spt","_id":"1955722"}}
	{"id":1955722,"type":"sell","buyer":"imno","seller":"dhedge-drips","symbol":"SPT","quantity":"0.005241","price":"0.00980000","timestamp":1636677978,"volume":"0.00005136","buyTxId":"792bd82670fef0e528e0035e27e47c3017521472","sellTxId":"c20b93b217b85fe4486af705004d8f95c3766f00"}
{"index": {"_index":"spt","_id":"1955838"}}
	{"id":1955838,"type":"buy","buyer":"samarek69","seller":"costanza","symbol":"SPT","quantity":"2.330681","price":"0.01000000","timestamp":1636678863,"volume":"0.02330681","buyTxId":"2593d33da71c9e4267bfd89989511ebff4cb2886","sellTxId":"1a2ec2ff5e94ed25a0d9315e022bf4697c92f532"}
{"index": {"_index":"spt","_id":"1955915"}}
	{"id":1955915,"type":"sell","buyer":"wilsonj007","seller":"themarkymark","symbol":"SPT","quantity":"31.966000","price":"0.00981000","timestamp":1636679721,"volume":"0.31358646","buyTxId":"ee2d0b117d69eada690a668250b7db2c65dc216e","sellTxId":"cabf954ec69c4f89379f0fbfb196025ffb5691b6"}
{"index": {"_index":"spt","_id":"1956157"}}
	{"id":1956157,"type":"sell","buyer":"wilsonj007","seller":"lypisz","symbol":"SPT","quantity":"29.455377","price":"0.00981000","timestamp":1636681815,"volume":"0.28895725","buyTxId":"ee2d0b117d69eada690a668250b7db2c65dc216e","sellTxId":"196cdc424ca740128c7f4183b82b26e9b0281430"}
{"index": {"_index":"spt","_id":"1956266"}}
	{"id":1956266,"type":"sell","buyer":"wilsonj007","seller":"magnacarta","symbol":"SPT","quantity":"0.02","price":"0.00981000","timestamp":1636682982,"volume":"0.00019620","buyTxId":"ee2d0b117d69eada690a668250b7db2c65dc216e","sellTxId":"82b9c5b8ea0e4b797d1a2fb26987c6318ca1a003"}
{"index": {"_index":"spt","_id":"1956316"}}
	{"id":1956316,"type":"sell","buyer":"wilsonj007","seller":"dswap","symbol":"SPT","quantity":"100","price":"0.00981000","timestamp":1636683738,"volume":"0.98100000","buyTxId":"ee2d0b117d69eada690a668250b7db2c65dc216e","sellTxId":"644b4a5511c0ff95ff73ef27eb36318d90ae49b0"}
{"index": {"_index":"spt","_id":"1956904"}}
	{"id":1956904,"type":"buy","buyer":"spt-curator-mm","seller":"costanza","symbol":"SPT","quantity":"300.000000","price":"0.01000000","timestamp":1636688940,"volume":"3.00000000","buyTxId":"1dbdd9d5bf30b8482249c90846547561878dc99d","sellTxId":"1a2ec2ff5e94ed25a0d9315e022bf4697c92f532"}
{"index": {"_index":"spt","_id":"1956909"}}
	{"id":1956909,"type":"sell","buyer":"wilsonj007","seller":"monserratt3","symbol":"SPT","quantity":"98.558623","price":"0.00981000","timestamp":1636689009,"volume":"0.96686009","buyTxId":"ee2d0b117d69eada690a668250b7db2c65dc216e","sellTxId":"9ed7c33c7044c67b8b8e6a17d905cb0a161aefca"}
{"index": {"_index":"spt","_id":"1956910"}}
	{"id":1956910,"type":"sell","buyer":"he-index","seller":"monserratt3","symbol":"SPT","quantity":"15.698000","price":"0.00981000","timestamp":1636689009,"volume":"0.15399738","buyTxId":"9763ccc494e8a38e56a15509e9f492b9907b36ef","sellTxId":"9ed7c33c7044c67b8b8e6a17d905cb0a161aefca"}
{"index": {"_index":"spt","_id":"1956911"}}
	{"id":1956911,"type":"sell","buyer":"he-index","seller":"monserratt3","symbol":"SPT","quantity":"17.125000","price":"0.00981000","timestamp":1636689009,"volume":"0.16799625","buyTxId":"21ba9ee2d5bc7ec10f78da59daf48b8409842539","sellTxId":"9ed7c33c7044c67b8b8e6a17d905cb0a161aefca"}
{"index": {"_index":"spt","_id":"1956941"}}
	{"id":1956941,"type":"sell","buyer":"imno","seller":"arnob23","symbol":"SPT","quantity":"0.133","price":"0.00980000","timestamp":1636689255,"volume":"0.00130340","buyTxId":"792bd82670fef0e528e0035e27e47c3017521472","sellTxId":"9c0f620b2923786266ace8a061bb62b9d19e5322"}
{"index": {"_index":"spt","_id":"1956947"}}
	{"id":1956947,"type":"buy","buyer":"arnob23","seller":"monserratt3","symbol":"SPT","quantity":"0.626311","price":"0.00981000","timestamp":1636689321,"volume":"0.00614412","buyTxId":"3f18b15b6fd312120aedf579cedd2704f055141f","sellTxId":"9ed7c33c7044c67b8b8e6a17d905cb0a161aefca"}
