{"index": {"_index":"spt","_id":"1586444"}}
	{"id":1586444,"type":"sell","buyer":"solovey6o2","seller":"rehan12","symbol":"SPT","quantity":"313","price":"0.01350035","timestamp":1632625554,"volume":"4.22560955","buyTxId":"b976db32fba7bc0b9cab2bb6d75a25d9740a05d7","sellTxId":"22f18efe73124be41ec528542b8129c5e92231bc"}
{"index": {"_index":"spt","_id":"1586474"}}
	{"id":1586474,"type":"sell","buyer":"pi-trader","seller":"themarkymark","symbol":"SPT","quantity":"25.765000","price":"0.01350048","timestamp":1632626208,"volume":"0.34783987","buyTxId":"1f8fbf0593c67d467ca3ff43c52dd890be025bce-5","sellTxId":"eb0a24947cd2842cc5b35d0a3d4e03db234d1009"}
{"index": {"_index":"spt","_id":"1586498"}}
	{"id":1586498,"type":"sell","buyer":"pi-trader","seller":"valor2s","symbol":"SPT","quantity":"17.039741","price":"0.01350059","timestamp":1632626694,"volume":"0.23004656","buyTxId":"2b13b4e09e222f8b3c67d777bb7c36e954cc2015-3","sellTxId":"a0ddf3a841864b7d91bf66c3bb54e92b4ee4c287"}
{"index": {"_index":"spt","_id":"1586499"}}
	{"id":1586499,"type":"sell","buyer":"pi-trader","seller":"bearbear613","symbol":"SPT","quantity":"31.728000","price":"0.01350059","timestamp":1632626718,"volume":"0.42834672","buyTxId":"70f54cd01e299c0c2d1ecec579cee980f89ae7a4-1","sellTxId":"652ef839e32da6858e20ad3b19c81d312d4e130e"}
{"index": {"_index":"spt","_id":"1586500"}}
	{"id":1586500,"type":"sell","buyer":"pi-trader","seller":"bitcoinflood","symbol":"SPT","quantity":"6.919887","price":"0.01350059","timestamp":1632626718,"volume":"0.09342256","buyTxId":"70f54cd01e299c0c2d1ecec579cee980f89ae7a4-1","sellTxId":"ca91123f4c72a6681fe6177cad70ea6dfee136ce"}
{"index": {"_index":"spt","_id":"1586501"}}
	{"id":1586501,"type":"sell","buyer":"pi-trader","seller":"lv99-rd-chocobo","symbol":"SPT","quantity":"349.823942","price":"0.01350061","timestamp":1632626739,"volume":"4.72283661","buyTxId":"e427ff2cf24be11cbfa2a70ffeacdc8bd186ac25-1","sellTxId":"681f5c0a5ddfd70ce86f9a2cbf45154922a48988"}
{"index": {"_index":"spt","_id":"1586505"}}
	{"id":1586505,"type":"sell","buyer":"pi-trader","seller":"revisesociology","symbol":"SPT","quantity":"700.000000","price":"0.01350067","timestamp":1632626985,"volume":"9.45046900","buyTxId":"c06b51a0519350ce0229591544eace18ddcc9fae-3","sellTxId":"b3097ec19610b0884c958eddaa75d00c170ebe36"}
{"index": {"_index":"spt","_id":"1586515"}}
	{"id":1586515,"type":"buy","buyer":"jongolson","seller":"solovey6o2","symbol":"SPT","quantity":"1000.000000","price":"0.01449988","timestamp":1632627411,"volume":"14.49988000","buyTxId":"238cb61626baf7eb4246697af4afe131bb5b47df","sellTxId":"9f2b96af29bee119906921a162acbcacc9659d79"}
{"index": {"_index":"spt","_id":"1586659"}}
	{"id":1586659,"type":"sell","buyer":"granddaddies","seller":"philss","symbol":"SPT","quantity":"4.102555","price":"0.01350002","timestamp":1632629088,"volume":"0.05538457","buyTxId":"d48677d0224898e16da183cda975b201beb06c61","sellTxId":"e8b10254d6d07b17cda5e700555400e8f7b8d2d2"}
{"index": {"_index":"spt","_id":"1586662"}}
	{"id":1586662,"type":"sell","buyer":"pi-trader","seller":"spt-curate","symbol":"SPT","quantity":"583.117166","price":"0.01350005","timestamp":1632629184,"volume":"7.87211090","buyTxId":"67722c64245e6a943ae87b7815c1adb0f0b696e5-1","sellTxId":"a07edd6cce42f8d6cac27f3e1e3cffdc6c4c831c"}
{"index": {"_index":"spt","_id":"1586697"}}
	{"id":1586697,"type":"sell","buyer":"pi-trader","seller":"brofi-market","symbol":"SPT","quantity":"1.012256","price":"0.01350007","timestamp":1632629739,"volume":"0.01366553","buyTxId":"b071cb08655ce69f8b6ba0087743fe8bf1506b85-5","sellTxId":"0307e7bd50250b2bfba4da1a65476d50632a328f"}
{"index": {"_index":"spt","_id":"1586715"}}
	{"id":1586715,"type":"sell","buyer":"granddaddies","seller":"bitcoinflood","symbol":"SPT","quantity":"1.814111","price":"0.01350012","timestamp":1632629916,"volume":"0.02449072","buyTxId":"74cd50f5d66f84bf9b7c5e8efb14f952613f70b3","sellTxId":"d58cc42cb577a4c10ec4d661fdb73bfac4569232"}
{"index": {"_index":"spt","_id":"1586826"}}
	{"id":1586826,"type":"sell","buyer":"granddaddies","seller":"spt-shturm","symbol":"SPT","quantity":"149.000000","price":"0.01350008","timestamp":1632631848,"volume":"2.01151192","buyTxId":"df987078aeeea72bb161356db47d29195f0a7f72","sellTxId":"96933e1afb786a3501ac5cf2522ca849836bb662"}
{"index": {"_index":"spt","_id":"1586841"}}
	{"id":1586841,"type":"buy","buyer":"skgcrypto","seller":"jhonasanagon","symbol":"SPT","quantity":"20.000000","price":"0.01400000","timestamp":1632632133,"volume":"0.28000000","buyTxId":"6b48628b37eb7fa5e8190029bfa6ff5b99a0e2a1","sellTxId":"8ee3c2fc9839edc339ac887ab3ab65f6ab20559e"}
{"index": {"_index":"spt","_id":"1586861"}}
	{"id":1586861,"type":"sell","buyer":"pi-trader","seller":"angelrey1990","symbol":"SPT","quantity":"2055.722837","price":"0.01350011","timestamp":1632632610,"volume":"27.75248443","buyTxId":"9661b0fb24698411fcd283be64b8d588d0e8c632-5","sellTxId":"efecda92e24d43a2f8488b19ba415014b3a68fea"}
{"index": {"_index":"spt","_id":"1586897"}}
	{"id":1586897,"type":"sell","buyer":"pi-trader","seller":"mawit07","symbol":"SPT","quantity":"2830.748719","price":"0.01350001","timestamp":1632633327,"volume":"38.21513601","buyTxId":"2c22a07711efd03d92c09d1b3b685023790d475d-1","sellTxId":"03fbafcb730efb5aa022f971bc4d2340c967c8a3"}
{"index": {"_index":"spt","_id":"1587130"}}
	{"id":1587130,"type":"sell","buyer":"pi-trader","seller":"iceman23","symbol":"SPT","quantity":"100.000000","price":"0.01350005","timestamp":1632636906,"volume":"1.35000500","buyTxId":"146c9c39e0f0ad71e52014a9fef309965272cb89-9","sellTxId":"3fc4a7afbc8864f9bc23515063af471138fc6342"}
{"index": {"_index":"spt","_id":"1587159"}}
	{"id":1587159,"type":"sell","buyer":"granddaddies","seller":"pro12","symbol":"SPT","quantity":"1000","price":"0.01350006","timestamp":1632637662,"volume":"13.50006000","buyTxId":"bb3c204433161d2b335f556083c9fd223b929b2c","sellTxId":"a8d174277dbc69ce0dc71a5c3c339d7518ecd38e"}
{"index": {"_index":"spt","_id":"1587193"}}
	{"id":1587193,"type":"buy","buyer":"granddaddies","seller":"chireerocks","symbol":"SPT","quantity":"1384.498080","price":"0.01351009","timestamp":1632638505,"volume":"18.70469367","buyTxId":"c4e9311d027c3132010aa26afbc593d9e13bdfd5","sellTxId":"7e02ee0493363642083461444b47b23b3dc2225d"}
{"index": {"_index":"spt","_id":"1587205"}}
	{"id":1587205,"type":"sell","buyer":"pi-trader","seller":"dhedge-drips","symbol":"SPT","quantity":"0.094898","price":"0.01351003","timestamp":1632638781,"volume":"0.00128207","buyTxId":"01462ad9ed37039accb0c3051174ea08f7d374e0-3","sellTxId":"fc6ab7775bc1c41b09805fbf61284e4a8691196d"}
{"index": {"_index":"spt","_id":"1587281"}}
	{"id":1587281,"type":"sell","buyer":"granddaddies","seller":"nrg","symbol":"SPT","quantity":"3083.526031","price":"0.01351012","timestamp":1632640107,"volume":"41.65880670","buyTxId":"06e6f821a3d7080046cbd94bead600c1fde017cb","sellTxId":"b4388eb270b19a5ca24c89ac2113f31f65a3210c"}
{"index": {"_index":"spt","_id":"1587447"}}
	{"id":1587447,"type":"sell","buyer":"eirik","seller":"brofi-market","symbol":"SPT","quantity":"0.471397","price":"0.01350000","timestamp":1632643950,"volume":"0.00636386","buyTxId":"5535dfa93b80e8c2457dc04dcaff92e511a67bcc","sellTxId":"0f3307c0146c035d9130ac09ed69bc829427d62a"}
{"index": {"_index":"spt","_id":"1587493"}}
	{"id":1587493,"type":"sell","buyer":"eirik","seller":"chekohler","symbol":"SPT","quantity":"1.478347","price":"0.01350000","timestamp":1632644862,"volume":"0.01995768","buyTxId":"5535dfa93b80e8c2457dc04dcaff92e511a67bcc","sellTxId":"f9b5f7eee3f546e8db3e04de03e0c0cccb0d4fd2"}
{"index": {"_index":"spt","_id":"1587501"}}
	{"id":1587501,"type":"sell","buyer":"eirik","seller":"empoderat","symbol":"SPT","quantity":"1196.910852","price":"0.01350000","timestamp":1632645060,"volume":"16.15829650","buyTxId":"5535dfa93b80e8c2457dc04dcaff92e511a67bcc","sellTxId":"0920ae78f626a681cde024a7da6c84df3c5bb141"}
{"index": {"_index":"spt","_id":"1587502"}}
	{"id":1587502,"type":"sell","buyer":"muzehan","seller":"empoderat","symbol":"SPT","quantity":"1000.000000","price":"0.01350000","timestamp":1632645060,"volume":"13.50000000","buyTxId":"b64ebbfd6358a683c211d50bfdfaf74bc8f465b7","sellTxId":"0920ae78f626a681cde024a7da6c84df3c5bb141"}
{"index": {"_index":"spt","_id":"1587503"}}
	{"id":1587503,"type":"sell","buyer":"granddaddies","seller":"empoderat","symbol":"SPT","quantity":"16859.089148","price":"0.01250003","timestamp":1632645060,"volume":"210.73912012","buyTxId":"7e1f8305406e3f892fcfc34cff916997caaa95b3","sellTxId":"0920ae78f626a681cde024a7da6c84df3c5bb141"}
{"index": {"_index":"spt","_id":"1587524"}}
	{"id":1587524,"type":"buy","buyer":"samarek69","seller":"laundrywoman","symbol":"SPT","quantity":"0.162210","price":"0.01399986","timestamp":1632645375,"volume":"0.00227092","buyTxId":"6e070c7ae23733a78c6c8c433e62591e77d34b7d","sellTxId":"ea51b8b0451bb6e94c024ebfb826743ee255b72c"}
{"index": {"_index":"spt","_id":"1587565"}}
	{"id":1587565,"type":"sell","buyer":"pi-trader","seller":"butherfly87","symbol":"SPT","quantity":"1096.579769","price":"0.01250018","timestamp":1632645756,"volume":"13.70744450","buyTxId":"428fbef6f637a0fb3a18889c85f86377224b0fbe-5","sellTxId":"e70c4502ce7fb68875daef7b0b9171ba82840cd8"}
{"index": {"_index":"spt","_id":"1587600"}}
	{"id":1587600,"type":"buy","buyer":"samarek69","seller":"laundrywoman","symbol":"SPT","quantity":"8.053100","price":"0.01399988","timestamp":1632646224,"volume":"0.11274243","buyTxId":"7d8efad8127ff13692d3e188f3c60eaa1e0ada4b","sellTxId":"911fe78815452fda84e22a6e9ff0b58c28ad12ed"}
{"index": {"_index":"spt","_id":"1587617"}}
	{"id":1587617,"type":"buy","buyer":"skuuun","seller":"laundrywoman","symbol":"SPT","quantity":"20.590000","price":"0.01399984","timestamp":1632646476,"volume":"0.28825671","buyTxId":"7766d144a0c5359992f7e24ea66b416d95ebbd41","sellTxId":"14c61a02ebaf6e8e014d532127b1e0015b331d51"}
{"index": {"_index":"spt","_id":"1587678"}}
	{"id":1587678,"type":"buy","buyer":"samarek69","seller":"laundrywoman","symbol":"SPT","quantity":"6.258300","price":"0.01399984","timestamp":1632647712,"volume":"0.08761520","buyTxId":"4bae8acf94b316a9cbee77ffe4bd39d55af41376","sellTxId":"9009560fd1c52fdf91601bd2691c7d0caf7ca0ef"}
{"index": {"_index":"spt","_id":"1587726"}}
	{"id":1587726,"type":"buy","buyer":"lemeonna","seller":"laundrywoman","symbol":"SPT","quantity":"962.000000","price":"0.01397993","timestamp":1632648627,"volume":"13.44869266","buyTxId":"e99005f8a2205dd46c89c89ec12adb3ad113cc6e","sellTxId":"421cde1a43e0dcf3a975782613ba80fd3c07ed8f"}
{"index": {"_index":"spt","_id":"1587774"}}
	{"id":1587774,"type":"buy","buyer":"lemeonna","seller":"mango-juice","symbol":"SPT","quantity":"410.000000","price":"0.01398000","timestamp":1632649911,"volume":"5.73180000","buyTxId":"bf57a6aef9e8ec69d22b8b2c547d2d165bdc9ccc","sellTxId":"cf61918e7db4233afbfbb2d55fdd135061e282af"}
{"index": {"_index":"spt","_id":"1587785"}}
	{"id":1587785,"type":"buy","buyer":"condeas","seller":"mango-juice","symbol":"SPT","quantity":"300.000000","price":"0.01398000","timestamp":1632650427,"volume":"4.19400000","buyTxId":"eceb0ef65a3f1a5622c28eaaee89aead9d527573","sellTxId":"cf61918e7db4233afbfbb2d55fdd135061e282af"}
{"index": {"_index":"spt","_id":"1587801"}}
	{"id":1587801,"type":"sell","buyer":"pi-trader","seller":"berlissanoja","symbol":"SPT","quantity":"0.030081","price":"0.01302005","timestamp":1632650973,"volume":"0.00039166","buyTxId":"30ed737bf5e6ad39ab67c288f7b06d8943d0ab0a-9","sellTxId":"2bff0aafffd090d5bd5f7d1ae3f952b46aaaf31c"}
{"index": {"_index":"spt","_id":"1587804"}}
	{"id":1587804,"type":"buy","buyer":"condeas","seller":"mango-juice","symbol":"SPT","quantity":"147.676731","price":"0.01398000","timestamp":1632651102,"volume":"2.06452070","buyTxId":"33dc2eccd8e2916270e72093b0e21bbb15c5c6f7","sellTxId":"cf61918e7db4233afbfbb2d55fdd135061e282af"}
{"index": {"_index":"spt","_id":"1587928"}}
	{"id":1587928,"type":"buy","buyer":"evernoticethat","seller":"anadolu","symbol":"SPT","quantity":"87.010000","price":"0.01399000","timestamp":1632653709,"volume":"1.21726990","buyTxId":"a9a61b26bfd02ffc0a4aa4969c256b6bff21bc9f","sellTxId":"MM-P-10773501-57758155-3-9-1"}
{"index": {"_index":"spt","_id":"1587975"}}
	{"id":1587975,"type":"buy","buyer":"ahmetay","seller":"anadolu","symbol":"SPT","quantity":"1912.990000","price":"0.01399000","timestamp":1632655128,"volume":"26.76273010","buyTxId":"78ffc9073995ae4a679814ef6c09aa7b20de8eba","sellTxId":"MM-P-10773501-57758155-3-9-1"}
{"index": {"_index":"spt","_id":"1588058"}}
	{"id":1588058,"type":"sell","buyer":"condeas","seller":"resiliencia","symbol":"SPT","quantity":"52.323269","price":"0.01398000","timestamp":1632656574,"volume":"0.73147930","buyTxId":"33dc2eccd8e2916270e72093b0e21bbb15c5c6f7","sellTxId":"fbc16ae53c2d4eaf9ea2921a28bff7376082622b"}
{"index": {"_index":"spt","_id":"1588220"}}
	{"id":1588220,"type":"sell","buyer":"pi-trader","seller":"eforucom","symbol":"SPT","quantity":"27.371860","price":"0.01328039","timestamp":1632658911,"volume":"0.36350898","buyTxId":"b4e4cd95ce07437e49ea34cd5ddd6ad1fed8716a-7","sellTxId":"b29b7cda790beca9ae8d124d97768df419141832"}
{"index": {"_index":"spt","_id":"1588280"}}
	{"id":1588280,"type":"sell","buyer":"pi-trader","seller":"moeenali","symbol":"SPT","quantity":"335.272892","price":"0.01332002","timestamp":1632659691,"volume":"4.46584163","buyTxId":"236889e1629321455bf93fed9e0a373fff0153b5-7","sellTxId":"390bddfa5a099d606ee1f11a023cd9ed253dd466"}
{"index": {"_index":"spt","_id":"1588288"}}
	{"id":1588288,"type":"sell","buyer":"pi-trader","seller":"decepticons","symbol":"SPT","quantity":"334.476229","price":"0.01333007","timestamp":1632659922,"volume":"4.45859155","buyTxId":"e7b77b5bd98810da86dc85c28d178896946e957e-5","sellTxId":"daeab08668bf59adf80762e585b8f15fdb026a87"}
{"index": {"_index":"spt","_id":"1588321"}}
	{"id":1588321,"type":"sell","buyer":"pi-trader","seller":"dhedge-drips","symbol":"SPT","quantity":"0.044193","price":"0.01334014","timestamp":1632660369,"volume":"0.00058954","buyTxId":"fda0d0ad053dcd6f6d66e30c33007bf3c0cb462e-5","sellTxId":"bfee2ee6b4083316ae5866efb3cd7750eed563ae"}
{"index": {"_index":"spt","_id":"1588479"}}
	{"id":1588479,"type":"sell","buyer":"pi-trader","seller":"rubiroy","symbol":"SPT","quantity":"118.287131","price":"0.01340038","timestamp":1632662217,"volume":"1.58509250","buyTxId":"0de637df75de3e9ad1e8f4f8f08538492576ef82-1","sellTxId":"bda85d9ec877f64d66cd6a6cdead042dd329c7c5"}
{"index": {"_index":"spt","_id":"1588500"}}
	{"id":1588500,"type":"sell","buyer":"pi-trader","seller":"spt-curate","symbol":"SPT","quantity":"410.138256","price":"0.01341040","timestamp":1632662556,"volume":"5.50011807","buyTxId":"8c8ae5fe2a80cce3d9c3ae026c1969cebdc6b1d8-7","sellTxId":"59f56d2f681dce128a6a037ac0cb9e64d8adea57"}
{"index": {"_index":"spt","_id":"1588554"}}
	{"id":1588554,"type":"sell","buyer":"pi-trader","seller":"muelli","symbol":"SPT","quantity":"1400.000000","price":"0.01344053","timestamp":1632663342,"volume":"18.81674200","buyTxId":"6088067ef4f82fd527285ebdd543d37a177dbf22-1","sellTxId":"c16ac6d35e8ccc815d5edb9e511fa51a82f6310c"}
{"index": {"_index":"spt","_id":"1588572"}}
	{"id":1588572,"type":"buy","buyer":"nyxlabs","seller":"dhedge-drips","symbol":"SPT","quantity":"0.044193","price":"0.01395000","timestamp":1632663807,"volume":"0.00061649","buyTxId":"25c47375a7e692411b593688bd754a79b7b781fa","sellTxId":"13ce1ded0b1cc2b0328ae3be3b74f11c617ca3ec"}
{"index": {"_index":"spt","_id":"1588573"}}
	{"id":1588573,"type":"buy","buyer":"nyxlabs","seller":"anadolu","symbol":"SPT","quantity":"349.955807","price":"0.01395000","timestamp":1632663807,"volume":"4.88188351","buyTxId":"25c47375a7e692411b593688bd754a79b7b781fa","sellTxId":"MM-P-10777782-57762440-3-9-1"}
{"index": {"_index":"spt","_id":"1588587"}}
	{"id":1588587,"type":"sell","buyer":"anadolu","seller":"jhonasanagon","symbol":"SPT","quantity":"269.000000","price":"0.01347071","timestamp":1632664086,"volume":"3.62362099","buyTxId":"MM-P-10777882-57762540-3-9-0","sellTxId":"2367e8d3fd2f83aa3629d0bb62da5b5771cd7b1d"}
{"index": {"_index":"spt","_id":"1588592"}}
	{"id":1588592,"type":"sell","buyer":"granddaddies","seller":"aritski","symbol":"SPT","quantity":"33.718974","price":"0.01347077","timestamp":1632664332,"volume":"0.45422054","buyTxId":"3b14b14180981de34e3e7a8d42420e5399ae13d4","sellTxId":"69e9edf11bfe8468bac41dd4c0afad7567070358"}
{"index": {"_index":"spt","_id":"1588667"}}
	{"id":1588667,"type":"sell","buyer":"pi-trader","seller":"lifeskills-tv","symbol":"SPT","quantity":"97.983394","price":"0.01352093","timestamp":1632665667,"volume":"1.32482661","buyTxId":"aa33a77e07099a74de84a9c3236a0cfc6b9402e1-9","sellTxId":"8c30ea9002413d36eacc8fb1a08f3f22b809e23e"}
{"index": {"_index":"spt","_id":"1588804"}}
	{"id":1588804,"type":"sell","buyer":"pi-trader","seller":"chekohler","symbol":"SPT","quantity":"1.620775","price":"0.01358113","timestamp":1632667668,"volume":"0.02201196","buyTxId":"3fedb7488fb6f7a430c8a3ac89c57bdb358c06cf-7","sellTxId":"f0e792ce1ef5ef076d9b2d1f014a7243eb642d59"}
{"index": {"_index":"spt","_id":"1588817"}}
	{"id":1588817,"type":"buy","buyer":"snitzelbun","seller":"anadolu","symbol":"SPT","quantity":"1650.000000","price":"0.01395000","timestamp":1632667821,"volume":"23.01750000","buyTxId":"5f7e347a4fb3da55fc52d57725db29be9f87398d","sellTxId":"MM-P-10777782-57762440-3-9-1"}
{"index": {"_index":"spt","_id":"1588934"}}
	{"id":1588934,"type":"buy","buyer":"captainquack22","seller":"axrho","symbol":"SPT","quantity":"5.566201","price":"0.01380000","timestamp":1632669390,"volume":"0.07681357","buyTxId":"23ef3a282fea0c2ec14f72d5f647d19da60faa8e","sellTxId":"569ee7a9ec517d2c953ce059928594f5df5b14c2"}
{"index": {"_index":"spt","_id":"1588935"}}
	{"id":1588935,"type":"buy","buyer":"captainquack22","seller":"anadolu","symbol":"SPT","quantity":"0.044193","price":"0.01395000","timestamp":1632669390,"volume":"0.00061649","buyTxId":"23ef3a282fea0c2ec14f72d5f647d19da60faa8e","sellTxId":"MM-P-10777782-57762440-3-9-1"}
{"index": {"_index":"spt","_id":"1588936"}}
	{"id":1588936,"type":"buy","buyer":"captainquack22","seller":"koreaminer","symbol":"SPT","quantity":"1541.000000","price":"0.01396000","timestamp":1632669390,"volume":"21.51236000","buyTxId":"23ef3a282fea0c2ec14f72d5f647d19da60faa8e","sellTxId":"92e6c6a94ab3ed01bbab2cd7dec89f95f3d87c2f"}
{"index": {"_index":"spt","_id":"1588937"}}
	{"id":1588937,"type":"buy","buyer":"captainquack22","seller":"resiliencia","symbol":"SPT","quantity":"9.741586","price":"0.01398000","timestamp":1632669390,"volume":"0.13618737","buyTxId":"23ef3a282fea0c2ec14f72d5f647d19da60faa8e","sellTxId":"fbc16ae53c2d4eaf9ea2921a28bff7376082622b"}
{"index": {"_index":"spt","_id":"1588938"}}
	{"id":1588938,"type":"buy","buyer":"captainquack22","seller":"brofi-market","symbol":"SPT","quantity":"0.471397","price":"0.01399990","timestamp":1632669390,"volume":"0.00659951","buyTxId":"23ef3a282fea0c2ec14f72d5f647d19da60faa8e","sellTxId":"f057e3148bb3583ed4bc5e626161ca848142477c"}
{"index": {"_index":"spt","_id":"1588939"}}
	{"id":1588939,"type":"buy","buyer":"captainquack22","seller":"elemarg25","symbol":"SPT","quantity":"371.495575","price":"0.01399990","timestamp":1632669390,"volume":"5.20090090","buyTxId":"23ef3a282fea0c2ec14f72d5f647d19da60faa8e","sellTxId":"638a66cfb5ab04b0902e2c78631d4af3cd49538e"}
{"index": {"_index":"spt","_id":"1588940"}}
	{"id":1588940,"type":"buy","buyer":"captainquack22","seller":"master-lamps","symbol":"SPT","quantity":"27.556000","price":"0.01399993","timestamp":1632669390,"volume":"0.38578207","buyTxId":"23ef3a282fea0c2ec14f72d5f647d19da60faa8e","sellTxId":"d3a419a16a32727202658cd23493877e907e3935"}
{"index": {"_index":"spt","_id":"1588941"}}
	{"id":1588941,"type":"buy","buyer":"captainquack22","seller":"dhedge-drips","symbol":"SPT","quantity":"0.094898","price":"0.01399993","timestamp":1632669390,"volume":"0.00132857","buyTxId":"23ef3a282fea0c2ec14f72d5f647d19da60faa8e","sellTxId":"4861f10a6f3ab122b33aeef292b1afd42d81ecaa"}
{"index": {"_index":"spt","_id":"1588942"}}
	{"id":1588942,"type":"buy","buyer":"captainquack22","seller":"brofi-market","symbol":"SPT","quantity":"1.012256","price":"0.01449997","timestamp":1632669390,"volume":"0.01467768","buyTxId":"23ef3a282fea0c2ec14f72d5f647d19da60faa8e","sellTxId":"dbc38d7d6d37cc138a949c32f66a52b8fa6ad2d0"}
{"index": {"_index":"spt","_id":"1588943"}}
	{"id":1588943,"type":"buy","buyer":"captainquack22","seller":"xabi","symbol":"SPT","quantity":"264.815134","price":"0.01450035","timestamp":1632669390,"volume":"3.83991213","buyTxId":"23ef3a282fea0c2ec14f72d5f647d19da60faa8e","sellTxId":"6ca4e9ef6a0d430dc500696f7f0db6cbb583a009"}
{"index": {"_index":"spt","_id":"1588944"}}
	{"id":1588944,"type":"buy","buyer":"captainquack22","seller":"solovey6o2","symbol":"SPT","quantity":"1263.415940","price":"0.01489994","timestamp":1632669390,"volume":"18.82482171","buyTxId":"23ef3a282fea0c2ec14f72d5f647d19da60faa8e","sellTxId":"6a819738195aaf0b490ffe587d96d00c72e6afcd"}
{"index": {"_index":"spt","_id":"1589138"}}
	{"id":1589138,"type":"buy","buyer":"najlive","seller":"anadolu","symbol":"SPT","quantity":"0.071950","price":"0.01487000","timestamp":1632672672,"volume":"0.00106990","buyTxId":"db6bd91a904bb0702f2289b6903dc7a0f979c00d","sellTxId":"MM-P-10780473-57765134-3-9-1"}
{"index": {"_index":"spt","_id":"1589247"}}
	{"id":1589247,"type":"buy","buyer":"catomoon","seller":"anadolu","symbol":"SPT","quantity":"21.348360","price":"0.01487000","timestamp":1632673398,"volume":"0.31745011","buyTxId":"e8c47872845becbfda204a8a3df8042344e9f80d","sellTxId":"MM-P-10780473-57765134-3-9-1"}
{"index": {"_index":"spt","_id":"1589305"}}
	{"id":1589305,"type":"sell","buyer":"solovey6o2","seller":"jakkal","symbol":"SPT","quantity":"1187.314294","price":"0.01389187","timestamp":1632673791,"volume":"16.49401582","buyTxId":"ff4bdfdd99467f271d710f7cab225dc44cede53d","sellTxId":"426b126e0dfcd385c4e5e81136097f2ec04b2021"}
{"index": {"_index":"spt","_id":"1589316"}}
	{"id":1589316,"type":"buy","buyer":"flipflopcrypto","seller":"solovey6o2","symbol":"SPT","quantity":"564.897282","price":"0.01486996","timestamp":1632673896,"volume":"8.4","buyTxId":"622772303dc021c556faedf36e47dd3b4c14a62c","sellTxId":"31f16d5dc307206466a186d422602c5e832082b5"}
{"index": {"_index":"spt","_id":"1589445"}}
	{"id":1589445,"type":"sell","buyer":"pi-trader","seller":"splinteremzland","symbol":"SPT","quantity":"384.169288","price":"0.01393198","timestamp":1632674904,"volume":"5.35223884","buyTxId":"8d4418f3a021ca9f3e7002fb4cff2b5ff5ee84f4-9","sellTxId":"9ce16ba21ac61956ce1114c8d6d9fcb0a873dba7"}
{"index": {"_index":"spt","_id":"1589464"}}
	{"id":1589464,"type":"sell","buyer":"anadolu","seller":"jjb777","symbol":"SPT","quantity":"119.851000","price":"0.01394198","timestamp":1632675177,"volume":"1.67096024","buyTxId":"MM-P-10781571-57766233-3-9-0","sellTxId":"674e97bb8b65e16568504143ae490530ee3179cb"}
{"index": {"_index":"spt","_id":"1589482"}}
	{"id":1589482,"type":"sell","buyer":"pi-trader","seller":"oivas","symbol":"SPT","quantity":"4000.000000","price":"0.01394199","timestamp":1632675303,"volume":"55.76796000","buyTxId":"1f5771ddcd69211a79574eeebd9d2e8f34b8269f-9","sellTxId":"48b00d91d49f8e46bc991cf5fd65f72264c23968"}
{"index": {"_index":"spt","_id":"1589483"}}
	{"id":1589483,"type":"sell","buyer":"granddaddies","seller":"oivas","symbol":"SPT","quantity":"6418.843765","price":"0.01394199","timestamp":1632675303,"volume":"89.49145558","buyTxId":"928a86b9af99e95afebe50064b7a0963d8b9e641","sellTxId":"48b00d91d49f8e46bc991cf5fd65f72264c23968"}
{"index": {"_index":"spt","_id":"1589516"}}
	{"id":1589516,"type":"sell","buyer":"pi-trader","seller":"khazrakh","symbol":"SPT","quantity":"778.840000","price":"0.01395204","timestamp":1632675585,"volume":"10.86640683","buyTxId":"a0e11d286af2567cf3a614a80b8aea2e6f88e92e-11","sellTxId":"7a03550af0ca0df33d7a57ad69c5a38cab15afe9"}
{"index": {"_index":"spt","_id":"1589680"}}
	{"id":1589680,"type":"buy","buyer":"jongolson","seller":"solovey6o2","symbol":"SPT","quantity":"1000.000000","price":"0.01479961","timestamp":1632677718,"volume":"14.79961000","buyTxId":"80fe5cc69dc8e16a89cc2b2ea81c71bd7be3d70e","sellTxId":"732b203afaeb8d8f270b1e47f1c560e4cd6a7a94"}
{"index": {"_index":"spt","_id":"1589687"}}
	{"id":1589687,"type":"sell","buyer":"pi-trader","seller":"flipflopcrypto","symbol":"SPT","quantity":"565.007537","price":"0.01402215","timestamp":1632677748,"volume":"7.92262043","buyTxId":"0d864f7ad129ee89f16c58dfbfcfe65a76e10761-7","sellTxId":"711ef3d92cf1b356aac482e2418ac491a2fd6b57"}
{"index": {"_index":"spt","_id":"1589775"}}
	{"id":1589775,"type":"sell","buyer":"pi-trader","seller":"mercurial9","symbol":"SPT","quantity":"184.051094","price":"0.01406224","timestamp":1632678960,"volume":"2.58817066","buyTxId":"7099b562f5189cbf9588194d4aa5805cc991a429-7","sellTxId":"1affae1ce9947a4a9b1f8fd9fc88b859e1c15911"}
{"index": {"_index":"spt","_id":"1589864"}}
	{"id":1589864,"type":"sell","buyer":"pi-trader","seller":"dynamicgreentk","symbol":"SPT","quantity":"876.673869","price":"0.01410231","timestamp":1632680100,"volume":"12.36312667","buyTxId":"12a6df924bc98508b26f12e24d779299d629dea1-3","sellTxId":"8481325b83ea1c274cf1e1f875be7c833b56438a"}
{"index": {"_index":"spt","_id":"1590034"}}
	{"id":1590034,"type":"sell","buyer":"pi-trader","seller":"costanza","symbol":"SPT","quantity":"4000.000000","price":"0.01415248","timestamp":1632681756,"volume":"56.60992000","buyTxId":"7df51ab0e0565b8119e3fae33d58634082be9abb-3","sellTxId":"019d1c1a4dc214a4880d809420be5ad1942afaac"}
{"index": {"_index":"spt","_id":"1590035"}}
	{"id":1590035,"type":"sell","buyer":"granddaddies","seller":"costanza","symbol":"SPT","quantity":"75.617615","price":"0.01415248","timestamp":1632681756,"volume":"1.07017678","buyTxId":"935a4a1d3cb7495ef375b2ec0289dda85266e8cd","sellTxId":"019d1c1a4dc214a4880d809420be5ad1942afaac"}
{"index": {"_index":"spt","_id":"1590088"}}
	{"id":1590088,"type":"sell","buyer":"pi-trader","seller":"btcsam","symbol":"SPT","quantity":"2126.383912","price":"0.01417251","timestamp":1632682197,"volume":"30.13619726","buyTxId":"6cdc60b6379bc73b461f9dca86aab1335582f327-3","sellTxId":"bc4ee1937529b182c63a81ad597e61fb7c82b9f9"}
{"index": {"_index":"spt","_id":"1590167"}}
	{"id":1590167,"type":"sell","buyer":"anadolu","seller":"bitcoinflood","symbol":"SPT","quantity":"189.588272","price":"0.01420262","timestamp":1632683214,"volume":"2.69265018","buyTxId":"MM-P-10784164-57768827-3-9-0","sellTxId":"3d56888b287aacb4571a51c9a09aced39d50ca46"}
{"index": {"_index":"spt","_id":"1590232"}}
	{"id":1590232,"type":"sell","buyer":"pi-trader","seller":"bitcoinflood","symbol":"SPT","quantity":"0.263300","price":"0.01424278","timestamp":1632684387,"volume":"0.00375012","buyTxId":"d48fd089ebf39bb2e64c6279b31d5a3be0167145-7","sellTxId":"a58bad3838065ef5d6a1db000efbbc5262dc0b4d"}
{"index": {"_index":"spt","_id":"1590280"}}
	{"id":1590280,"type":"sell","buyer":"granddaddies","seller":"cflclosers","symbol":"SPT","quantity":"40.551292","price":"0.01383166","timestamp":1632685068,"volume":"0.56089168","buyTxId":"b5f2b2ddbc8ed3ab35ac2732436d3d385919f311","sellTxId":"eeaf5c60a431a77796904a0fd31a08c702261ac7"}
{"index": {"_index":"spt","_id":"1590285"}}
	{"id":1590285,"type":"sell","buyer":"pi-trader","seller":"satren","symbol":"SPT","quantity":"25.340841","price":"0.01384167","timestamp":1632685131,"volume":"0.35075956","buyTxId":"16a5a30532995aaac5795abe6c1eead3c2a5c888-7","sellTxId":"bd7f68940392464851af7383d72ab335a639f294"}
{"index": {"_index":"spt","_id":"1590348"}}
	{"id":1590348,"type":"sell","buyer":"anadolu","seller":"chekohler","symbol":"SPT","quantity":"0.059841","price":"0.01388177","timestamp":1632686277,"volume":"0.00083070","buyTxId":"MM-P-10785259-57769922-3-9-0","sellTxId":"ab3a5e949c04ae64b027817287c101165fcc3d97"}
{"index": {"_index":"spt","_id":"1590399"}}
	{"id":1590399,"type":"sell","buyer":"pi-trader","seller":"geom","symbol":"SPT","quantity":"4.227636","price":"0.01391181","timestamp":1632687360,"volume":"0.05881407","buyTxId":"f1489c8c816a2d98506abec28ac4dcd38a0b5183-7","sellTxId":"538652ef17c0b65460ab0ad6cf4852eec4cd3024"}
{"index": {"_index":"spt","_id":"1590431"}}
	{"id":1590431,"type":"sell","buyer":"solovey6o2","seller":"belemo","symbol":"SPT","quantity":"686.469831","price":"0.01392186","timestamp":1632687774,"volume":"9.55693688","buyTxId":"4d20131d3ef34703f3b2e2d05c36af4b1311f181","sellTxId":"5b3d7378eb5d7b440d6bc36dda23f8bb85339b8c"}
{"index": {"_index":"spt","_id":"1590459"}}
	{"id":1590459,"type":"buy","buyer":"mad-runner","seller":"solovey6o2","symbol":"SPT","quantity":"87.000000","price":"0.01449999","timestamp":1632688137,"volume":"1.26149913","buyTxId":"f66836a22897434c67e7317040e5e161f91ad773","sellTxId":"8412862e7afa72d0099d9c3f51cae3b5eb1dd0e1"}
{"index": {"_index":"spt","_id":"1590470"}}
	{"id":1590470,"type":"sell","buyer":"pi-trader","seller":"burningelk","symbol":"SPT","quantity":"23.523000","price":"0.01392187","timestamp":1632688263,"volume":"0.32748415","buyTxId":"6efc21c646d28bb5bd6ff455defc56cc7e2b24ac-3","sellTxId":"3d202dbff6a24a867323be68337b69d09ec24188"}
{"index": {"_index":"spt","_id":"1590690"}}
	{"id":1590690,"type":"sell","buyer":"pi-trader","seller":"hive.pizza","symbol":"SPT","quantity":"321.236354","price":"0.01400003","timestamp":1632691884,"volume":"4.49731859","buyTxId":"67bfcc9f28ee9a946d5fe4fa7bf6c74614beae9b-4","sellTxId":"0cb6494061b673de1a74ee032657235ebfa56390"}
{"index": {"_index":"spt","_id":"1590704"}}
	{"id":1590704,"type":"sell","buyer":"pi-trader","seller":"nrg","symbol":"SPT","quantity":"4000.000000","price":"0.01400001","timestamp":1632692052,"volume":"56.00004000","buyTxId":"7e0532d6e30c1d308db39ab46a4e7c5b7d80e904-5","sellTxId":"5d357ac6a5214ef8b54c96cd2a560c091ec4cc15"}
{"index": {"_index":"spt","_id":"1590705"}}
	{"id":1590705,"type":"sell","buyer":"anadolu","seller":"nrg","symbol":"SPT","quantity":"2795.000000","price":"0.01400000","timestamp":1632692052,"volume":"39.13000000","buyTxId":"24f6d74f36e4a140fb7654d1342db9253619492c","sellTxId":"5d357ac6a5214ef8b54c96cd2a560c091ec4cc15"}
{"index": {"_index":"spt","_id":"1590880"}}
	{"id":1590880,"type":"sell","buyer":"pi-trader","seller":"valor2s","symbol":"SPT","quantity":"1.457831","price":"0.01400003","timestamp":1632695592,"volume":"0.02040968","buyTxId":"c93eebac5ea6525d619f71916796c1c85a8aac95-5","sellTxId":"7a7b0c4cc2e58ed01e9ebb8fdcbb53a1773656d8"}
{"index": {"_index":"spt","_id":"1590953"}}
	{"id":1590953,"type":"buy","buyer":"abundance.tribe","seller":"beco132","symbol":"SPT","quantity":"42.633000","price":"0.01443500","timestamp":1632697098,"volume":"0.61540736","buyTxId":"8adefa7fe7bc10de565cbb4c7b38bf9adccfc6a8","sellTxId":"512a688d92a3d9ddee2fb8633cabd82ae089e870"}
{"index": {"_index":"spt","_id":"1590954"}}
	{"id":1590954,"type":"buy","buyer":"abundance.tribe","seller":"mango-juice","symbol":"SPT","quantity":"71.167000","price":"0.01448000","timestamp":1632697098,"volume":"1.03049816","buyTxId":"8adefa7fe7bc10de565cbb4c7b38bf9adccfc6a8","sellTxId":"bac3d2fb2b25a8541e6bce4dcdff673e79f28fba"}
{"index": {"_index":"spt","_id":"1590983"}}
	{"id":1590983,"type":"sell","buyer":"pi-trader","seller":"ray5fan","symbol":"SPT","quantity":"0.373875","price":"0.01400003","timestamp":1632697512,"volume":"0.00523426","buyTxId":"3a45da716d4908409a92cd62badb98461a079b79-3","sellTxId":"ec7aa0c6c6255eaf1793b42857e18fadfa89e3a0"}
{"index": {"_index":"spt","_id":"1591115"}}
	{"id":1591115,"type":"buy","buyer":"nyxlabs","seller":"mango-juice","symbol":"SPT","quantity":"100.000000","price":"0.01448000","timestamp":1632699237,"volume":"1.44800000","buyTxId":"8036223690e461c50ec0fc812cd1d941be4a26af","sellTxId":"bac3d2fb2b25a8541e6bce4dcdff673e79f28fba"}
{"index": {"_index":"spt","_id":"1591131"}}
	{"id":1591131,"type":"sell","buyer":"pi-trader","seller":"plitzkin","symbol":"SPT","quantity":"3762.152089","price":"0.01400013","timestamp":1632699552,"volume":"52.67061833","buyTxId":"d3cf4c177f1d726f0ae7402d94390e8ae7d0a4fe-1","sellTxId":"ea7268a5ceb74c7522b67caf5dc5b7dc3a1dadde"}
{"index": {"_index":"spt","_id":"1591151"}}
	{"id":1591151,"type":"buy","buyer":"nyxlabs","seller":"mango-juice","symbol":"SPT","quantity":"100.000000","price":"0.01448000","timestamp":1632699939,"volume":"1.44800000","buyTxId":"87a4e8c79ea12c83d87b0793a7bd1fdff0dc6b9f","sellTxId":"bac3d2fb2b25a8541e6bce4dcdff673e79f28fba"}
{"index": {"_index":"spt","_id":"1591235"}}
	{"id":1591235,"type":"sell","buyer":"pi-trader","seller":"sm-player","symbol":"SPT","quantity":"278.647926","price":"0.01400049","timestamp":1632701787,"volume":"3.90120750","buyTxId":"8168ac7c7ecb4021a3312ead0daa362ad2683442-3","sellTxId":"3c3ba0e8ebc830eae77dd38aecef15a5dc15f695"}
{"index": {"_index":"spt","_id":"1591247"}}
	{"id":1591247,"type":"sell","buyer":"granddaddies","seller":"cliffagreen","symbol":"SPT","quantity":"1.593005","price":"0.01400051","timestamp":1632701883,"volume":"0.02230288","buyTxId":"9499f4d326ed535addcc7232ebcd027bff46fe9e","sellTxId":"910c21e676fdb7eb90cbd5d35a4336194dbfc95f"}
{"index": {"_index":"spt","_id":"1591279"}}
	{"id":1591279,"type":"sell","buyer":"solovey6o2","seller":"almightymelon","symbol":"SPT","quantity":"18883","price":"0.01400063","timestamp":1632702429,"volume":"264.37389629","buyTxId":"c64ff9ff66ace8f9caf709ccfc8f6d0ef4fe19fa","sellTxId":"63e53c7460c9c75cfb29662b50cefe29e4781b00"}
{"index": {"_index":"spt","_id":"1591292"}}
	{"id":1591292,"type":"sell","buyer":"granddaddies","seller":"nulledgh0st","symbol":"SPT","quantity":"12.873538","price":"0.01400012","timestamp":1632702657,"volume":"0.18023108","buyTxId":"2ffca3eac2bc0c1712c6af89d81b6d1beed71129","sellTxId":"06915f9509e33d370912e975c5c3e7cec93a676f"}
{"index": {"_index":"spt","_id":"1591302"}}
	{"id":1591302,"type":"sell","buyer":"pi-trader","seller":"pablodare","symbol":"SPT","quantity":"123.498943","price":"0.01400017","timestamp":1632702828,"volume":"1.72900620","buyTxId":"2410a32fd29262636cd26d37cccab03b58c4fb07-7","sellTxId":"05a1be162f036e70a9be50cc1827dcb4cf88fb29"}
{"index": {"_index":"spt","_id":"1591306"}}
	{"id":1591306,"type":"sell","buyer":"pi-trader","seller":"jordangerder","symbol":"SPT","quantity":"437.521292","price":"0.01400019","timestamp":1632702924,"volume":"6.12538122","buyTxId":"032ab3262c98178247cd014aff70554a355a3011-3","sellTxId":"9d4dc70b3dadc85933f2900931954b7ad19b95f6"}
{"index": {"_index":"spt","_id":"1591357"}}
	{"id":1591357,"type":"sell","buyer":"pi-trader","seller":"dhedge-drips","symbol":"SPT","quantity":"0.049500","price":"0.01400013","timestamp":1632703581,"volume":"0.00069301","buyTxId":"2eea1c10fb39eca67b5b43243f6dafbb27504816-5","sellTxId":"c05479d12a09aaf8bef1c293ac4f44ef4e1dbc80"}
{"index": {"_index":"spt","_id":"1591395"}}
	{"id":1591395,"type":"sell","buyer":"pi-trader","seller":"huascargarcia","symbol":"SPT","quantity":"260.000000","price":"0.01400015","timestamp":1632704307,"volume":"3.64003900","buyTxId":"433da763a7f791d933c4b798b847b2c15bbfdf08-1","sellTxId":"0fcc0325ca0e78f104973e6d8bfea179cba78ba3"}
{"index": {"_index":"spt","_id":"1591423"}}
	{"id":1591423,"type":"sell","buyer":"pi-trader","seller":"bitcoinflood","symbol":"SPT","quantity":"4.517689","price":"0.01400017","timestamp":1632704634,"volume":"0.06324841","buyTxId":"e00dc272eb9a3b895ac27d6166a426201495134f-2","sellTxId":"2117ceace928c8d146b17c2338a09405cdb91fec"}
{"index": {"_index":"spt","_id":"1591493"}}
	{"id":1591493,"type":"sell","buyer":"lulu-the-fizzgig","seller":"cflclosers","symbol":"SPT","quantity":"5.145877","price":"0.01400010","timestamp":1632705915,"volume":"0.07204279","buyTxId":"af76a3f383638bedd5dfc9ac105ba70ae012cd9e","sellTxId":"48f2dd1e685f959a6dc6da9aa233881ff06daa73"}
{"index": {"_index":"spt","_id":"1591588"}}
	{"id":1591588,"type":"sell","buyer":"pi-trader","seller":"chel-koby","symbol":"SPT","quantity":"1200.000000","price":"0.01400011","timestamp":1632707643,"volume":"16.80013200","buyTxId":"759ba6a9b290b2debd743ddf14dafa159936b972-4","sellTxId":"d968163efb6039bae0dffa6bf5d067e49f749e82"}
{"index": {"_index":"spt","_id":"1591671"}}
	{"id":1591671,"type":"buy","buyer":"newigennity","seller":"dhedge-drips","symbol":"SPT","quantity":"0.049500","price":"0.01447992","timestamp":1632709335,"volume":"0.00071676","buyTxId":"e6a0889c4ceacb6b6cf549ad120a0383b0586511","sellTxId":"71878397673e265f1c0ace645f38ec24f903b6e6"}
{"index": {"_index":"spt","_id":"1591672"}}
	{"id":1591672,"type":"buy","buyer":"newigennity","seller":"mango-juice","symbol":"SPT","quantity":"467.701735","price":"0.01448000","timestamp":1632709335,"volume":"6.77232112","buyTxId":"e6a0889c4ceacb6b6cf549ad120a0383b0586511","sellTxId":"bac3d2fb2b25a8541e6bce4dcdff673e79f28fba"}
{"index": {"_index":"spt","_id":"1591673"}}
	{"id":1591673,"type":"buy","buyer":"newigennity","seller":"solovey6o2","symbol":"SPT","quantity":"34532.248765","price":"0.01449998","timestamp":1632709335,"volume":"500.71691645","buyTxId":"e6a0889c4ceacb6b6cf549ad120a0383b0586511","sellTxId":"9cd5d5ce0d74cfb3eb0518204192e26a55987a06"}
{"index": {"_index":"spt","_id":"1591779"}}
	{"id":1591779,"type":"sell","buyer":"pi-trader","seller":"kiokizz","symbol":"SPT","quantity":"3082.412621","price":"0.01400052","timestamp":1632711198,"volume":"43.15537955","buyTxId":"5811a9eca552841a7c52d29e553b4032d5f72510-3","sellTxId":"148074e4aa140a0d4bd7898e7db80581aaf726e4"}
