{"index": {"_index":"spt","_id":"2794229"}}
	{"id":2794229,"type":"sell","buyer":"caimanx","seller":"dkid14","symbol":"SPT","quantity":"147.784852","price":"0.00260400","timestamp":1645069935,"volume":"0.38483175","buyTxId":"00998ccd70741c08c61a41dc892adcd067e94a89","sellTxId":"787fbb7b05fde930d107eae880d39a6a3e5f1d56"}
{"index": {"_index":"spt","_id":"2794262"}}
	{"id":2794262,"type":"buy","buyer":"rzc24-nftbbg","seller":"laundrywoman","symbol":"SPT","quantity":"1000.000000","price":"0.00318900","timestamp":1645070787,"volume":"3.18900000","buyTxId":"d86e111da60305b6ce1fc3eb3bf0e574033698a3","sellTxId":"3c070022ffbfba987597e2ce7929469985b26f2b"}
{"index": {"_index":"spt","_id":"2794514"}}
	{"id":2794514,"type":"buy","buyer":"spirits4you","seller":"elenkar","symbol":"SPT","quantity":"0.365654","price":"0.00318400","timestamp":1645074345,"volume":"0.00116424","buyTxId":"304d08226a64958af9bb480d6933d627af93a78d","sellTxId":"2e5d5516cbc83d517ae75ae50912c08a2e4801bc"}
{"index": {"_index":"spt","_id":"2794515"}}
	{"id":2794515,"type":"buy","buyer":"spirits4you","seller":"laundrywoman","symbol":"SPT","quantity":"4076.147933","price":"0.00318900","timestamp":1645074345,"volume":"12.99883576","buyTxId":"304d08226a64958af9bb480d6933d627af93a78d","sellTxId":"3c070022ffbfba987597e2ce7929469985b26f2b"}
{"index": {"_index":"spt","_id":"2794747"}}
	{"id":2794747,"type":"sell","buyer":"caimanx","seller":"mercurial9","symbol":"SPT","quantity":"685.866513","price":"0.00260530","timestamp":1645078185,"volume":"1.78688803","buyTxId":"e5176e2b0f1370d130729640302fe63a5cdf6a27","sellTxId":"b32ed33aeec1c5af5c684bec51a028a287f843ee"}
{"index": {"_index":"spt","_id":"2794980"}}
	{"id":2794980,"type":"buy","buyer":"elenkar","seller":"simplegame","symbol":"SPT","quantity":"0.446000","price":"0.00261000","timestamp":1645082070,"volume":"0.00116406","buyTxId":"508804fed98f5543c484988e489ef4ea70deb1c0","sellTxId":"be125dbf7beb6ca474cf7b7bc9c9141a16ba81a1"}
{"index": {"_index":"spt","_id":"2794988"}}
	{"id":2794988,"type":"sell","buyer":"caimanx","seller":"lordtimoty","symbol":"SPT","quantity":"299.133487","price":"0.00260530","timestamp":1645082181,"volume":"0.77933247","buyTxId":"e5176e2b0f1370d130729640302fe63a5cdf6a27","sellTxId":"68e0084317c06e2ff7286dfefde055a16e2322a1"}
{"index": {"_index":"spt","_id":"2794989"}}
	{"id":2794989,"type":"sell","buyer":"multifurcate","seller":"lordtimoty","symbol":"SPT","quantity":"1200.866513","price":"0.00260500","timestamp":1645082181,"volume":"3.12825727","buyTxId":"417dc53ead288bedeb28f6b2fc96b5aa8befdeac","sellTxId":"68e0084317c06e2ff7286dfefde055a16e2322a1"}
{"index": {"_index":"spt","_id":"2795060"}}
	{"id":2795060,"type":"buy","buyer":"evernoticethat","seller":"simplegame","symbol":"SPT","quantity":"1.216709","price":"0.00261000","timestamp":1645083450,"volume":"0.00317561","buyTxId":"8061246e114e84cc796f7ec70a3bcd7b95e52da0","sellTxId":"be125dbf7beb6ca474cf7b7bc9c9141a16ba81a1"}
{"index": {"_index":"spt","_id":"2795061"}}
	{"id":2795061,"type":"buy","buyer":"evernoticethat","seller":"elenkar","symbol":"SPT","quantity":"0.446000","price":"0.00318000","timestamp":1645083450,"volume":"0.00141828","buyTxId":"8061246e114e84cc796f7ec70a3bcd7b95e52da0","sellTxId":"0ac5b6658ea86344baa1076e6cdd017c97c329aa"}
{"index": {"_index":"spt","_id":"2795062"}}
	{"id":2795062,"type":"buy","buyer":"evernoticethat","seller":"caimanx","symbol":"SPT","quantity":"900.000000","price":"0.00318890","timestamp":1645083450,"volume":"2.87001000","buyTxId":"8061246e114e84cc796f7ec70a3bcd7b95e52da0","sellTxId":"b3ad1e77d172523726d39d9251899cbac4a4ddb6"}
{"index": {"_index":"spt","_id":"2795063"}}
	{"id":2795063,"type":"buy","buyer":"evernoticethat","seller":"caimanx","symbol":"SPT","quantity":"98.337291","price":"0.00318890","timestamp":1645083450,"volume":"0.31358779","buyTxId":"8061246e114e84cc796f7ec70a3bcd7b95e52da0","sellTxId":"e4da333a1ded0f9ba2abb58e811cd19c756905cd"}
{"index": {"_index":"spt","_id":"2795201"}}
	{"id":2795201,"type":"sell","buyer":"elenkar","seller":"anderssinho","symbol":"SPT","quantity":"0.183000","price":"0.00262000","timestamp":1645085148,"volume":"0.00047946","buyTxId":"cd59539dcfe5b93c0e62f5ef86c2749814b7d535","sellTxId":"ec88a3bb2d76c1fb1c8aad98af25c75091fc2326"}
{"index": {"_index":"spt","_id":"2795242"}}
	{"id":2795242,"type":"sell","buyer":"elenkar","seller":"brofi-market","symbol":"SPT","quantity":"0.151004","price":"0.00262000","timestamp":1645085391,"volume":"0.00039563","buyTxId":"cd59539dcfe5b93c0e62f5ef86c2749814b7d535","sellTxId":"313ecd76604a525424ff654a8a1175887f3a4da8"}
{"index": {"_index":"spt","_id":"2795252"}}
	{"id":2795252,"type":"sell","buyer":"elenkar","seller":"mightyrocklee","symbol":"SPT","quantity":"0.205996","price":"0.00262000","timestamp":1645085514,"volume":"0.00053971","buyTxId":"cd59539dcfe5b93c0e62f5ef86c2749814b7d535","sellTxId":"bb058c9d8dc5cf8e555eb7cbebbc5f4c444acc4e"}
{"index": {"_index":"spt","_id":"2795256"}}
	{"id":2795256,"type":"sell","buyer":"multifurcate","seller":"mightyrocklee","symbol":"SPT","quantity":"613.410091","price":"0.00260500","timestamp":1645085643,"volume":"1.59793329","buyTxId":"417dc53ead288bedeb28f6b2fc96b5aa8befdeac","sellTxId":"f9e0836fbe662630d5db5e7aefb3f453d1d75055"}
{"index": {"_index":"spt","_id":"2795261"}}
	{"id":2795261,"type":"sell","buyer":"multifurcate","seller":"cynano","symbol":"SPT","quantity":"48.620175","price":"0.00260500","timestamp":1645085757,"volume":"0.12665556","buyTxId":"417dc53ead288bedeb28f6b2fc96b5aa8befdeac","sellTxId":"cea938523458e417a5d16ef708911c346309eb66"}
{"index": {"_index":"spt","_id":"2795385"}}
	{"id":2795385,"type":"buy","buyer":"nata86","seller":"elenkar","symbol":"SPT","quantity":"0.540000","price":"0.00318000","timestamp":1645087896,"volume":"0.00171720","buyTxId":"d63f0a98d9ebcc16a578f84c40a986fdf226b364","sellTxId":"fd3c0f2eecb016d1c77b0081cd6ec2b019fad4c5"}
{"index": {"_index":"spt","_id":"2795588"}}
	{"id":2795588,"type":"buy","buyer":"adrianus","seller":"vancouverpics","symbol":"SPT","quantity":"5.000303","price":"0.00318880","timestamp":1645091259,"volume":"0.01594497","buyTxId":"750fa99ee3357e7e428423225d86ff9623591ffc","sellTxId":"c3ac7a30a93d49c92bd0b36b7628a29968252915"}
{"index": {"_index":"spt","_id":"2795593"}}
	{"id":2795593,"type":"sell","buyer":"adrianus","seller":"fullcoverbetting","symbol":"SPT","quantity":"2.121131","price":"0.00318880","timestamp":1645091316,"volume":"0.00676386","buyTxId":"750fa99ee3357e7e428423225d86ff9623591ffc","sellTxId":"9cd1f0e853f9c7f52809cc5e918ac0a491dfc54d"}
{"index": {"_index":"spt","_id":"2795721"}}
	{"id":2795721,"type":"sell","buyer":"nata86","seller":"underlock","symbol":"SPT","quantity":"249.460000","price":"0.00318000","timestamp":1645093890,"volume":"0.79328280","buyTxId":"d63f0a98d9ebcc16a578f84c40a986fdf226b364","sellTxId":"7a29482a53a820fff3ec427bceac48cc266fae0e"}
{"index": {"_index":"spt","_id":"2796064"}}
	{"id":2796064,"type":"sell","buyer":"multifurcate","seller":"cryptocopy","symbol":"SPT","quantity":"500.000000","price":"0.00269300","timestamp":1645098705,"volume":"1.34650000","buyTxId":"8dccc5f68f88b49cf4779c3af47f207ec23019d2","sellTxId":"f718c390c51d6b33ea5683e7fd10b2f705dd0ca8"}
{"index": {"_index":"spt","_id":"2796107"}}
	{"id":2796107,"type":"sell","buyer":"multifurcate","seller":"thales7","symbol":"SPT","quantity":"271.174386","price":"0.00271500","timestamp":1645099488,"volume":"0.73623846","buyTxId":"6618e5f8f2cb1b22b2f0728a9f58af6b9b10ad83","sellTxId":"1b0230aec32ab6531340f6def3c64e56e4aa4340"}
{"index": {"_index":"spt","_id":"2796140"}}
	{"id":2796140,"type":"sell","buyer":"multifurcate","seller":"andy4475","symbol":"SPT","quantity":"5.294369","price":"0.00273700","timestamp":1645099863,"volume":"0.01449069","buyTxId":"15dd71d661072ec06c23adf5f1ac094448cc5120","sellTxId":"2a7f5c4bcd03f6b06398e2c9b1efa89a6725642c"}
{"index": {"_index":"spt","_id":"2796298"}}
	{"id":2796298,"type":"sell","buyer":"elenkar","seller":"dhedge-drips","symbol":"SPT","quantity":"0.014156","price":"0.00262000","timestamp":1645101990,"volume":"0.00003709","buyTxId":"487bd518f063b343449a46b39650e03089e2dd04","sellTxId":"f89c81c1c7ea8430427b17a4b11c730690ee80db"}
{"index": {"_index":"spt","_id":"2796720"}}
	{"id":2796720,"type":"sell","buyer":"beetrader","seller":"sabujdip","symbol":"SPT","quantity":"219.789472","price":"0.00280000","timestamp":1645109133,"volume":"0.61541052","buyTxId":"MM-P-14911976-61899429-3-3-0","sellTxId":"d489455f04b3b765b6f639d121d8e3d027b1fa89"}
{"index": {"_index":"spt","_id":"2796797"}}
	{"id":2796797,"type":"sell","buyer":"beetrader","seller":"andy4475","symbol":"SPT","quantity":"12.433000","price":"0.00280000","timestamp":1645110021,"volume":"0.03481240","buyTxId":"MM-P-14911976-61899429-3-3-0","sellTxId":"ae5f82a289cf21814b9d9c6a499eb7a4251b7608"}
{"index": {"_index":"spt","_id":"2796880"}}
	{"id":2796880,"type":"sell","buyer":"beetrader","seller":"dsc-r2cornell","symbol":"SPT","quantity":"32.388459","price":"0.00280000","timestamp":1645111650,"volume":"0.09068769","buyTxId":"MM-P-14911976-61899429-3-3-0","sellTxId":"834b0afc7ebe9cafebc79ab662df3c455ee828c1"}
{"index": {"_index":"spt","_id":"2796945"}}
	{"id":2796945,"type":"sell","buyer":"beetrader","seller":"eijibr","symbol":"SPT","quantity":"1521.103355","price":"0.00280000","timestamp":1645112328,"volume":"4.25908939","buyTxId":"MM-P-14911976-61899429-3-3-0","sellTxId":"c8541fbd01afe42c2cd0cf11c4f3ea9535a6cda2"}
{"index": {"_index":"spt","_id":"2796981"}}
	{"id":2796981,"type":"sell","buyer":"multifurcate","seller":"hotsauceislethal","symbol":"SPT","quantity":"8.434375","price":"0.00273100","timestamp":1645112673,"volume":"0.02303428","buyTxId":"6de3b8f3b638f479cf6c3b240cde597366aaf6e5","sellTxId":"41ed78bfc7aea148db97d4a4c494dda8ef536b73"}
{"index": {"_index":"spt","_id":"2797100"}}
	{"id":2797100,"type":"sell","buyer":"multifurcate","seller":"jaopalas","symbol":"SPT","quantity":"74.044846","price":"0.00276400","timestamp":1645113501,"volume":"0.20465995","buyTxId":"6d7dd2ba34f1f5c1d42ec3bc64ea814d2fb805dc","sellTxId":"a55149d5997c2813c1a81f23d1bc4f8fcc19df3c"}
{"index": {"_index":"spt","_id":"2797205"}}
	{"id":2797205,"type":"sell","buyer":"multifurcate","seller":"svetlanaaa","symbol":"SPT","quantity":"0.462706","price":"0.00278600","timestamp":1645114479,"volume":"0.00128910","buyTxId":"9588867fec2789240074b385398543952eaaa8c0","sellTxId":"108739a93b4a8f79e1d9c11d894e68872b0d9a6e"}
{"index": {"_index":"spt","_id":"2797221"}}
	{"id":2797221,"type":"sell","buyer":"beetrader","seller":"sp3ktraline","symbol":"SPT","quantity":"5.539501","price":"0.00279600","timestamp":1645114683,"volume":"0.01548844","buyTxId":"MM-P-14914368-61901824-3-3-0","sellTxId":"e4a625e82b6223db9c29f5d0310ae9daba4cf919"}
{"index": {"_index":"spt","_id":"2797288"}}
	{"id":2797288,"type":"sell","buyer":"beetrader","seller":"underlock","symbol":"SPT","quantity":"1693.866137","price":"0.00279600","timestamp":1645115388,"volume":"4.73604972","buyTxId":"MM-P-14914368-61901824-3-3-0","sellTxId":"0cd5e9592cffc8cba838a5f15062746445661932"}
{"index": {"_index":"spt","_id":"2797296"}}
	{"id":2797296,"type":"buy","buyer":"pjansen","seller":"eijibr","symbol":"SPT","quantity":"395.176422","price":"0.00280000","timestamp":1645115424,"volume":"1.10649398","buyTxId":"12ad2be6f2fb9fd0f02020a0f2dc4097c9b38219","sellTxId":"c8541fbd01afe42c2cd0cf11c4f3ea9535a6cda2"}
{"index": {"_index":"spt","_id":"2797513"}}
	{"id":2797513,"type":"buy","buyer":"captainquack22","seller":"beetrader","symbol":"SPT","quantity":"219.789472","price":"0.00316000","timestamp":1645117194,"volume":"0.69453473","buyTxId":"b6d88b04381026b88b57e6338671bc3b16a1db13","sellTxId":"MM-P-14912672-61900126-3-3-0"}
{"index": {"_index":"spt","_id":"2797514"}}
	{"id":2797514,"type":"buy","buyer":"captainquack22","seller":"kitsuki","symbol":"SPT","quantity":"200.000000","price":"0.00317000","timestamp":1645117194,"volume":"0.63400000","buyTxId":"b6d88b04381026b88b57e6338671bc3b16a1db13","sellTxId":"f4326415424d726bb896fc71e0977a29abcccd2b"}
{"index": {"_index":"spt","_id":"2797515"}}
	{"id":2797515,"type":"buy","buyer":"captainquack22","seller":"laundrywoman","symbol":"SPT","quantity":"13.702796","price":"0.00317200","timestamp":1645117194,"volume":"0.04346527","buyTxId":"b6d88b04381026b88b57e6338671bc3b16a1db13","sellTxId":"a4b2acb8016e25a0aa515a98dd531d39a95b490b"}
{"index": {"_index":"spt","_id":"2797575"}}
	{"id":2797575,"type":"buy","buyer":"adrianus","seller":"laundrywoman","symbol":"SPT","quantity":"9.725733","price":"0.00315000","timestamp":1645117692,"volume":"0.03063606","buyTxId":"a1c69d762790f3f295bc8fe996e8135a3b2262a7","sellTxId":"77b1cd9ce17497cf80ee6cc75ad4d9a47788ad69"}
{"index": {"_index":"spt","_id":"2798208"}}
	{"id":2798208,"type":"sell","buyer":"beetrader","seller":"dhedge-drips","symbol":"SPT","quantity":"0.024520","price":"0.00279600","timestamp":1645123563,"volume":"0.00006856","buyTxId":"MM-P-14914368-61901824-3-3-0","sellTxId":"629b709ecbf70cbc192dc38084b26bd98808a1dd"}
{"index": {"_index":"spt","_id":"2798243"}}
	{"id":2798243,"type":"buy","buyer":"jongolson","seller":"beetrader","symbol":"SPT","quantity":"1000.000000","price":"0.00294700","timestamp":1645123896,"volume":"2.94700000","buyTxId":"47fc8cd5552aafe05a34b1e89634aeac0c427a02","sellTxId":"MM-P-14917460-61904919-3-3-0"}
{"index": {"_index":"spt","_id":"2798486"}}
	{"id":2798486,"type":"sell","buyer":"beetrader","seller":"balbaabart","symbol":"SPT","quantity":"88.838798","price":"0.00279600","timestamp":1645127370,"volume":"0.24839328","buyTxId":"MM-P-14914368-61901824-3-3-0","sellTxId":"831134b8e5d50da023c2046f63e3859249c998fe"}
{"index": {"_index":"spt","_id":"2798585"}}
	{"id":2798585,"type":"sell","buyer":"multifurcate","seller":"flemingfarm","symbol":"SPT","quantity":"6.779363","price":"0.00276400","timestamp":1645128489,"volume":"0.01873816","buyTxId":"8281f9d853f7361c9675e3bd25f1877caabb9fa8","sellTxId":"a46d591e7e863d71693466da958842588d7289d6"}
{"index": {"_index":"spt","_id":"2798598"}}
	{"id":2798598,"type":"sell","buyer":"beetrader","seller":"brofi-market","symbol":"SPT","quantity":"0.275429","price":"0.00277400","timestamp":1645128606,"volume":"0.00076404","buyTxId":"MM-P-14919056-61906516-3-3-0","sellTxId":"0a0f6fbec24db9de728282cc14abee365bf97fc5"}
{"index": {"_index":"spt","_id":"2798660"}}
	{"id":2798660,"type":"buy","buyer":"beetrader","seller":"balbaabart","symbol":"SPT","quantity":"491.161202","price":"0.00279600","timestamp":1645129203,"volume":"1.37328672","buyTxId":"MM-P-14919255-61906715-3-3-0","sellTxId":"831134b8e5d50da023c2046f63e3859249c998fe"}
{"index": {"_index":"spt","_id":"2798661"}}
	{"id":2798661,"type":"buy","buyer":"beetrader","seller":"brofi-market","symbol":"SPT","quantity":"0.275429","price":"0.00279600","timestamp":1645129203,"volume":"0.00077010","buyTxId":"MM-P-14919255-61906715-3-3-0","sellTxId":"87fb34ce2e67d1905519b0dae7594149ad99a517"}
{"index": {"_index":"spt","_id":"2798793"}}
	{"id":2798793,"type":"sell","buyer":"beetrader","seller":"forexbrokr","symbol":"SPT","quantity":"6.845584","price":"0.00280000","timestamp":1645131060,"volume":"0.01916764","buyTxId":"MM-P-14919355-61906815-3-3-0","sellTxId":"5dc9386e10610d630a635cd07a7e8c951ad284a9"}
{"index": {"_index":"spt","_id":"2798919"}}
	{"id":2798919,"type":"sell","buyer":"kitsuki","seller":"lazybug","symbol":"SPT","quantity":"500.000000","price":"0.00272000","timestamp":1645132464,"volume":"1.36000000","buyTxId":"d165ac0743760de1c46fddc515e266c799e979af","sellTxId":"3a469d00e06b1db2676dabd9fed5f15e01ae16e4"}
{"index": {"_index":"spt","_id":"2798920"}}
	{"id":2798920,"type":"sell","buyer":"caimanx","seller":"lazybug","symbol":"SPT","quantity":"995.000000","price":"0.00263800","timestamp":1645132464,"volume":"2.62481000","buyTxId":"b7449e9130e48dc3e351b36596bf17c283af8af6","sellTxId":"3a469d00e06b1db2676dabd9fed5f15e01ae16e4"}
{"index": {"_index":"spt","_id":"2798921"}}
	{"id":2798921,"type":"sell","buyer":"multifurcate","seller":"lazybug","symbol":"SPT","quantity":"2066.382231","price":"0.00260200","timestamp":1645132464,"volume":"5.37672657","buyTxId":"17b6c6e61e3553d0d3a342056a7234621383d527","sellTxId":"3a469d00e06b1db2676dabd9fed5f15e01ae16e4"}
{"index": {"_index":"spt","_id":"2798930"}}
	{"id":2798930,"type":"sell","buyer":"multifurcate","seller":"skrep","symbol":"SPT","quantity":"14.738902","price":"0.00260200","timestamp":1645132530,"volume":"0.03835062","buyTxId":"17b6c6e61e3553d0d3a342056a7234621383d527","sellTxId":"22ca011dfae4b032f3e912c56ca10b68dcc96ebc"}
{"index": {"_index":"spt","_id":"2798956"}}
	{"id":2798956,"type":"sell","buyer":"multifurcate","seller":"gotgame","symbol":"SPT","quantity":"8.407676","price":"0.00260200","timestamp":1645132857,"volume":"0.02187677","buyTxId":"17b6c6e61e3553d0d3a342056a7234621383d527","sellTxId":"9f9581f39de0cf0ad7307935257ee41c7f3d277f"}
{"index": {"_index":"spt","_id":"2799069"}}
	{"id":2799069,"type":"sell","buyer":"multifurcate","seller":"ackza","symbol":"SPT","quantity":"17.671795","price":"0.00260200","timestamp":1645133868,"volume":"0.04598201","buyTxId":"17b6c6e61e3553d0d3a342056a7234621383d527","sellTxId":"fd5dc6fd0eb3bf40013ffc70b4f4dcd13d8c11db"}
{"index": {"_index":"spt","_id":"2799225"}}
	{"id":2799225,"type":"sell","buyer":"multifurcate","seller":"apoloo1","symbol":"SPT","quantity":"51.826315","price":"0.00260200","timestamp":1645135818,"volume":"0.13485207","buyTxId":"17b6c6e61e3553d0d3a342056a7234621383d527","sellTxId":"6f9abf6aa742543b5db9a356017826bfc6682dc3"}
{"index": {"_index":"spt","_id":"2799439"}}
	{"id":2799439,"type":"sell","buyer":"multifurcate","seller":"he-index","symbol":"SPT","quantity":"0.031000","price":"0.00260200","timestamp":1645138878,"volume":"0.00008066","buyTxId":"17b6c6e61e3553d0d3a342056a7234621383d527","sellTxId":"08ff05fb0ed9471e4e863bcf820b1076efb4c0cd"}
{"index": {"_index":"spt","_id":"2799617"}}
	{"id":2799617,"type":"sell","buyer":"multifurcate","seller":"scoutroc","symbol":"SPT","quantity":"18.8378","price":"0.00260200","timestamp":1645141773,"volume":"0.04901596","buyTxId":"17b6c6e61e3553d0d3a342056a7234621383d527","sellTxId":"0ee332a11658f33410b9dc33320036cc133e9765"}
{"index": {"_index":"spt","_id":"2799648"}}
	{"id":2799648,"type":"buy","buyer":"pynutbater","seller":"dhedge-drips","symbol":"SPT","quantity":"0.024520","price":"0.00295700","timestamp":1645142073,"volume":"0.00007251","buyTxId":"6b81e67e996867da14c40399394bb378f7bc5926","sellTxId":"d41bb4efed061e98bdcf2d3da86d093f613ea8de"}
{"index": {"_index":"spt","_id":"2799649"}}
	{"id":2799649,"type":"buy","buyer":"pynutbater","seller":"saachi","symbol":"SPT","quantity":"140.000000","price":"0.00300000","timestamp":1645142073,"volume":"0.42000000","buyTxId":"6b81e67e996867da14c40399394bb378f7bc5926","sellTxId":"3b5370717c95e9ae5d33e4a94bbc6a2d8f7c4203"}
{"index": {"_index":"spt","_id":"2799651"}}
	{"id":2799651,"type":"buy","buyer":"pynutbater","seller":"kitsuki","symbol":"SPT","quantity":"504.000000","price":"0.00309000","timestamp":1645142100,"volume":"1.55736000","buyTxId":"d4ad1f56f86ae06998768bf0c85d9537ad729440","sellTxId":"e6c18ff36332243000d52667d0a111ad3b10ed48"}
{"index": {"_index":"spt","_id":"2799687"}}
	{"id":2799687,"type":"buy","buyer":"pynutbater","seller":"laundrywoman","symbol":"SPT","quantity":"2520.000000","price":"0.00309900","timestamp":1645142358,"volume":"7.80948000","buyTxId":"b0f04900cb47e68ac0ff41b0f8188053b4fb5846","sellTxId":"714cf53548dad85c32c82823c4da73a965c22409"}
{"index": {"_index":"spt","_id":"2799777"}}
	{"id":2799777,"type":"sell","buyer":"pynutbater","seller":"brofi-market","symbol":"SPT","quantity":"3.749560","price":"0.00300000","timestamp":1645143267,"volume":"0.01124868","buyTxId":"6b81e67e996867da14c40399394bb378f7bc5926","sellTxId":"4e25c15b3808c7a7263edbd046c6e08c37e28f96"}
{"index": {"_index":"spt","_id":"2799849"}}
	{"id":2799849,"type":"sell","buyer":"pynutbater","seller":"chireerocks","symbol":"SPT","quantity":"6.225920","price":"0.00300000","timestamp":1645144119,"volume":"0.01867776","buyTxId":"6b81e67e996867da14c40399394bb378f7bc5926","sellTxId":"154a9c8a3116a5ad3f10cc7a7cf4ff472913dad1"}
{"index": {"_index":"spt","_id":"2799851"}}
	{"id":2799851,"type":"sell","buyer":"forsakensushi","seller":"chireerocks","symbol":"SPT","quantity":"117.997911","price":"0.00265000","timestamp":1645144209,"volume":"0.31269446","buyTxId":"26f0b4aacf1db2f7afe2ead93034398b9594493c","sellTxId":"66b3f92151460ac4d98f1e24b3871ecd56679553"}
{"index": {"_index":"spt","_id":"2799949"}}
	{"id":2799949,"type":"sell","buyer":"forsakensushi","seller":"dhedge-drips","symbol":"SPT","quantity":"0.003978","price":"0.00267000","timestamp":1645145166,"volume":"0.00001062","buyTxId":"d61e98f2ab09d460ca7d6cc7c2a8139c57cb8e40","sellTxId":"e118b7a9ff4ad8a51c787512955428bf199c805d"}
{"index": {"_index":"spt","_id":"2800062"}}
	{"id":2800062,"type":"sell","buyer":"kitsuki","seller":"knightsunited","symbol":"SPT","quantity":"191.572554","price":"0.00269000","timestamp":1645146216,"volume":"0.51533017","buyTxId":"11b129aed2d46aafee852a0995fbe88e76d1be04","sellTxId":"0582752518d1710827a425a0b5f92277d198bc92"}
{"index": {"_index":"spt","_id":"2800064"}}
	{"id":2800064,"type":"sell","buyer":"kitsuki","seller":"libertygame27","symbol":"SPT","quantity":"608.427446","price":"0.00269000","timestamp":1645146276,"volume":"1.63666983","buyTxId":"11b129aed2d46aafee852a0995fbe88e76d1be04","sellTxId":"50e54aa8d86e52eeb767bf7537d563a9178c816e"}
{"index": {"_index":"spt","_id":"2800079"}}
	{"id":2800079,"type":"sell","buyer":"forsakensushi","seller":"libertygame27","symbol":"SPT","quantity":"700.000000","price":"0.00268000","timestamp":1645146363,"volume":"1.87600000","buyTxId":"00306e7ed1684f7f06fc8306afa28dc75fecfb58","sellTxId":"ee612257f38cd007293735aa65b4adf823324332"}
{"index": {"_index":"spt","_id":"2800177"}}
	{"id":2800177,"type":"sell","buyer":"forsakensushi","seller":"durlan","symbol":"SPT","quantity":"699.996022","price":"0.00267000","timestamp":1645147905,"volume":"1.86898938","buyTxId":"d61e98f2ab09d460ca7d6cc7c2a8139c57cb8e40","sellTxId":"573f8f637e1d28337f4dc60ef8f5ba10d7668bcb"}
{"index": {"_index":"spt","_id":"2800243"}}
	{"id":2800243,"type":"buy","buyer":"kitsuki","seller":"durlan","symbol":"SPT","quantity":"1111.000000","price":"0.00267000","timestamp":1645148940,"volume":"2.96637000","buyTxId":"13e6e67a07157ae7ebee3ec9918ffd006bb0af96","sellTxId":"573f8f637e1d28337f4dc60ef8f5ba10d7668bcb"}
{"index": {"_index":"spt","_id":"2800269"}}
	{"id":2800269,"type":"sell","buyer":"forsakensushi","seller":"guillonte","symbol":"SPT","quantity":"682.310000","price":"0.00266000","timestamp":1645149450,"volume":"1.81494460","buyTxId":"36a21df98d96c03242f0d6b150ee4a7fd9aaef77","sellTxId":"10b467a766a63398563e31b604f5be0d5c0b7822"}
{"index": {"_index":"spt","_id":"2800547"}}
	{"id":2800547,"type":"buy","buyer":"forsakensushi","seller":"durlan","symbol":"SPT","quantity":"253.183199","price":"0.00267000","timestamp":1645153470,"volume":"0.67599914","buyTxId":"946ee8f3871e403b4d3e23b98d993a86184bcd4f","sellTxId":"573f8f637e1d28337f4dc60ef8f5ba10d7668bcb"}
{"index": {"_index":"spt","_id":"2800550"}}
	{"id":2800550,"type":"buy","buyer":"forsakensushi","seller":"libertygame27","symbol":"SPT","quantity":"4300.000000","price":"0.00268000","timestamp":1645153506,"volume":"11.52400000","buyTxId":"05eba735255db35e7d4caa1dccc74ab3b218f76f","sellTxId":"ee612257f38cd007293735aa65b4adf823324332"}
{"index": {"_index":"spt","_id":"2800560"}}
	{"id":2800560,"type":"sell","buyer":"forsakensushi","seller":"epicur0","symbol":"SPT","quantity":"700.000000","price":"0.00271000","timestamp":1645153704,"volume":"1.89700000","buyTxId":"f4286a6da338fe58634fd0a1850cb4c499b314a5","sellTxId":"f461591e8bb4c913be78b57d7a4b10ab929c82cb"}
{"index": {"_index":"spt","_id":"2800562"}}
	{"id":2800562,"type":"sell","buyer":"forsakensushi","seller":"epicur0","symbol":"SPT","quantity":"700.000000","price":"0.00270000","timestamp":1645153734,"volume":"1.89000000","buyTxId":"5f92fa774b70b38ac4edb1e3aaea3c7a449f51cd","sellTxId":"d057fc5677caf3fccd33f63bc32e1cda84cad336"}
{"index": {"_index":"spt","_id":"2800569"}}
	{"id":2800569,"type":"sell","buyer":"forsakensushi","seller":"epicur0","symbol":"SPT","quantity":"531.939578","price":"0.00269000","timestamp":1645153791,"volume":"1.43091746","buyTxId":"7759cd4ad4f20a66404cde871db5b05d07a03010","sellTxId":"d947072cc99d809504222e403b0bfea8f3e07b1a"}
