{"index": {"_index":"spt","_id":"1967907"}}
	{"id":1967907,"type":"sell","buyer":"pi-trader","seller":"brofi-market","symbol":"SPT","quantity":"0.400553","price":"0.00955023","timestamp":1636776711,"volume":"0.00382537","buyTxId":"886dbaec7ed9f5498ebe9d4c361cbc79f9eb58e7-3","sellTxId":"f1435e7ef4fc087f8267ef90761ec5fea6eb57c2"}
{"index": {"_index":"spt","_id":"1968302"}}
	{"id":1968302,"type":"buy","buyer":"jungrez","seller":"forexbrokr","symbol":"SPT","quantity":"79.687577","price":"0.01000000","timestamp":1636782048,"volume":"0.79687577","buyTxId":"ad9337aeb687a101bb934b08449eb14d8bd534ab","sellTxId":"4827e3c6d6097a211b71eb71bb62079f993e33ee"}
{"index": {"_index":"spt","_id":"1968303"}}
	{"id":1968303,"type":"buy","buyer":"jungrez","seller":"brofi-market","symbol":"SPT","quantity":"0.400553","price":"0.01000000","timestamp":1636782048,"volume":"0.00400553","buyTxId":"ad9337aeb687a101bb934b08449eb14d8bd534ab","sellTxId":"66a35d37aa5f7e4e1dcb29ae5368943a2a24ca3c"}
{"index": {"_index":"spt","_id":"1968304"}}
	{"id":1968304,"type":"buy","buyer":"jungrez","seller":"laundrywoman","symbol":"SPT","quantity":"183.148547","price":"0.01029830","timestamp":1636782048,"volume":"1.88611869","buyTxId":"ad9337aeb687a101bb934b08449eb14d8bd534ab","sellTxId":"932f3948949bea3033123277e7c8f768e5a6a65a"}
{"index": {"_index":"spt","_id":"1968334"}}
	{"id":1968334,"type":"sell","buyer":"pi-trader","seller":"mawit07","symbol":"SPT","quantity":"709.316544","price":"0.00960010","timestamp":1636782405,"volume":"6.80950975","buyTxId":"f134b145f0ba2714c3ffb1b83e58adb6a7c5a7b6-1","sellTxId":"9834f530113d6404ed752ca0f3a431889e552c21"}
{"index": {"_index":"spt","_id":"1968427"}}
	{"id":1968427,"type":"buy","buyer":"yablonsky","seller":"laundrywoman","symbol":"SPT","quantity":"1000.000000","price":"0.01029830","timestamp":1636783455,"volume":"10.29830000","buyTxId":"f039e2f09536763a44516166f593c6429c242a28","sellTxId":"932f3948949bea3033123277e7c8f768e5a6a65a"}
{"index": {"_index":"spt","_id":"1968583"}}
	{"id":1968583,"type":"sell","buyer":"pi-trader","seller":"mercurial9","symbol":"SPT","quantity":"239.277000","price":"0.00960932","timestamp":1636784748,"volume":"2.29928926","buyTxId":"f469bd1a6c83571837927e36ba3f7fd9827d7ab0-1","sellTxId":"8b38737c345d5288097f08e63feee7c7af42a49e"}
{"index": {"_index":"spt","_id":"1968658"}}
	{"id":1968658,"type":"sell","buyer":"pi-trader","seller":"mightyrocklee","symbol":"SPT","quantity":"980.823185","price":"0.00961003","timestamp":1636785504,"volume":"9.42574023","buyTxId":"26292975b4503c7d06a8a253d9d23b489cd7de60-1","sellTxId":"a977f4318387d3c87f6440dfcfd943c9dfcd20d6"}
{"index": {"_index":"spt","_id":"1968699"}}
	{"id":1968699,"type":"sell","buyer":"pi-trader","seller":"dhedge-drips","symbol":"SPT","quantity":"0.037550","price":"0.00961001","timestamp":1636785939,"volume":"0.00036086","buyTxId":"8fcfa400afda8b577c1ca7f6c069a9bfe5c98933-2","sellTxId":"c63351bb83f4d2808d94f176275c49f261f5bba0"}
{"index": {"_index":"spt","_id":"1968915"}}
	{"id":1968915,"type":"sell","buyer":"pi-trader","seller":"riponr","symbol":"SPT","quantity":"676.575676","price":"0.00962003","timestamp":1636787928,"volume":"6.50867830","buyTxId":"093ab3fabd25f396055bc8ea3d0ed765f8162b56-1","sellTxId":"0435a35c48e11b7b0f888abbef60c5919e22228c"}
{"index": {"_index":"spt","_id":"1968960"}}
	{"id":1968960,"type":"sell","buyer":"pi-trader","seller":"dlmmqb","symbol":"SPT","quantity":"896","price":"0.00962001","timestamp":1636788423,"volume":"8.61952896","buyTxId":"2d50f6e8b31fc8e7cfefc52ec420954a1d999512-2","sellTxId":"daa409e0e8a67d1f4aa1df9850627ddcaa3e3104"}
{"index": {"_index":"spt","_id":"1968992"}}
	{"id":1968992,"type":"sell","buyer":"pi-trader","seller":"atanvardo","symbol":"SPT","quantity":"0.113691","price":"0.00962009","timestamp":1636788696,"volume":"0.00109372","buyTxId":"95faf50312f384c8e790ce817f0e5f08883dc8c8-5","sellTxId":"effd762a2ba9ba8ea87bce22a2b15ee6ee75feef"}
{"index": {"_index":"spt","_id":"1969068"}}
	{"id":1969068,"type":"sell","buyer":"pi-trader","seller":"chekohler","symbol":"SPT","quantity":"1.691390","price":"0.00962311","timestamp":1636789419,"volume":"0.01627643","buyTxId":"a7f35b384bfee4bb9cc74839b048a28428dce442-1","sellTxId":"21bae1757d33f3ee2df6cf679ffdb5032ffd90b5"}
{"index": {"_index":"spt","_id":"1969086"}}
	{"id":1969086,"type":"sell","buyer":"pi-trader","seller":"dswap","symbol":"SPT","quantity":"100","price":"0.00962314","timestamp":1636789557,"volume":"0.96231400","buyTxId":"1f608e484f33ba0c333146df0c11af1c6332b44d-1","sellTxId":"403b8591595bd8a52124ac6122055066dcf8b77b"}
{"index": {"_index":"spt","_id":"1969273"}}
	{"id":1969273,"type":"sell","buyer":"pi-trader","seller":"brofi-market","symbol":"SPT","quantity":"2.755264","price":"0.00962311","timestamp":1636791003,"volume":"0.02651421","buyTxId":"3308d89c7a953d094f7308c0fbcea71e23bcc6ce-7","sellTxId":"bd346a3f0119d8cadbb68e88e232e1b9349eab75"}
{"index": {"_index":"spt","_id":"1969335"}}
	{"id":1969335,"type":"sell","buyer":"granddaddies","seller":"mistakili","symbol":"SPT","quantity":"1000.000000","price":"0.00962322","timestamp":1636791633,"volume":"9.62322000","buyTxId":"45764c50c4c11832cd591346ce59672b05c21453","sellTxId":"87248cd8bf57e6fd7c4061a59b2971f7151e39ce"}
{"index": {"_index":"spt","_id":"1969400"}}
	{"id":1969400,"type":"buy","buyer":"emibemi","seller":"sansey","symbol":"SPT","quantity":"6500.000000","price":"0.01000000","timestamp":1636792200,"volume":"65.00000000","buyTxId":"1fd899e4ec93717d2dc55d40c11c932344f2bf2e","sellTxId":"437bb276e3ec8d21fd0cb832b59d30152fc3e5b3"}
{"index": {"_index":"spt","_id":"1969970"}}
	{"id":1969970,"type":"sell","buyer":"pi-trader","seller":"jozef230gamer","symbol":"SPT","quantity":"278.151385","price":"0.00962317","timestamp":1636798197,"volume":"2.67669806","buyTxId":"4f98e23ab49333c9c04b25279c82fb70be717a7f-1","sellTxId":"01a7cce60c93b3d3092d65a9e5d43689af994705"}
{"index": {"_index":"spt","_id":"1969993"}}
	{"id":1969993,"type":"sell","buyer":"pi-trader","seller":"fedesox","symbol":"SPT","quantity":"552.529000","price":"0.00962323","timestamp":1636798467,"volume":"5.31711365","buyTxId":"7a8683419da7937dc90eb1ea11c31c6872a7197d-3","sellTxId":"81af6a33d9bd1d3815a4f574f98dc376635c8e16"}
{"index": {"_index":"spt","_id":"1970029"}}
	{"id":1970029,"type":"sell","buyer":"pi-trader","seller":"chekohler","symbol":"SPT","quantity":"0.182718","price":"0.00962311","timestamp":1636798698,"volume":"0.00175832","buyTxId":"de357c4c70c74ad0cf9628dcbbafe7807a1a974d-1","sellTxId":"dd9638e1fbb641075f54dfe73bb73d843ccc4725"}
{"index": {"_index":"spt","_id":"1970156"}}
	{"id":1970156,"type":"buy","buyer":"investinthefutur","seller":"laundrywoman","symbol":"SPT","quantity":"300.000000","price":"0.00999999","timestamp":1636800060,"volume":"2.99999700","buyTxId":"e30de7b7730f07eb6edcc84457cd0b6e11f21c8d","sellTxId":"02f48a7f5483e8ecee609b4d5cc476c2ea427a7b"}
{"index": {"_index":"spt","_id":"1970216"}}
	{"id":1970216,"type":"sell","buyer":"pi-trader","seller":"tanguero","symbol":"SPT","quantity":"800.000000","price":"0.00962400","timestamp":1636800663,"volume":"7.69920000","buyTxId":"6fbbaf426d7785acad3d1fd85e84e9e67aad5486-1","sellTxId":"21092ab4f1a4f9b953aa9f7dc96bdecb7e643fd0"}
{"index": {"_index":"spt","_id":"1970223"}}
	{"id":1970223,"type":"sell","buyer":"pi-trader","seller":"sketchygamerguy","symbol":"SPT","quantity":"28.115951","price":"0.00962400","timestamp":1636800747,"volume":"0.27058791","buyTxId":"228828495d9fc828632430d7018af687a4cfb3f7-2","sellTxId":"9ad1d7636804ae79c5728235fa6a06607b66d156"}
{"index": {"_index":"spt","_id":"1970337"}}
	{"id":1970337,"type":"buy","buyer":"tanguero","seller":"sansey","symbol":"SPT","quantity":"990.056944","price":"0.01000000","timestamp":1636801755,"volume":"9.90056944","buyTxId":"aa6e336a1cf0e43a692358e08a5cc594a3a33d63","sellTxId":"437bb276e3ec8d21fd0cb832b59d30152fc3e5b3"}
{"index": {"_index":"spt","_id":"1970413"}}
	{"id":1970413,"type":"sell","buyer":"pi-trader","seller":"cashperdaghost","symbol":"SPT","quantity":"400.000000","price":"0.00962412","timestamp":1636802841,"volume":"3.84964800","buyTxId":"e830f3c63d4167aeef89599fee95efdce1a4028d-1","sellTxId":"d33a7e9f0f7382b6dc781a13bea13fad5993f189"}
{"index": {"_index":"spt","_id":"1970535"}}
	{"id":1970535,"type":"buy","buyer":"egistar","seller":"sansey","symbol":"SPT","quantity":"3000.000000","price":"0.01000000","timestamp":1636803846,"volume":"30","buyTxId":"36d8fa7a1a54c149813e7dbc25cd21d82cf66b6b","sellTxId":"437bb276e3ec8d21fd0cb832b59d30152fc3e5b3"}
{"index": {"_index":"spt","_id":"1970582"}}
	{"id":1970582,"type":"buy","buyer":"dswap","seller":"sansey","symbol":"SPT","quantity":"25.025066","price":"0.01000000","timestamp":1636804065,"volume":"0.25025066","buyTxId":"6343f85793183ac4f3199bd661b27ec03fe016ee","sellTxId":"437bb276e3ec8d21fd0cb832b59d30152fc3e5b3"}
{"index": {"_index":"spt","_id":"1970666"}}
	{"id":1970666,"type":"buy","buyer":"dswap","seller":"sansey","symbol":"SPT","quantity":"13.164180","price":"0.01000000","timestamp":1636804794,"volume":"0.13164180","buyTxId":"fe85b62cae7034d1918b996b1bae4dc9464219ac","sellTxId":"437bb276e3ec8d21fd0cb832b59d30152fc3e5b3"}
{"index": {"_index":"spt","_id":"1970675"}}
	{"id":1970675,"type":"buy","buyer":"dswap","seller":"sansey","symbol":"SPT","quantity":"0.322285","price":"0.01000000","timestamp":1636804911,"volume":"0.00322285","buyTxId":"33f12cae7e4c8d209643f3d10e6fad300fd3638d","sellTxId":"437bb276e3ec8d21fd0cb832b59d30152fc3e5b3"}
{"index": {"_index":"spt","_id":"1970770"}}
	{"id":1970770,"type":"sell","buyer":"pi-trader","seller":"brofi-market","symbol":"SPT","quantity":"0.262780","price":"0.00962410","timestamp":1636805946,"volume":"0.00252902","buyTxId":"0c9df19fabfb8f7d9ce02dfee5591624f5070663-1","sellTxId":"e9a3fb7340c122601de36cb7b68c37995429a14b"}
{"index": {"_index":"spt","_id":"1970938"}}
	{"id":1970938,"type":"sell","buyer":"pi-trader","seller":"steem82868","symbol":"SPT","quantity":"23.366784","price":"0.00963901","timestamp":1636807566,"volume":"0.22523266","buyTxId":"1a66864b51ef9d6edd05cf535c4ab43eb54771ce-1","sellTxId":"9a381e6621a3b24faa0e074f0080e467b48916e4"}
{"index": {"_index":"spt","_id":"1970947"}}
	{"id":1970947,"type":"sell","buyer":"pi-trader","seller":"dhedge-drips","symbol":"SPT","quantity":"0.265069","price":"0.00963902","timestamp":1636807629,"volume":"0.00255501","buyTxId":"ef00c31616ac3463a1ae77d761186c4e7595c225-6","sellTxId":"cf9bc0c66b8dbac320a71ee4c44455eca2450c9a"}
{"index": {"_index":"spt","_id":"1970970"}}
	{"id":1970970,"type":"sell","buyer":"pi-trader","seller":"ajanaku","symbol":"SPT","quantity":"92.000000","price":"0.00962403","timestamp":1636807812,"volume":"0.88541076","buyTxId":"1c280c5a4f4274c2f9917b85447920995b32d5ba-1","sellTxId":"da3be88e66da09363832c23a3f2c6bf4e6a6c27b"}
{"index": {"_index":"spt","_id":"1971040"}}
	{"id":1971040,"type":"sell","buyer":"pi-trader","seller":"angelrey1990","symbol":"SPT","quantity":"190.050609","price":"0.00962403","timestamp":1636808322,"volume":"1.82905276","buyTxId":"f10ac5f1c881b18eedc47e6127e3ffe7d7fd76f5-5","sellTxId":"39419f2b65d23fe371b7a89ec431cd60dcd3e94b"}
{"index": {"_index":"spt","_id":"1971278"}}
	{"id":1971278,"type":"sell","buyer":"pi-trader","seller":"steem82868","symbol":"SPT","quantity":"0.941048","price":"0.00962405","timestamp":1636810482,"volume":"0.00905669","buyTxId":"2c6dbaba90b3f417957e781fa9b0a6be7a06724f-7","sellTxId":"45a78d80b3df1756c02cb87d27fe67061d16d631"}
{"index": {"_index":"spt","_id":"1971357"}}
	{"id":1971357,"type":"sell","buyer":"pi-trader","seller":"andy-plays","symbol":"SPT","quantity":"6.000000","price":"0.00962407","timestamp":1636811115,"volume":"0.05774442","buyTxId":"b9a4d55bacea9708e10e3eccd0bf3f7d18c64716-1","sellTxId":"7722f796234f9e24e647b1675a61235aeb13e7b6"}
{"index": {"_index":"spt","_id":"1971440"}}
	{"id":1971440,"type":"sell","buyer":"pi-trader","seller":"lpx","symbol":"SPT","quantity":"6.118785","price":"0.00962407","timestamp":1636811751,"volume":"0.05888762","buyTxId":"8b51be97e0b89a7aaff2d209ddfcc7d87b85e531-4","sellTxId":"8b67c789c31ed44f30bf59e7ea9e27323dc9fa86"}
{"index": {"_index":"spt","_id":"1971747"}}
	{"id":1971747,"type":"buy","buyer":"samarek69","seller":"sansey","symbol":"SPT","quantity":"0.217448","price":"0.01000000","timestamp":1636814058,"volume":"0.00217448","buyTxId":"c0da44b14992c3a9483a9b44c8074b6bf7b434a0","sellTxId":"437bb276e3ec8d21fd0cb832b59d30152fc3e5b3"}
{"index": {"_index":"spt","_id":"1972239"}}
	{"id":1972239,"type":"buy","buyer":"leosoph","seller":"sansey","symbol":"SPT","quantity":"400.000000","price":"0.01000000","timestamp":1636818240,"volume":"4","buyTxId":"9f23093022ed6756005d804cdaba649a649be82d","sellTxId":"437bb276e3ec8d21fd0cb832b59d30152fc3e5b3"}
{"index": {"_index":"spt","_id":"1972439"}}
	{"id":1972439,"type":"sell","buyer":"granddaddies","seller":"brofi-market","symbol":"SPT","quantity":"0.393156","price":"0.00962402","timestamp":1636819842,"volume":"0.00378374","buyTxId":"7c394706bd7d9076e39ed996bbf932c575954fc2","sellTxId":"0c6f3527febc18cddec1a18c5a86f2df15b23dcc"}
{"index": {"_index":"spt","_id":"1972524"}}
	{"id":1972524,"type":"sell","buyer":"pi-trader","seller":"alriz","symbol":"SPT","quantity":"30.000227","price":"0.00962409","timestamp":1636820148,"volume":"0.28872488","buyTxId":"fe49a632eec846b0fc391e404a001d0165040c89-7","sellTxId":"d56abbb33c8776816711eab1afaa6a17b3913425"}
{"index": {"_index":"spt","_id":"1972565"}}
	{"id":1972565,"type":"buy","buyer":"catomoon","seller":"sansey","symbol":"SPT","quantity":"0.774300","price":"0.01000000","timestamp":1636820304,"volume":"0.00774300","buyTxId":"699a16756ab167c06758999856d5233c8131f368","sellTxId":"437bb276e3ec8d21fd0cb832b59d30152fc3e5b3"}
{"index": {"_index":"spt","_id":"1972713"}}
	{"id":1972713,"type":"buy","buyer":"ahmetay","seller":"sansey","symbol":"SPT","quantity":"5220.150221","price":"0.01000000","timestamp":1636821144,"volume":"52.20150221","buyTxId":"83b032803622f6f28c0ffb72cd0f05c1fa472bde","sellTxId":"437bb276e3ec8d21fd0cb832b59d30152fc3e5b3"}
{"index": {"_index":"spt","_id":"1972714"}}
	{"id":1972714,"type":"buy","buyer":"ahmetay","seller":"dhedge-drips","symbol":"SPT","quantity":"0.037550","price":"0.01000000","timestamp":1636821144,"volume":"0.00037550","buyTxId":"83b032803622f6f28c0ffb72cd0f05c1fa472bde","sellTxId":"8ad4dec41eba5423d8c3a1561dec927111aa407c"}
{"index": {"_index":"spt","_id":"1972715"}}
	{"id":1972715,"type":"buy","buyer":"ahmetay","seller":"brofi-market","symbol":"SPT","quantity":"2.755264","price":"0.01000000","timestamp":1636821144,"volume":"0.02755264","buyTxId":"83b032803622f6f28c0ffb72cd0f05c1fa472bde","sellTxId":"7df253179587f850097966cd289c20b31d891824"}
{"index": {"_index":"spt","_id":"1972716"}}
	{"id":1972716,"type":"buy","buyer":"ahmetay","seller":"brofi-market","symbol":"SPT","quantity":"0.262780","price":"0.01000000","timestamp":1636821144,"volume":"0.00262780","buyTxId":"83b032803622f6f28c0ffb72cd0f05c1fa472bde","sellTxId":"22f4789cd6d9519dbaff750536eaeb0e1da1f32f"}
{"index": {"_index":"spt","_id":"1972717"}}
	{"id":1972717,"type":"buy","buyer":"ahmetay","seller":"dhedge-drips","symbol":"SPT","quantity":"0.265069","price":"0.01000000","timestamp":1636821144,"volume":"0.00265069","buyTxId":"83b032803622f6f28c0ffb72cd0f05c1fa472bde","sellTxId":"f5b31005844974a81a38926c11fd1eff487be5a9"}
{"index": {"_index":"spt","_id":"1972718"}}
	{"id":1972718,"type":"buy","buyer":"ahmetay","seller":"brofi-market","symbol":"SPT","quantity":"0.393156","price":"0.01000000","timestamp":1636821144,"volume":"0.00393156","buyTxId":"83b032803622f6f28c0ffb72cd0f05c1fa472bde","sellTxId":"8ccf3bcbad57117e714e6c33101f3822c37b9c12"}
{"index": {"_index":"spt","_id":"1972915"}}
	{"id":1972915,"type":"buy","buyer":"sweetnjuicy","seller":"bipl","symbol":"SPT","quantity":"55.300000","price":"0.01020000","timestamp":1636822314,"volume":"0.56406000","buyTxId":"246dc7b61d9a3e8cdd92817cee557c5d15912a16","sellTxId":"d86a856ab35e0e0414613e2c1b0d1dcefeaea915"}
{"index": {"_index":"spt","_id":"1972967"}}
	{"id":1972967,"type":"buy","buyer":"sweetnjuicy","seller":"laundrywoman","symbol":"SPT","quantity":"79.700000","price":"0.01029798","timestamp":1636822752,"volume":"0.82074901","buyTxId":"eee36dc23b374e3d862eccb33512651d478c3443","sellTxId":"c221f1c1bfc593d6e881a20db5330a23478f4e1c"}
{"index": {"_index":"spt","_id":"1973189"}}
	{"id":1973189,"type":"buy","buyer":"terganmarket","seller":"laundrywoman","symbol":"SPT","quantity":"1180.000000","price":"0.01029798","timestamp":1636823817,"volume":"12.15161640","buyTxId":"a4dda72ae81f155ae692e53ae1e7aabdcb0dc0eb","sellTxId":"65e063c3a0ac0d3e3a35745b309f84d5368226e9"}
{"index": {"_index":"spt","_id":"1973416"}}
	{"id":1973416,"type":"sell","buyer":"pi-trader","seller":"oakshieldholding","symbol":"SPT","quantity":"1308","price":"0.00962401","timestamp":1636825173,"volume":"12.58820508","buyTxId":"b1fe97395e707567e794ee10442e85fe297bef70-6","sellTxId":"bad4fc7f79d932ad15386a2809753f42f9629ea3"}
{"index": {"_index":"spt","_id":"1973486"}}
	{"id":1973486,"type":"buy","buyer":"dswap","seller":"laundrywoman","symbol":"SPT","quantity":"6850.858129","price":"0.01029798","timestamp":1636825578,"volume":"70.55000000","buyTxId":"76e885beb1ab776c1d4e057e5c6a92cf823a02cf","sellTxId":"65e063c3a0ac0d3e3a35745b309f84d5368226e9"}
{"index": {"_index":"spt","_id":"1973690"}}
	{"id":1973690,"type":"buy","buyer":"he-index","seller":"laundrywoman","symbol":"SPT","quantity":"89.629000","price":"0.01029798","timestamp":1636827141,"volume":"0.92299765","buyTxId":"09fd86a944442f1c49fdee7bce4e0d75f95615f2","sellTxId":"65e063c3a0ac0d3e3a35745b309f84d5368226e9"}
{"index": {"_index":"spt","_id":"1974126"}}
	{"id":1974126,"type":"sell","buyer":"granddaddies","seller":"dudeontheweb","symbol":"SPT","quantity":"24.000000","price":"0.00962414","timestamp":1636830786,"volume":"0.23097936","buyTxId":"30534da46beefc53fa78846a788a3ec5615b36eb","sellTxId":"a48587ec07063396173b622df7387c840c2f0462"}
{"index": {"_index":"spt","_id":"1974432"}}
	{"id":1974432,"type":"sell","buyer":"pi-trader","seller":"hivelander","symbol":"SPT","quantity":"20.727329","price":"0.00962407","timestamp":1636833279,"volume":"0.19948127","buyTxId":"cbc595e0ae09c7eb6f3289391efc7ba5f7ba6553-7","sellTxId":"dc3fd056ddc471cdb862092348e56ee73662b1c4"}
{"index": {"_index":"spt","_id":"1974596"}}
	{"id":1974596,"type":"sell","buyer":"granddaddies","seller":"brofi-market","symbol":"SPT","quantity":"0.774535","price":"0.00962410","timestamp":1636834341,"volume":"0.00745420","buyTxId":"d37b01ad9cb34612fc4a61a0d4a9a7672314a4d1","sellTxId":"e053cd563d83f44bfd6fcc705e35bafffbddf394"}
{"index": {"_index":"spt","_id":"1974628"}}
	{"id":1974628,"type":"sell","buyer":"pi-trader","seller":"kristall97","symbol":"SPT","quantity":"28.315149","price":"0.00962403","timestamp":1636834491,"volume":"0.27250584","buyTxId":"e9cd4585cfc63120b46edd7603b3f32cc640a369-4","sellTxId":"a8d520548ce07203b82a557429af0ece4ca94b83"}
{"index": {"_index":"spt","_id":"1974822"}}
	{"id":1974822,"type":"sell","buyer":"pi-trader","seller":"bitcoinjake09","symbol":"SPT","quantity":"202.528468","price":"0.00962407","timestamp":1636835895,"volume":"1.94914815","buyTxId":"50653d2ce1d761c8c3e9655d87503d6c9e8eba87-1","sellTxId":"a9da03df0086622c30a22c6e0efc0784b565f219"}
{"index": {"_index":"spt","_id":"1974857"}}
	{"id":1974857,"type":"sell","buyer":"granddaddies","seller":"elricmoonslayer","symbol":"SPT","quantity":"1022.996574","price":"0.00965006","timestamp":1636836249,"volume":"9.87197832","buyTxId":"7d932ec739a7726c869addc9d6691496328518ff","sellTxId":"cd981312d99624d847b931f609b28960d2a6e6e0"}
{"index": {"_index":"spt","_id":"1975322"}}
	{"id":1975322,"type":"sell","buyer":"pi-trader","seller":"chekohler","symbol":"SPT","quantity":"1.335824","price":"0.00966001","timestamp":1636838940,"volume":"0.01290407","buyTxId":"fa659d9b44e0ba8cccf6b3d7a7b9853392b9c521-1","sellTxId":"32b4f55809db9ded1f89a924371340be908339f3"}
{"index": {"_index":"spt","_id":"1975342"}}
	{"id":1975342,"type":"buy","buyer":"captainquack22","seller":"myothuzar","symbol":"SPT","quantity":"55.881758","price":"0.01019970","timestamp":1636839192,"volume":"0.56997717","buyTxId":"a4b9d67a6479d8755f3b4c0e0daa3c155bf29fef","sellTxId":"35212e8a3a1772b438e61ce66b649c1215f0f1e1"}
{"index": {"_index":"spt","_id":"1975474"}}
	{"id":1975474,"type":"sell","buyer":"pi-trader","seller":"maxwellnewlife7","symbol":"SPT","quantity":"26.586970","price":"0.00962405","timestamp":1636840200,"volume":"0.25587433","buyTxId":"5ca1513cbb2e12fa7e19d097dee5d1ae4a7c7b06-6","sellTxId":"30ecc08a6fd65563260b303e82dd4bc441c14774"}
{"index": {"_index":"spt","_id":"1975483"}}
	{"id":1975483,"type":"sell","buyer":"pi-trader","seller":"panksero","symbol":"SPT","quantity":"33.689132","price":"0.00962407","timestamp":1636840293,"volume":"0.32422656","buyTxId":"0947a3f0cb1f9e36e213e0b4b01e09a38bc199e0-5","sellTxId":"8a83660d2651b0db1813fa62092f72a3d2d68463"}
{"index": {"_index":"spt","_id":"1975499"}}
	{"id":1975499,"type":"sell","buyer":"pi-trader","seller":"choof","symbol":"SPT","quantity":"154.169950","price":"0.00962409","timestamp":1636840383,"volume":"1.48374547","buyTxId":"ca4ac901c0ee1cc9daa687fbfa45a933ff919c4f-3","sellTxId":"8abdb2ca5c9ab93ff45f99f9bf8d738446f679ee"}
{"index": {"_index":"spt","_id":"1975654"}}
	{"id":1975654,"type":"sell","buyer":"pi-trader","seller":"kakakk","symbol":"SPT","quantity":"1052.007565","price":"0.00962407","timestamp":1636841736,"volume":"10.12459445","buyTxId":"6706454e59d32df0719348c7a312b041136d7c0c-4","sellTxId":"e80ca9bb0658109a450598ebfc0cc9d50a03df6e"}
{"index": {"_index":"spt","_id":"1975829"}}
	{"id":1975829,"type":"buy","buyer":"roger.remix","seller":"abcor","symbol":"SPT","quantity":"564.974035","price":"0.01000000","timestamp":1636843485,"volume":"5.64974035","buyTxId":"addd8e36e1f7e5f6e3f88a965fcf6afcd34d6993","sellTxId":"fbbc80bcf0ba24f76feb262e42696092d5bb7366"}
{"index": {"_index":"spt","_id":"1975830"}}
	{"id":1975830,"type":"buy","buyer":"roger.remix","seller":"laundrywoman","symbol":"SPT","quantity":"3435.025965","price":"0.01009999","timestamp":1636843485,"volume":"34.69372790","buyTxId":"addd8e36e1f7e5f6e3f88a965fcf6afcd34d6993","sellTxId":"42fb23937819c299d7b7f9add3a8748be785004a"}
{"index": {"_index":"spt","_id":"1975872"}}
	{"id":1975872,"type":"sell","buyer":"granddaddies","seller":"chireerocks","symbol":"SPT","quantity":"415.505331","price":"0.00962402","timestamp":1636843965,"volume":"3.99883162","buyTxId":"989eeb0a2d3bad0431939c517086b5abda33bcdd","sellTxId":"64cb9bfd0f4d549f321baddd2f2483d18f92705f"}
{"index": {"_index":"spt","_id":"1975884"}}
	{"id":1975884,"type":"buy","buyer":"samarek69","seller":"laundrywoman","symbol":"SPT","quantity":"690.600000","price":"0.01009999","timestamp":1636844085,"volume":"6.97505309","buyTxId":"dd9b6b57c5ebe646ace09b78be3dcf74cd281013","sellTxId":"42fb23937819c299d7b7f9add3a8748be785004a"}
{"index": {"_index":"spt","_id":"1975888"}}
	{"id":1975888,"type":"sell","buyer":"granddaddies","seller":"sketchygamerguy","symbol":"SPT","quantity":"3.104558","price":"0.00962406","timestamp":1636844127,"volume":"0.02987845","buyTxId":"a0eb65087947828cfd2eb78dcc63fde2a4189272","sellTxId":"ba1a5f16da4cb2a17333bd75484719d15f2fdacc"}
{"index": {"_index":"spt","_id":"1976133"}}
	{"id":1976133,"type":"sell","buyer":"pi-trader","seller":"shaidon","symbol":"SPT","quantity":"1150.000000","price":"0.00962401","timestamp":1636846452,"volume":"11.06761150","buyTxId":"8d386fc5ea7c2aa98f6a1fada3d74c6ec407c721-1","sellTxId":"b155a88cc68c3fbf8032c391b0988ec37ed22f99"}
{"index": {"_index":"spt","_id":"1976145"}}
	{"id":1976145,"type":"buy","buyer":"theclasser1","seller":"laundrywoman","symbol":"SPT","quantity":"1.000000","price":"0.01009999","timestamp":1636846599,"volume":"0.01009999","buyTxId":"44cf1465026ff5b4f435070231b2c76d1d4520cb","sellTxId":"42fb23937819c299d7b7f9add3a8748be785004a"}
{"index": {"_index":"spt","_id":"1976423"}}
	{"id":1976423,"type":"buy","buyer":"bcarolan639","seller":"laundrywoman","symbol":"SPT","quantity":"30000.000000","price":"0.01009999","timestamp":1636848288,"volume":"302.99970000","buyTxId":"6fa2bc18b634e1d133d26082c9dd803248cf5286","sellTxId":"42fb23937819c299d7b7f9add3a8748be785004a"}
{"index": {"_index":"spt","_id":"1976474"}}
	{"id":1976474,"type":"sell","buyer":"pi-trader","seller":"brofi-market","symbol":"SPT","quantity":"2.778772","price":"0.00963001","timestamp":1636848729,"volume":"0.02675960","buyTxId":"5a8510dbf16044ecbe229ecae7d8d299d42c4f10-2","sellTxId":"e853e70bd198debb77bc5661c168a02639950db2"}
{"index": {"_index":"spt","_id":"1976594"}}
	{"id":1976594,"type":"sell","buyer":"pi-trader","seller":"ecobanker","symbol":"SPT","quantity":"1723.000000","price":"0.00963001","timestamp":1636850007,"volume":"16.59250723","buyTxId":"aefa20cf4a7a601d2168e3751d7e400c130cda64-3","sellTxId":"5ceff691fa294983b12a6dbedf73965a3961d732"}
{"index": {"_index":"spt","_id":"1976605"}}
	{"id":1976605,"type":"sell","buyer":"pi-trader","seller":"he-index","symbol":"SPT","quantity":"0.006000","price":"0.00963001","timestamp":1636850166,"volume":"0.00005778","buyTxId":"a01e711550536513f4ef43ed600394033a348765-2","sellTxId":"a7065e1c19b4ef5f34fc5a543de1dd65a3257b3e"}
{"index": {"_index":"spt","_id":"1976652"}}
	{"id":1976652,"type":"sell","buyer":"pi-trader","seller":"dhedge-drips","symbol":"SPT","quantity":"0.072613","price":"0.00963001","timestamp":1636850778,"volume":"0.00069926","buyTxId":"ebae3dd9c2d6efb95c8f4ebad09826ce31bc9f58-3","sellTxId":"a3a4f7211db4f888dd188a0bc2624b60c4f4db15"}
{"index": {"_index":"spt","_id":"1976734"}}
	{"id":1976734,"type":"sell","buyer":"blue.rabbit","seller":"mawit07","symbol":"SPT","quantity":"125.898921","price":"0.00963000","timestamp":1636851438,"volume":"1.21240661","buyTxId":"51cf2c5cd6ccfc2a910960952b7755788f19877a","sellTxId":"5d4e076a755b00e90cd1436dca75f57718b189b2"}
{"index": {"_index":"spt","_id":"1976751"}}
	{"id":1976751,"type":"buy","buyer":"niescy","seller":"laundrywoman","symbol":"SPT","quantity":"15000.000000","price":"0.00999999","timestamp":1636851582,"volume":"149.99985000","buyTxId":"b208ab6565c163313a2c939d346afe15c4e9f324","sellTxId":"e25f9cefa2e122267ad48ee41b22b0511285504d"}
{"index": {"_index":"spt","_id":"1976754"}}
	{"id":1976754,"type":"sell","buyer":"blue.rabbit","seller":"godzombie","symbol":"SPT","quantity":"3.959700","price":"0.00963000","timestamp":1636851597,"volume":"0.03813191","buyTxId":"51cf2c5cd6ccfc2a910960952b7755788f19877a","sellTxId":"e144b62512c6d4ad2c7e835493862bc44f32c1b7"}
{"index": {"_index":"spt","_id":"1976812"}}
	{"id":1976812,"type":"buy","buyer":"jongolson","seller":"laundrywoman","symbol":"SPT","quantity":"1000.000000","price":"0.00999999","timestamp":1636852233,"volume":"9.99999000","buyTxId":"02938e03052b1b9acd424c565ac0dd079636ddd3","sellTxId":"e25f9cefa2e122267ad48ee41b22b0511285504d"}
{"index": {"_index":"spt","_id":"1976839"}}
	{"id":1976839,"type":"buy","buyer":"theclasser1","seller":"laundrywoman","symbol":"SPT","quantity":"1030.346483","price":"0.00999999","timestamp":1636852452,"volume":"10.30345453","buyTxId":"ffaae5cbc1d47c7da0804f1b6cce34d1219f2946","sellTxId":"e25f9cefa2e122267ad48ee41b22b0511285504d"}
{"index": {"_index":"spt","_id":"1976899"}}
	{"id":1976899,"type":"buy","buyer":"he-index","seller":"laundrywoman","symbol":"SPT","quantity":"44.000000","price":"0.00999999","timestamp":1636852938,"volume":"0.43999956","buyTxId":"055237224967283777c2cd2a16d73f43b36a1e05","sellTxId":"e25f9cefa2e122267ad48ee41b22b0511285504d"}
{"index": {"_index":"spt","_id":"1977029"}}
	{"id":1977029,"type":"buy","buyer":"theclasser1","seller":"laundrywoman","symbol":"SPT","quantity":"31730.031730","price":"0.00999999","timestamp":1636854057,"volume":"317.30000000","buyTxId":"135189d20fcdf1bda3436f0daab53fbd0d421595","sellTxId":"e25f9cefa2e122267ad48ee41b22b0511285504d"}
{"index": {"_index":"spt","_id":"1977130"}}
	{"id":1977130,"type":"sell","buyer":"pi-trader","seller":"eythor-photo22","symbol":"SPT","quantity":"0.049271","price":"0.00964001","timestamp":1636855248,"volume":"0.00047497","buyTxId":"dd978e8f7f4fe85690563ffae92e38cf9660f6a3-3","sellTxId":"ff0f1e4e851d6f5372c649d4d893845f37d66c52"}
{"index": {"_index":"spt","_id":"1977193"}}
	{"id":1977193,"type":"buy","buyer":"fatedslayerz","seller":"szf","symbol":"SPT","quantity":"110.000000","price":"0.00999998","timestamp":1636855881,"volume":"1.09999780","buyTxId":"ea3dd891d30bee54ed77edfc78d624e073957b59","sellTxId":"b2421626c007c3fcc497f18415ac77cd9fbdb719"}
{"index": {"_index":"spt","_id":"1977270"}}
	{"id":1977270,"type":"sell","buyer":"pi-trader","seller":"dkid14","symbol":"SPT","quantity":"1386.354936","price":"0.00964001","timestamp":1636857120,"volume":"13.36447545","buyTxId":"26ecdc2c2c6a050665a310c4501c8f02f73cb712-1","sellTxId":"07eda0f607a276259d877255008183805c6e52b9"}
{"index": {"_index":"spt","_id":"1977320"}}
	{"id":1977320,"type":"sell","buyer":"pi-trader","seller":"lypisz","symbol":"SPT","quantity":"338.272250","price":"0.00964001","timestamp":1636857552,"volume":"3.26094787","buyTxId":"0602412ed862cdcba72a5662ccab0711e822e4d6-2","sellTxId":"dfc9a164c275641a8940209c62565e155da30460"}
{"index": {"_index":"spt","_id":"1977337"}}
	{"id":1977337,"type":"sell","buyer":"pi-trader","seller":"cryptkeeper17","symbol":"SPT","quantity":"8000.000000","price":"0.00964001","timestamp":1636857729,"volume":"77.12008000","buyTxId":"4d0295da7bf9c5499cb3f711d7da79d41b207a15-2","sellTxId":"7adf1ffda60a99f24434da802e8f5e8c1573c0f0"}
{"index": {"_index":"spt","_id":"1977340"}}
	{"id":1977340,"type":"buy","buyer":"pi-trader","seller":"cryptkeeper17","symbol":"SPT","quantity":"5506.555333","price":"0.00964001","timestamp":1636857765,"volume":"53.08324848","buyTxId":"717ebb583354f6c1fd62bed44001531e8856d917-1","sellTxId":"7adf1ffda60a99f24434da802e8f5e8c1573c0f0"}
{"index": {"_index":"spt","_id":"1977384"}}
	{"id":1977384,"type":"sell","buyer":"pi-trader","seller":"steem82868","symbol":"SPT","quantity":"2.183216","price":"0.00964001","timestamp":1636858134,"volume":"0.02104622","buyTxId":"eed55e0d7d171f150e410bc2fa1a9b60b46edec9-4","sellTxId":"c6d532ec6b114862762b01160c0fa28e6de1de60"}
{"index": {"_index":"spt","_id":"1977544"}}
	{"id":1977544,"type":"sell","buyer":"pi-trader","seller":"eythor-photo22","symbol":"SPT","quantity":"293.837176","price":"0.00964001","timestamp":1636859709,"volume":"2.83259332","buyTxId":"5e9d9b153573f00a945af32c0956432739152c29-1","sellTxId":"cd5cd4975074054e6397792eb278c3980f8496e6"}
{"index": {"_index":"spt","_id":"1977594"}}
	{"id":1977594,"type":"sell","buyer":"pi-trader","seller":"eythor-photo22","symbol":"SPT","quantity":"234.775009","price":"0.00964001","timestamp":1636860627,"volume":"2.26323343","buyTxId":"e49bb08c5a66d95e3f46289db76835e27a1f2313-2","sellTxId":"d58b8a473b96cccf8025a458df953cbac2d9842c"}
{"index": {"_index":"spt","_id":"1977616"}}
	{"id":1977616,"type":"sell","buyer":"pi-trader","seller":"votebetting","symbol":"SPT","quantity":"2.404000","price":"0.00964001","timestamp":1636860990,"volume":"0.02317458","buyTxId":"eaa12673cfe8fb567b9513d74979173f6d9602fe-2","sellTxId":"fbf03419a1e86ba1360f69e901e9e73f3387532d"}
{"index": {"_index":"spt","_id":"1977664"}}
	{"id":1977664,"type":"sell","buyer":"pi-trader","seller":"dswap","symbol":"SPT","quantity":"50","price":"0.00964001","timestamp":1636861686,"volume":"0.48200050","buyTxId":"dab30ddec9ab269373d6c22aabaf75779298d11e-0","sellTxId":"7749fdf8fc6508c95277fe9be51613f2d50b95b8"}
{"index": {"_index":"spt","_id":"1977668"}}
	{"id":1977668,"type":"sell","buyer":"pi-trader","seller":"markinho2212","symbol":"SPT","quantity":"5.833148","price":"0.00964001","timestamp":1636861767,"volume":"0.05623161","buyTxId":"4d3bb3af97d713a37de360b93b070b58a423dfad-2","sellTxId":"e951a3ab5a7fcb11a49c41bffcbdd48e9e7ce98a"}
