{"index": {"_index":"spt","_id":"1562972"}}
	{"id":1562972,"type":"sell","buyer":"granddaddies","seller":"roryz","symbol":"SPT","quantity":"311.715877","price":"0.01500008","timestamp":1632279852,"volume":"4.67576309","buyTxId":"b8ee9b35d79d003667e2d7ac8b116a6ee027a2a4","sellTxId":"92362ab49a6fdb3489ff05603907989f7d0de6ee"}
{"index": {"_index":"spt","_id":"1563039"}}
	{"id":1563039,"type":"sell","buyer":"granddaddies","seller":"mawit07","symbol":"SPT","quantity":"2069.937887","price":"0.01500004","timestamp":1632281121,"volume":"31.04915110","buyTxId":"7f7f42db4bc2f49d01937a79713e20916befc723","sellTxId":"0a11762abd325eb7dbc8e5c2ac56b2a388742f4d"}
{"index": {"_index":"spt","_id":"1563060"}}
	{"id":1563060,"type":"sell","buyer":"granddaddies","seller":"rubiroy","symbol":"SPT","quantity":"1057.811586","price":"0.01500002","timestamp":1632281940,"volume":"15.86719495","buyTxId":"ad047e92576afba798fff0b47dbb7162fc1fc71c","sellTxId":"a38af4654237d944a7a84c135d0346a8e8e6fc81"}
{"index": {"_index":"spt","_id":"1563064"}}
	{"id":1563064,"type":"buy","buyer":"ahmetay","seller":"jnn10","symbol":"SPT","quantity":"52.290652","price":"0.01550000","timestamp":1632282066,"volume":"0.81050511","buyTxId":"884836772a8ae949365930a4aceb1c23a60e785b","sellTxId":"d3b4539d8fe90401da5923751b8fe691cd0e73b7"}
{"index": {"_index":"spt","_id":"1563065"}}
	{"id":1563065,"type":"buy","buyer":"ahmetay","seller":"ultm8x","symbol":"SPT","quantity":"4436.131067","price":"0.01595000","timestamp":1632282066,"volume":"70.75629052","buyTxId":"884836772a8ae949365930a4aceb1c23a60e785b","sellTxId":"7aa40adfbcc4a23e43e016843a3d78957f10a5e3"}
{"index": {"_index":"spt","_id":"1563066"}}
	{"id":1563066,"type":"buy","buyer":"ahmetay","seller":"xabi","symbol":"SPT","quantity":"150.000000","price":"0.01595000","timestamp":1632282066,"volume":"2.39250000","buyTxId":"884836772a8ae949365930a4aceb1c23a60e785b","sellTxId":"e41c95b92aebc0ebcfe966167dba2383444f979d"}
{"index": {"_index":"spt","_id":"1563067"}}
	{"id":1563067,"type":"buy","buyer":"ahmetay","seller":"abrockman","symbol":"SPT","quantity":"1629.580999","price":"0.01598000","timestamp":1632282066,"volume":"26.04070437","buyTxId":"884836772a8ae949365930a4aceb1c23a60e785b","sellTxId":"1421069c59f7dff1e33285e08951f697b2fcd8e4"}
{"index": {"_index":"spt","_id":"1563071"}}
	{"id":1563071,"type":"buy","buyer":"ahmetay","seller":"abrockman","symbol":"SPT","quantity":"2058.752787","price":"0.01598000","timestamp":1632282186,"volume":"32.89886954","buyTxId":"69485a3513604da8b02673664dc4d072bff4b60b","sellTxId":"1421069c59f7dff1e33285e08951f697b2fcd8e4"}
{"index": {"_index":"spt","_id":"1563072"}}
	{"id":1563072,"type":"buy","buyer":"ahmetay","seller":"dhedge-drips","symbol":"SPT","quantity":"0.030500","price":"0.01598000","timestamp":1632282186,"volume":"0.00048739","buyTxId":"69485a3513604da8b02673664dc4d072bff4b60b","sellTxId":"007eaee4d7b07ce253a440770d5a92c4efbda605"}
{"index": {"_index":"spt","_id":"1563073"}}
	{"id":1563073,"type":"buy","buyer":"ahmetay","seller":"brofi-market","symbol":"SPT","quantity":"4.619872","price":"0.01598999","timestamp":1632282186,"volume":"0.07387171","buyTxId":"69485a3513604da8b02673664dc4d072bff4b60b","sellTxId":"1c3612a650fc38a574f3993b0dc1e70815f7de0b"}
{"index": {"_index":"spt","_id":"1563074"}}
	{"id":1563074,"type":"buy","buyer":"ahmetay","seller":"kitsuki","symbol":"SPT","quantity":"300.000000","price":"0.01599000","timestamp":1632282186,"volume":"4.79700000","buyTxId":"69485a3513604da8b02673664dc4d072bff4b60b","sellTxId":"c7cb93a30f4451c233072f2c5dc200bd085aa00d"}
{"index": {"_index":"spt","_id":"1563075"}}
	{"id":1563075,"type":"buy","buyer":"ahmetay","seller":"anadolu","symbol":"SPT","quantity":"4451.860710","price":"0.01600000","timestamp":1632282186,"volume":"71.22977136","buyTxId":"69485a3513604da8b02673664dc4d072bff4b60b","sellTxId":"4af22aa75e6c660161896bfd3bd745654d627af5"}
{"index": {"_index":"spt","_id":"1563084"}}
	{"id":1563084,"type":"buy","buyer":"ahmetay","seller":"aftersound","symbol":"SPT","quantity":"51.000000","price":"0.01598000","timestamp":1632282297,"volume":"0.81498000","buyTxId":"fadf0ef24f1ff3e0ba2957803bbf2b5859315f3b","sellTxId":"7f51ae2e038ea1b1cd333cf2898eefe0c7fd4823"}
{"index": {"_index":"spt","_id":"1563085"}}
	{"id":1563085,"type":"buy","buyer":"ahmetay","seller":"anadolu","symbol":"SPT","quantity":"548.139290","price":"0.01600000","timestamp":1632282297,"volume":"8.77022864","buyTxId":"fadf0ef24f1ff3e0ba2957803bbf2b5859315f3b","sellTxId":"4af22aa75e6c660161896bfd3bd745654d627af5"}
{"index": {"_index":"spt","_id":"1563086"}}
	{"id":1563086,"type":"buy","buyer":"ahmetay","seller":"sbi-tokens","symbol":"SPT","quantity":"6160.416647","price":"0.01630000","timestamp":1632282297,"volume":"100.41479136","buyTxId":"fadf0ef24f1ff3e0ba2957803bbf2b5859315f3b","sellTxId":"a029e07e833c793e833c2df4049d18d1224bcad7"}
{"index": {"_index":"spt","_id":"1563087"}}
	{"id":1563087,"type":"sell","buyer":"pi-trader","seller":"cryptocrazy2789","symbol":"SPT","quantity":"134.000000","price":"0.01500011","timestamp":1632282312,"volume":"2.01001474","buyTxId":"b45e33918b51f2dc560b98f17990eca0f207c78a-5","sellTxId":"519988b487a7e9706a671f1b1c560b5d14a49c5d"}
{"index": {"_index":"spt","_id":"1563104"}}
	{"id":1563104,"type":"buy","buyer":"ahmetay","seller":"sbi-tokens","symbol":"SPT","quantity":"6186.242630","price":"0.01630000","timestamp":1632282444,"volume":"100.83575487","buyTxId":"0205f5bbdb05abb5d78fa752d78fe85cc91e7b18","sellTxId":"a029e07e833c793e833c2df4049d18d1224bcad7"}
{"index": {"_index":"spt","_id":"1563105"}}
	{"id":1563105,"type":"buy","buyer":"ahmetay","seller":"sralim","symbol":"SPT","quantity":"560.000000","price":"0.01630000","timestamp":1632282444,"volume":"9.12800000","buyTxId":"0205f5bbdb05abb5d78fa752d78fe85cc91e7b18","sellTxId":"b876fca1613daea8a6714997eed56e6b784dc291"}
{"index": {"_index":"spt","_id":"1563106"}}
	{"id":1563106,"type":"buy","buyer":"ahmetay","seller":"kitsuki","symbol":"SPT","quantity":"200.000000","price":"0.01639000","timestamp":1632282444,"volume":"3.27800000","buyTxId":"0205f5bbdb05abb5d78fa752d78fe85cc91e7b18","sellTxId":"fe09b14fc5319eb84525ce194578d7ba983b0274"}
{"index": {"_index":"spt","_id":"1563107"}}
	{"id":1563107,"type":"buy","buyer":"ahmetay","seller":"dhedge-drips","symbol":"SPT","quantity":"0.014527","price":"0.01639999","timestamp":1632282444,"volume":"0.00023824","buyTxId":"0205f5bbdb05abb5d78fa752d78fe85cc91e7b18","sellTxId":"1953a2d26fe77b054ea7bd02334c2000d4ebc053"}
{"index": {"_index":"spt","_id":"1563108"}}
	{"id":1563108,"type":"buy","buyer":"ahmetay","seller":"edward.martin","symbol":"SPT","quantity":"107.195607","price":"0.01639999","timestamp":1632282444,"volume":"1.75800689","buyTxId":"0205f5bbdb05abb5d78fa752d78fe85cc91e7b18","sellTxId":"af656e0859d120249d75dcbc98b3c54f07f22c1e"}
{"index": {"_index":"spt","_id":"1563110"}}
	{"id":1563110,"type":"buy","buyer":"ahmetay","seller":"edward.martin","symbol":"SPT","quantity":"1469.196322","price":"0.01639999","timestamp":1632282561,"volume":"24.09480499","buyTxId":"826110b83e26bd18a12c7aa831f4bfd65758ce01","sellTxId":"af656e0859d120249d75dcbc98b3c54f07f22c1e"}
{"index": {"_index":"spt","_id":"1563111"}}
	{"id":1563111,"type":"buy","buyer":"ahmetay","seller":"revisesociology","symbol":"SPT","quantity":"500.000000","price":"0.01639999","timestamp":1632282561,"volume":"8.19999500","buyTxId":"826110b83e26bd18a12c7aa831f4bfd65758ce01","sellTxId":"fcc3d07f5fc5e4edd146286aff8b16cd844d8ba0"}
{"index": {"_index":"spt","_id":"1563112"}}
	{"id":1563112,"type":"buy","buyer":"ahmetay","seller":"mastergerund","symbol":"SPT","quantity":"5012.436364","price":"0.01650000","timestamp":1632282561,"volume":"82.70520001","buyTxId":"826110b83e26bd18a12c7aa831f4bfd65758ce01","sellTxId":"f0af194b4a261d2c0a8d36829bf644a386b45c65"}
{"index": {"_index":"spt","_id":"1563122"}}
	{"id":1563122,"type":"buy","buyer":"ahmetay","seller":"mastergerund","symbol":"SPT","quantity":"2000.000000","price":"0.01650000","timestamp":1632282717,"volume":"33.00000000","buyTxId":"9223effb83316f3c131618ce12b8160940ecdeb5","sellTxId":"f0af194b4a261d2c0a8d36829bf644a386b45c65"}
{"index": {"_index":"spt","_id":"1563139"}}
	{"id":1563139,"type":"sell","buyer":"pi-trader","seller":"catharsis","symbol":"SPT","quantity":"158.216338","price":"0.01500003","timestamp":1632283254,"volume":"2.37324982","buyTxId":"33a2a5684e596904f1d6f8a291bad662dfb96896-5","sellTxId":"e2a9d52478e57279884dd571153a84d1c3070868"}
{"index": {"_index":"spt","_id":"1563148"}}
	{"id":1563148,"type":"sell","buyer":"granddaddies","seller":"logicforce","symbol":"SPT","quantity":"30.429872","price":"0.01550002","timestamp":1632283431,"volume":"0.47166362","buyTxId":"b45cfbad7a396c468bd78f87c9becdec926cfffa","sellTxId":"b97008d773f95122aeffc61c071373a7b32d1bf3"}
{"index": {"_index":"spt","_id":"1563162"}}
	{"id":1563162,"type":"sell","buyer":"pi-trader","seller":"fireguardian","symbol":"SPT","quantity":"671","price":"0.01500003","timestamp":1632283755,"volume":"10.06502013","buyTxId":"4f4c22996cc19b5c39ea990dd35f697c0c3f27e9-2","sellTxId":"970ee8f71a965f7995d596194bff92353498219d"}
{"index": {"_index":"spt","_id":"1563163"}}
	{"id":1563163,"type":"buy","buyer":"ahmetay","seller":"barbarzynca","symbol":"SPT","quantity":"537.000000","price":"0.01500005","timestamp":1632283758,"volume":"8.05502685","buyTxId":"859ee89396d5fd7437234f1871acdc3f31e7218f","sellTxId":"d3dd8bbbe9920ba8904837e0c3a8fd8c79b3c803"}
{"index": {"_index":"spt","_id":"1563196"}}
	{"id":1563196,"type":"sell","buyer":"granddaddies","seller":"spt-curate","symbol":"SPT","quantity":"327.072417","price":"0.01500002","timestamp":1632284154,"volume":"4.90609280","buyTxId":"1aa28df09aa4c8e6671394a981bc77d8e4dd3dbf","sellTxId":"8c0de4fb456e005b28a8726a357e1c41183996d2"}
{"index": {"_index":"spt","_id":"1563212"}}
	{"id":1563212,"type":"buy","buyer":"jongolson","seller":"master-lamps","symbol":"SPT","quantity":"0.266370","price":"0.01649999","timestamp":1632284637,"volume":"0.00439510","buyTxId":"1d865b0e4a179f3eff0ebe1cfc696c1f07485f54","sellTxId":"d57c37d08af050357de7615bd5190a710940a1cd"}
{"index": {"_index":"spt","_id":"1563213"}}
	{"id":1563213,"type":"buy","buyer":"jongolson","seller":"mastergerund","symbol":"SPT","quantity":"999.733630","price":"0.01650000","timestamp":1632284637,"volume":"16.49560490","buyTxId":"1d865b0e4a179f3eff0ebe1cfc696c1f07485f54","sellTxId":"f0af194b4a261d2c0a8d36829bf644a386b45c65"}
{"index": {"_index":"spt","_id":"1563217"}}
	{"id":1563217,"type":"buy","buyer":"ahmetay","seller":"mastergerund","symbol":"SPT","quantity":"1515.151515","price":"0.01650000","timestamp":1632284754,"volume":"25","buyTxId":"7a5b6886fed9c9feb328d550417a0de372353376","sellTxId":"f0af194b4a261d2c0a8d36829bf644a386b45c65"}
{"index": {"_index":"spt","_id":"1563301"}}
	{"id":1563301,"type":"sell","buyer":"pi-trader","seller":"spt-shturm","symbol":"SPT","quantity":"67.000000","price":"0.01500018","timestamp":1632286389,"volume":"1.00501206","buyTxId":"8f9d479fb6a96ed55ee07827dcfa4cac8e13a3a1-1","sellTxId":"0476aae289703d5405a1ab1fb1bebcbfdd63723a"}
{"index": {"_index":"spt","_id":"1563326"}}
	{"id":1563326,"type":"sell","buyer":"granddaddies","seller":"lifeskills-tv","symbol":"SPT","quantity":"12155.662871","price":"0.01500019","timestamp":1632286890,"volume":"182.33725264","buyTxId":"6d821d7601a587e935bdde09350914b66c6aba24","sellTxId":"b3b74ea905fb05ddc4a0863eb2fdc2332c730eef"}
{"index": {"_index":"spt","_id":"1563408"}}
	{"id":1563408,"type":"sell","buyer":"granddaddies","seller":"suagm","symbol":"SPT","quantity":"188.660000","price":"0.01500013","timestamp":1632288567,"volume":"2.82992453","buyTxId":"efec75662fc88463f463df834bec9e291f614e2e","sellTxId":"126a8a17b24d024afab53bfcae715c84a1303c6d"}
{"index": {"_index":"spt","_id":"1563457"}}
	{"id":1563457,"type":"sell","buyer":"pi-trader","seller":"chekohler","symbol":"SPT","quantity":"1.627461","price":"0.01500016","timestamp":1632289176,"volume":"0.02441218","buyTxId":"db7d76210d8a97f237dfe9a748c0b06f9d3ffd17-1","sellTxId":"bb06e4a9029efbdc43fdf35cdda09d235f75c0b1"}
{"index": {"_index":"spt","_id":"1563522"}}
	{"id":1563522,"type":"sell","buyer":"granddaddies","seller":"sam5689","symbol":"SPT","quantity":"449.000000","price":"0.01500021","timestamp":1632290436,"volume":"6.73509429","buyTxId":"135d547676409e865317d9023b70d6e645ef181e","sellTxId":"15c929eef24d63ba1e31c1b531b09ccbdbca9c81"}
{"index": {"_index":"spt","_id":"1563558"}}
	{"id":1563558,"type":"buy","buyer":"granddaddies","seller":"mistakili","symbol":"SPT","quantity":"1400.000000","price":"0.01500019","timestamp":1632291360,"volume":"21.00026600","buyTxId":"8d894b14d834f0daf99cf36044d873eff1818090","sellTxId":"62cac48bcf89e95a052dbe9e91672c125d1896db"}
{"index": {"_index":"spt","_id":"1563615"}}
	{"id":1563615,"type":"sell","buyer":"pi-trader","seller":"lifeskills-tv","symbol":"SPT","quantity":"3000.000000","price":"0.01500010","timestamp":1632292977,"volume":"45.00030000","buyTxId":"592874b03538c4362d719934e36a91bbaf5a1801-5","sellTxId":"af1c4c371c430b4dd9c04d85871ed499d3b55b38"}
{"index": {"_index":"spt","_id":"1563616"}}
	{"id":1563616,"type":"buy","buyer":"granddaddies","seller":"lifeskills-tv","symbol":"SPT","quantity":"9531.348728","price":"0.01500010","timestamp":1632292977,"volume":"142.97118405","buyTxId":"f71aa4e2ad76da6cc17f88b87f800c20cef47683","sellTxId":"af1c4c371c430b4dd9c04d85871ed499d3b55b38"}
{"index": {"_index":"spt","_id":"1563663"}}
	{"id":1563663,"type":"sell","buyer":"pi-trader","seller":"rehan12","symbol":"SPT","quantity":"137","price":"0.01500010","timestamp":1632293988,"volume":"2.05501370","buyTxId":"040047e3d43b438c153fc665c71deab2edb25f7b-3","sellTxId":"f7d9c97c47e02c4d1d439b951d8261463ea277c2"}
{"index": {"_index":"spt","_id":"1563665"}}
	{"id":1563665,"type":"sell","buyer":"pi-trader","seller":"syyed","symbol":"SPT","quantity":"871","price":"0.01500014","timestamp":1632294105,"volume":"13.06512194","buyTxId":"386caa61455f67f8a8bd7777b198003ad33402e3-5","sellTxId":"21960bcc97cd472737f4128a3f0b8150033520e5"}
{"index": {"_index":"spt","_id":"1563680"}}
	{"id":1563680,"type":"sell","buyer":"pi-trader","seller":"catnoodles","symbol":"SPT","quantity":"349.402006","price":"0.01500020","timestamp":1632294363,"volume":"5.24109997","buyTxId":"7432a5515ccfc57dde938152382694333d9c6d2b-5","sellTxId":"a602c8b3231d921e0b2316a3e5b64b7216aca92c"}
{"index": {"_index":"spt","_id":"1563704"}}
	{"id":1563704,"type":"sell","buyer":"pi-trader","seller":"syyed","symbol":"SPT","quantity":"3000.000000","price":"0.01500022","timestamp":1632294771,"volume":"45.00066000","buyTxId":"be134005e6e891b3c0cf05d2549fe9a9f99c1d99-4","sellTxId":"f20e8c04f1026749c681fac9bc7151fb10701fa7"}
{"index": {"_index":"spt","_id":"1563705"}}
	{"id":1563705,"type":"sell","buyer":"granddaddies","seller":"syyed","symbol":"SPT","quantity":"5000.000000","price":"0.01500021","timestamp":1632294771,"volume":"75.00105000","buyTxId":"b5393e641ce1dfd2102f8f01ff0b4614b2eab22f","sellTxId":"f20e8c04f1026749c681fac9bc7151fb10701fa7"}
{"index": {"_index":"spt","_id":"1563734"}}
	{"id":1563734,"type":"sell","buyer":"pi-trader","seller":"abh12345","symbol":"SPT","quantity":"3000.000000","price":"0.01500014","timestamp":1632296022,"volume":"45.00042000","buyTxId":"7c52eaefa39aa19e0324f5ae2778f608362e5573-1","sellTxId":"9c6f94bb4b971a9bb2756c79e6a9714a0897f1f2"}
{"index": {"_index":"spt","_id":"1563735"}}
	{"id":1563735,"type":"sell","buyer":"granddaddies","seller":"abh12345","symbol":"SPT","quantity":"2053.027805","price":"0.01500013","timestamp":1632296022,"volume":"30.79568397","buyTxId":"738530ea07a0b9726e072cd70bdf875cad81b28a","sellTxId":"9c6f94bb4b971a9bb2756c79e6a9714a0897f1f2"}
{"index": {"_index":"spt","_id":"1563748"}}
	{"id":1563748,"type":"sell","buyer":"pi-trader","seller":"dorian-lee","symbol":"SPT","quantity":"854.000000","price":"0.01500012","timestamp":1632296520,"volume":"12.81010248","buyTxId":"bb66849f4bcd8b4dc2ba2ab110c641832a79ba96-1","sellTxId":"7b8fee56a19c7cecf798e5e3b557aa2227106d6c"}
{"index": {"_index":"spt","_id":"1563769"}}
	{"id":1563769,"type":"buy","buyer":"pi-trader","seller":"damla","symbol":"SPT","quantity":"8.601000","price":"0.01500022","timestamp":1632297111,"volume":"0.12901689","buyTxId":"f8421e3eb8ed9b40fade3bcde5624209c499c689-1","sellTxId":"15eb868a1201f8b286967e5c9381afeebcabfbf7"}
{"index": {"_index":"spt","_id":"1563811"}}
	{"id":1563811,"type":"sell","buyer":"granddaddies","seller":"brofundholdings","symbol":"SPT","quantity":"2193.700467","price":"0.01500014","timestamp":1632298137,"volume":"32.90581412","buyTxId":"833c2949fcb5333750fff371e26fa3d75a49daec","sellTxId":"df3873f0f9d2db89891e6aa57c4c889df90d4a1f"}
{"index": {"_index":"spt","_id":"1563813"}}
	{"id":1563813,"type":"sell","buyer":"granddaddies","seller":"brofi-market","symbol":"SPT","quantity":"0.100029","price":"0.01500014","timestamp":1632298140,"volume":"0.00150045","buyTxId":"833c2949fcb5333750fff371e26fa3d75a49daec","sellTxId":"e7de0404a07b2334691f398fa5b2ee23ec06cf9d"}
{"index": {"_index":"spt","_id":"1563856"}}
	{"id":1563856,"type":"sell","buyer":"pi-trader","seller":"empoderat","symbol":"SPT","quantity":"3000.000000","price":"0.01500013","timestamp":1632299475,"volume":"45.00039000","buyTxId":"920226887d799513758b41533f061a07d3e8c8c7-3","sellTxId":"6bc39cef96c5c2b99b59c6fe1286742eff601225"}
{"index": {"_index":"spt","_id":"1563857"}}
	{"id":1563857,"type":"sell","buyer":"granddaddies","seller":"empoderat","symbol":"SPT","quantity":"16127.000000","price":"0.01500012","timestamp":1632299475,"volume":"241.90693524","buyTxId":"99bbfb427505a344d9a11c8499879e4b35755f2d","sellTxId":"6bc39cef96c5c2b99b59c6fe1286742eff601225"}
{"index": {"_index":"spt","_id":"1563963"}}
	{"id":1563963,"type":"sell","buyer":"granddaddies","seller":"eforucom","symbol":"SPT","quantity":"27.784327","price":"0.01500018","timestamp":1632301611,"volume":"0.41676991","buyTxId":"89521ca1fc37f83ff1eea7e6c678cb004187d2af","sellTxId":"3dee547301f46f5e5bee20694516baedee0ad867"}
{"index": {"_index":"spt","_id":"1563990"}}
	{"id":1563990,"type":"sell","buyer":"pi-trader","seller":"ramires","symbol":"SPT","quantity":"3000.000000","price":"0.01500027","timestamp":1632301911,"volume":"45.00081000","buyTxId":"36bf34f8f3c623facc415102779527875c923002-5","sellTxId":"9751cc9bd0e981a6d355f1101e4ed268f94466a0"}
{"index": {"_index":"spt","_id":"1563991"}}
	{"id":1563991,"type":"sell","buyer":"granddaddies","seller":"ramires","symbol":"SPT","quantity":"74784.000000","price":"0.01500026","timestamp":1632301911,"volume":"1121.77944384","buyTxId":"b7bdc0628db6d0f71e8aeff64a81ba90d296f5a2","sellTxId":"9751cc9bd0e981a6d355f1101e4ed268f94466a0"}
{"index": {"_index":"spt","_id":"1563992"}}
	{"id":1563992,"type":"sell","buyer":"anadolu","seller":"ramires","symbol":"SPT","quantity":"2216.000000","price":"0.01500010","timestamp":1632301911,"volume":"33.24022160","buyTxId":"4ab906ec240161f295f7862c50f3c74a073ea234","sellTxId":"9751cc9bd0e981a6d355f1101e4ed268f94466a0"}
{"index": {"_index":"spt","_id":"1564005"}}
	{"id":1564005,"type":"buy","buyer":"warhead61","seller":"laundrywoman","symbol":"SPT","quantity":"12.418043","price":"0.01629999","timestamp":1632302121,"volume":"0.20241398","buyTxId":"df82f05ddfb22234583cb6bdd025f2cf4c1d8da7","sellTxId":"f4cba1b6af14d7bc8e29cc282757e96791f04df0"}
{"index": {"_index":"spt","_id":"1564006"}}
	{"id":1564006,"type":"sell","buyer":"granddaddies","seller":"captain-barabosa","symbol":"SPT","quantity":"10","price":"0.01500016","timestamp":1632302172,"volume":"0.15000160","buyTxId":"38e69010a2c7651cc3dad43e66b2bd5c7e2e0dda","sellTxId":"c3ec89425242d225d40a67ee2822e4983b8ea384"}
{"index": {"_index":"spt","_id":"1564120"}}
	{"id":1564120,"type":"buy","buyer":"anadolu","seller":"beco132","symbol":"SPT","quantity":"43.689000","price":"0.01545000","timestamp":1632305526,"volume":"0.67499505","buyTxId":"5ed1c938a289f7e8e0f266227ff4bc0bee527100","sellTxId":"1da3074c9b83a707b6d0fcc3937ebeb508337e41"}
{"index": {"_index":"spt","_id":"1564121"}}
	{"id":1564121,"type":"buy","buyer":"anadolu","seller":"anadolu","symbol":"SPT","quantity":"2210.000000","price":"0.01545000","timestamp":1632305526,"volume":"34.14450000","buyTxId":"5ed1c938a289f7e8e0f266227ff4bc0bee527100","sellTxId":"8d9eec69d0c419893a6c23e290dba0464d68543c"}
{"index": {"_index":"spt","_id":"1564122"}}
	{"id":1564122,"type":"buy","buyer":"anadolu","seller":"laundrywoman","symbol":"SPT","quantity":"1544.817202","price":"0.01629999","timestamp":1632305526,"volume":"25.18050495","buyTxId":"5ed1c938a289f7e8e0f266227ff4bc0bee527100","sellTxId":"f4cba1b6af14d7bc8e29cc282757e96791f04df0"}
{"index": {"_index":"spt","_id":"1564185"}}
	{"id":1564185,"type":"sell","buyer":"pi-trader","seller":"captain-barabosa","symbol":"SPT","quantity":"1","price":"0.01501001","timestamp":1632308061,"volume":"0.01501001","buyTxId":"1f5e8f4f66633517f1a2e696015854204592d5b9-1","sellTxId":"a5950db8e5850eabfcd30b30421fdc00cb482a20"}
{"index": {"_index":"spt","_id":"1564192"}}
	{"id":1564192,"type":"sell","buyer":"pi-trader","seller":"scooter77","symbol":"SPT","quantity":"430.720483","price":"0.01501006","timestamp":1632308325,"volume":"6.46514029","buyTxId":"70c5b36bf99a09ccbae5bdfd8e6a604ece24c8ff-3","sellTxId":"ff0a23a4fb0561a55734fc271f6827b11531c245"}
{"index": {"_index":"spt","_id":"1564199"}}
	{"id":1564199,"type":"sell","buyer":"granddaddies","seller":"captain-barabosa","symbol":"SPT","quantity":"100.000000","price":"0.01501009","timestamp":1632308469,"volume":"1.50100900","buyTxId":"dc907642d62c6608cb1223ee09b26abe9555672c","sellTxId":"513eb76932fe7df8769cf801b981b308f4a538a8"}
{"index": {"_index":"spt","_id":"1564340"}}
	{"id":1564340,"type":"buy","buyer":"dardrey","seller":"burningelk","symbol":"SPT","quantity":"21.630000","price":"0.01510000","timestamp":1632311931,"volume":"0.32661300","buyTxId":"0a862d344a987f6e79cdcd581301651f0855b38e","sellTxId":"1d085d9065801d33ba10428b98300b8dadc6fd19"}
{"index": {"_index":"spt","_id":"1564367"}}
	{"id":1564367,"type":"buy","buyer":"granddaddies","seller":"brofi-market","symbol":"SPT","quantity":"0.061184","price":"0.01502007","timestamp":1632312651,"volume":"0.00091899","buyTxId":"436c2e84c989bf04a65c4eb2502aeb78eec69324","sellTxId":"75ad78c5a4638e2ae2b8c2bb2bf32a2cf8fa7967"}
{"index": {"_index":"spt","_id":"1564411"}}
	{"id":1564411,"type":"sell","buyer":"pi-trader","seller":"forexbrokr","symbol":"SPT","quantity":"116.291789","price":"0.01502003","timestamp":1632313410,"volume":"1.74670616","buyTxId":"8bc637a6090c6544addefcec7883f9247eb68783-3","sellTxId":"51a62cab199a5cff54222d5fed948fe6339f4037"}
{"index": {"_index":"spt","_id":"1564445"}}
	{"id":1564445,"type":"sell","buyer":"granddaddies","seller":"razam","symbol":"SPT","quantity":"0.553000","price":"0.01502012","timestamp":1632314256,"volume":"0.00830613","buyTxId":"6aa0bb4734415ef70a52b8685ab4958d09e23faa","sellTxId":"4b3687f75eb996b3a0107cfaa3d54d4d40bde357"}
{"index": {"_index":"spt","_id":"1564479"}}
	{"id":1564479,"type":"sell","buyer":"pi-trader","seller":"dhedge-drips","symbol":"SPT","quantity":"0.009377","price":"0.01502001","timestamp":1632314769,"volume":"0.00014084","buyTxId":"0faca820c78ffae9964ba8ea3cad0edadea0eb17-7","sellTxId":"ea2bb568efdc953b34d517773610673b1ff23716"}
{"index": {"_index":"spt","_id":"1564490"}}
	{"id":1564490,"type":"sell","buyer":"pi-trader","seller":"eythorphoto","symbol":"SPT","quantity":"0.802626","price":"0.01502003","timestamp":1632314871,"volume":"0.01205547","buyTxId":"9617e39fd9bce70057ba2d0dfd93d1f7134525cd-1","sellTxId":"3f05f735965169d722277a3b5b5470b0dd7d96e4"}
{"index": {"_index":"spt","_id":"1564511"}}
	{"id":1564511,"type":"sell","buyer":"pi-trader","seller":"aweee","symbol":"SPT","quantity":"21.224692","price":"0.01502013","timestamp":1632315294,"volume":"0.31879763","buyTxId":"62333ff18dfa1f1ae22d62fbea502589617733ff-3","sellTxId":"88e59dc324a748f67f63311b8bb7e4afca3f5013"}
{"index": {"_index":"spt","_id":"1564555"}}
	{"id":1564555,"type":"sell","buyer":"pi-trader","seller":"jakkal","symbol":"SPT","quantity":"9.491420","price":"0.01502005","timestamp":1632316419,"volume":"0.14256160","buyTxId":"d07e001deebe897e120339ad8493740d2184fa96-7","sellTxId":"22515c5e10bf59651fb8e7339f5d7a8c1de078da"}
{"index": {"_index":"spt","_id":"1564569"}}
	{"id":1564569,"type":"sell","buyer":"pi-trader","seller":"diebitch","symbol":"SPT","quantity":"313.519538","price":"0.01502011","timestamp":1632316671,"volume":"4.70909795","buyTxId":"f6dc24434c59016476f26bd9d35060d6e61fe241-3","sellTxId":"3d62fdc43dbc4f6dad772a5f6cf264e2cdc35ac9"}
{"index": {"_index":"spt","_id":"1564694"}}
	{"id":1564694,"type":"sell","buyer":"pi-trader","seller":"spt-curate","symbol":"SPT","quantity":"163.077105","price":"0.01502007","timestamp":1632319023,"volume":"2.44942953","buyTxId":"2229e57fb5eecb67de81047fae2b887e4266b97a-3","sellTxId":"61fab56d60cd48642655ffaeed12178c59767210"}
{"index": {"_index":"spt","_id":"1564827"}}
	{"id":1564827,"type":"sell","buyer":"pi-trader","seller":"resiliencia","symbol":"SPT","quantity":"35.338305","price":"0.01520001","timestamp":1632320715,"volume":"0.53714259","buyTxId":"bc5003f91a6985a39c5455f75abf0ab9af451bfa-7","sellTxId":"b314a141b4a91e5e011ce50379168d2692f9061d"}
{"index": {"_index":"spt","_id":"1564861"}}
	{"id":1564861,"type":"buy","buyer":"ceptocide555","seller":"mastergerund","symbol":"SPT","quantity":"718.000000","price":"0.01590000","timestamp":1632321282,"volume":"11.41620000","buyTxId":"ea711471eaafad9ccbfa212444e532b0734bee62","sellTxId":"ba0a030843375939735f9ea1e0c1a4f124bc2144"}
{"index": {"_index":"spt","_id":"1564865"}}
	{"id":1564865,"type":"buy","buyer":"tourack","seller":"mastergerund","symbol":"SPT","quantity":"0.500000","price":"0.01590000","timestamp":1632321315,"volume":"0.00795000","buyTxId":"d19046eefed5aa1866297dff3f8b5d4447b27e2a","sellTxId":"ba0a030843375939735f9ea1e0c1a4f124bc2144"}
{"index": {"_index":"spt","_id":"1565023"}}
	{"id":1565023,"type":"sell","buyer":"granddaddies","seller":"dardrey","symbol":"SPT","quantity":"21.630000","price":"0.01520010","timestamp":1632323280,"volume":"0.32877816","buyTxId":"7c171416c222e4ea228a7a531791716f727d83a3","sellTxId":"c88b1389fff57e71c0477f3b6b9323b2919a269b"}
{"index": {"_index":"spt","_id":"1565025"}}
	{"id":1565025,"type":"buy","buyer":"anadolu","seller":"mastergerund","symbol":"SPT","quantity":"25000.000000","price":"0.01590000","timestamp":1632323289,"volume":"397.50000000","buyTxId":"5e1461144221d8f3056f0207403053a73dfdac40","sellTxId":"ba0a030843375939735f9ea1e0c1a4f124bc2144"}
{"index": {"_index":"spt","_id":"1565035"}}
	{"id":1565035,"type":"sell","buyer":"pi-trader","seller":"s0hardt0beat","symbol":"SPT","quantity":"505.219481","price":"0.01520013","timestamp":1632323370,"volume":"7.67940179","buyTxId":"7defc3ee118c32e4ed1973d161e0d7b52a2c8bde-9","sellTxId":"e66c89bef14b2208c70cc2fbfdf4417c331ac098"}
{"index": {"_index":"spt","_id":"1565037"}}
	{"id":1565037,"type":"buy","buyer":"anadolu","seller":"mastergerund","symbol":"SPT","quantity":"47452.254561","price":"0.01590000","timestamp":1632323397,"volume":"754.49084752","buyTxId":"64297ea56f0c5c7ed769edd581130b2781ab1be9","sellTxId":"ba0a030843375939735f9ea1e0c1a4f124bc2144"}
{"index": {"_index":"spt","_id":"1565118"}}
	{"id":1565118,"type":"sell","buyer":"anadolu","seller":"davemccoy","symbol":"SPT","quantity":"2665.900000","price":"0.01550000","timestamp":1632324138,"volume":"41.32145000","buyTxId":"1c5c4362a8f82445ca44a884aef7138a2a026457","sellTxId":"a19a5cdb8c6c29b337b4e99c2f64688d3e055544"}
{"index": {"_index":"spt","_id":"1565133"}}
	{"id":1565133,"type":"buy","buyer":"evernoticethat","seller":"laundrywoman","symbol":"SPT","quantity":"167.800000","price":"0.01599999","timestamp":1632324414,"volume":"2.68479832","buyTxId":"ff576588a361e51b7bbe14964422d40eebcee08f","sellTxId":"c6381a49d6d48bcc8a2e7b1c63296f4c4b225ce0"}
{"index": {"_index":"spt","_id":"1565138"}}
	{"id":1565138,"type":"buy","buyer":"evernoticethat","seller":"laundrywoman","symbol":"SPT","quantity":"315.000000","price":"0.01599999","timestamp":1632324531,"volume":"5.03999685","buyTxId":"d9a08602168f9a8598e7bcb5d521a64f2c7ab209","sellTxId":"c6381a49d6d48bcc8a2e7b1c63296f4c4b225ce0"}
{"index": {"_index":"spt","_id":"1565219"}}
	{"id":1565219,"type":"buy","buyer":"catomoon","seller":"laundrywoman","symbol":"SPT","quantity":"5.802371","price":"0.01598999","timestamp":1632325902,"volume":"0.09277985","buyTxId":"e6ff137e9db9603a0aea4342934d8787ccff8ac4","sellTxId":"640f47993b1a90c608e7afa6461f1090c075b984"}
{"index": {"_index":"spt","_id":"1565257"}}
	{"id":1565257,"type":"buy","buyer":"evernoticethat","seller":"laundrywoman","symbol":"SPT","quantity":"482.630000","price":"0.01599999","timestamp":1632326388,"volume":"7.72207517","buyTxId":"a512bb74f99fa8f09237679be567f83a1323b6e7","sellTxId":"59d42163868a442ee6252b6c8ade1a0fa51ad845"}
{"index": {"_index":"spt","_id":"1565307"}}
	{"id":1565307,"type":"buy","buyer":"evernoticethat","seller":"laundrywoman","symbol":"SPT","quantity":"506.753069","price":"0.01599999","timestamp":1632327210,"volume":"8.10804404","buyTxId":"504a1905693dcc4b7afbba344a7c576436b88c3a","sellTxId":"59d42163868a442ee6252b6c8ade1a0fa51ad845"}
{"index": {"_index":"spt","_id":"1565308"}}
	{"id":1565308,"type":"sell","buyer":"pi-trader","seller":"cryptolytical","symbol":"SPT","quantity":"0.021523","price":"0.01520001","timestamp":1632327213,"volume":"0.00032715","buyTxId":"8f290b2cfb033ead2ce3d681f1f37bd391774317","sellTxId":"addb30e4cb355499344486d36ec8850d564d1c61"}
{"index": {"_index":"spt","_id":"1565323"}}
	{"id":1565323,"type":"sell","buyer":"pi-trader","seller":"brofi-market","symbol":"SPT","quantity":"0.605967","price":"0.01520004","timestamp":1632327321,"volume":"0.00921072","buyTxId":"cca28ac16c8eab531aab3ecb187fb81525488221-7","sellTxId":"265c4aadb27c17f696185bf58eeb62e523d9865c"}
{"index": {"_index":"spt","_id":"1565369"}}
	{"id":1565369,"type":"sell","buyer":"pi-trader","seller":"galberto","symbol":"SPT","quantity":"2655.769093","price":"0.01520010","timestamp":1632327543,"volume":"40.36795579","buyTxId":"8133831d7a71713871de258470a35fec1a11dfaf-4","sellTxId":"6e5413dca6e518a71dd47eb01e61a8db2e57a985"}
{"index": {"_index":"spt","_id":"1565376"}}
	{"id":1565376,"type":"buy","buyer":"captainquack22","seller":"ultm8x","symbol":"SPT","quantity":"528.985989","price":"0.01599000","timestamp":1632327603,"volume":"8.45848597","buyTxId":"4c174a320cb6b661e4467004a6b35a353fec7bce","sellTxId":"15bdfc732432e5f377c3c225a12e7c8120a68fda"}
{"index": {"_index":"spt","_id":"1565473"}}
	{"id":1565473,"type":"sell","buyer":"pi-trader","seller":"bitcoinflood","symbol":"SPT","quantity":"17.175398","price":"0.01520003","timestamp":1632328401,"volume":"0.26106656","buyTxId":"3a6794205e02775f04eca562e7754745565ee07f-3","sellTxId":"7007b6b7c48bb28d01bd4b5b53c75aac2fe6aa95"}
{"index": {"_index":"spt","_id":"1565592"}}
	{"id":1565592,"type":"buy","buyer":"samarek69","seller":"laundrywoman","symbol":"SPT","quantity":"2.177610","price":"0.01594999","timestamp":1632329475,"volume":"0.03473286","buyTxId":"78a7ce0035d893ce81d233e01a5bb8eb44696e49","sellTxId":"dc0ba5072d0111971eb8ec8ba4820a9566f6f887"}
{"index": {"_index":"spt","_id":"1565688"}}
	{"id":1565688,"type":"sell","buyer":"ahmetay","seller":"sralim","symbol":"SPT","quantity":"1877","price":"0.01520001","timestamp":1632330540,"volume":"28.53041877","buyTxId":"7e09ffed8ce917bcae5aeee15beb04cd4a5b81c0","sellTxId":"f80f52926b2a2cae2782d75c3589e5d2671fe35f"}
{"index": {"_index":"spt","_id":"1565728"}}
	{"id":1565728,"type":"buy","buyer":"petertag","seller":"laundrywoman","symbol":"SPT","quantity":"1.379311","price":"0.01594999","timestamp":1632331383,"volume":"0.02200000","buyTxId":"41c5494556b9d89da669ce6e914d98a6b68fd744","sellTxId":"d121c187f91401240a45191d1e4d8d8e0fe21d77"}
{"index": {"_index":"spt","_id":"1565730"}}
	{"id":1565730,"type":"sell","buyer":"ahmetay","seller":"fabian98","symbol":"SPT","quantity":"1700.000000","price":"0.01520001","timestamp":1632331410,"volume":"25.84001700","buyTxId":"7e09ffed8ce917bcae5aeee15beb04cd4a5b81c0","sellTxId":"7e252f21efe1d32ba81f41bd331f4f3a50d6f577"}
{"index": {"_index":"spt","_id":"1565734"}}
	{"id":1565734,"type":"buy","buyer":"evomaster","seller":"laundrywoman","symbol":"SPT","quantity":"40.000000","price":"0.01594999","timestamp":1632331494,"volume":"0.63799960","buyTxId":"e79558ae24fdd96385e53e57be12d8215baabe0a","sellTxId":"d121c187f91401240a45191d1e4d8d8e0fe21d77"}
{"index": {"_index":"spt","_id":"1565914"}}
	{"id":1565914,"type":"buy","buyer":"jongolson","seller":"laundrywoman","symbol":"SPT","quantity":"1000.000000","price":"0.01593999","timestamp":1632333828,"volume":"15.93999000","buyTxId":"b7a1b473744f0607c615cbc385b85f6e2fde906e","sellTxId":"1562fbfbbddf99c4c77ba0fc10e3cf5339864cb7"}
{"index": {"_index":"spt","_id":"1566019"}}
	{"id":1566019,"type":"sell","buyer":"pi-trader","seller":"resiliencia","symbol":"SPT","quantity":"38.538739","price":"0.01525006","timestamp":1632334965,"volume":"0.58771808","buyTxId":"347fafbf62ea62a857ea51f4b286b158f02f1f11-5","sellTxId":"3e34bd5911a8021b7e134678320bcdbdb2ac69a0"}
{"index": {"_index":"spt","_id":"1566078"}}
	{"id":1566078,"type":"sell","buyer":"granddaddies","seller":"bitcoinflood","symbol":"SPT","quantity":"2.597209","price":"0.01525008","timestamp":1632335910,"volume":"0.03960765","buyTxId":"1429bd4d8134365b1bbb2599535bb5292536116a","sellTxId":"2d5610d88ec7f82114dc84de12ab935e43173579"}
{"index": {"_index":"spt","_id":"1566122"}}
	{"id":1566122,"type":"sell","buyer":"pi-trader","seller":"dhedge-drips","symbol":"SPT","quantity":"0.056809","price":"0.01525011","timestamp":1632336408,"volume":"0.00086634","buyTxId":"a882fc9ba496687b1ac8927a33593a7f5226f50b-11","sellTxId":"801b90f28779c9f20dbc7346e533fb2e3f89d918"}
{"index": {"_index":"spt","_id":"1566180"}}
	{"id":1566180,"type":"buy","buyer":"ahmetay","seller":"slobberchops.spt","symbol":"SPT","quantity":"87.678908","price":"0.01594000","timestamp":1632337065,"volume":"1.39760179","buyTxId":"3029d50e7926595b113beff7980ac541353ffcb9","sellTxId":"ed3dea3ecd3ea260c4582ecbb717c99c822ff3fd"}
{"index": {"_index":"spt","_id":"1566181"}}
	{"id":1566181,"type":"buy","buyer":"ahmetay","seller":"dhedge-drips","symbol":"SPT","quantity":"0.056809","price":"0.01594000","timestamp":1632337065,"volume":"0.00090554","buyTxId":"3029d50e7926595b113beff7980ac541353ffcb9","sellTxId":"c3d3470b81437b0fc78960e9c8aa269824154e69"}
{"index": {"_index":"spt","_id":"1566198"}}
	{"id":1566198,"type":"buy","buyer":"ahmetay","seller":"ultm8x","symbol":"SPT","quantity":"853.938314","price":"0.01595000","timestamp":1632337197,"volume":"13.62031611","buyTxId":"00e087cd22aaf2907a86176c9b9fe65a129ea87e","sellTxId":"8d9bd6a19cf4ca9a4a877d4841ae7f371e3e21b9"}
{"index": {"_index":"spt","_id":"1566203"}}
	{"id":1566203,"type":"sell","buyer":"pi-trader","seller":"jordangerder","symbol":"SPT","quantity":"292.974784","price":"0.01525001","timestamp":1632337305,"volume":"4.46786839","buyTxId":"e41c66a92eb262e982fe126a933895105b5f0c1b-3","sellTxId":"37f00c40d3f8d8131c781c088d49ef57439bda52"}
{"index": {"_index":"spt","_id":"1566250"}}
	{"id":1566250,"type":"buy","buyer":"assasin","seller":"brofi-market","symbol":"SPT","quantity":"0.605967","price":"0.01599999","timestamp":1632337677,"volume":"0.00969547","buyTxId":"58a321401b295937e53cb5de8e6a180c3be5a814","sellTxId":"97b1a17e06b43798a1e1be4997d682d433acf6e8"}
{"index": {"_index":"spt","_id":"1566251"}}
	{"id":1566251,"type":"buy","buyer":"assasin","seller":"pablodare","symbol":"SPT","quantity":"9.952306","price":"0.01600000","timestamp":1632337677,"volume":"0.15923690","buyTxId":"58a321401b295937e53cb5de8e6a180c3be5a814","sellTxId":"32f5ac8a32073fc545654799216bdfba281d2a2f"}
{"index": {"_index":"spt","_id":"1566303"}}
	{"id":1566303,"type":"buy","buyer":"bothansdyd4this","seller":"brofi-market","symbol":"SPT","quantity":"0.061184","price":"0.01629989","timestamp":1632338145,"volume":"0.00099729","buyTxId":"3f66950d803b4054b07e24ecbeeccc52b11149d9","sellTxId":"9f63d89e094632459ba5d6f378dc231b1fef2e37"}
{"index": {"_index":"spt","_id":"1566304"}}
	{"id":1566304,"type":"buy","buyer":"bothansdyd4this","seller":"dhedge-drips","symbol":"SPT","quantity":"0.009377","price":"0.01629989","timestamp":1632338145,"volume":"0.00015284","buyTxId":"3f66950d803b4054b07e24ecbeeccc52b11149d9","sellTxId":"ea20b5f34718af11007c9af5980874a4047f9749"}
{"index": {"_index":"spt","_id":"1566305"}}
	{"id":1566305,"type":"buy","buyer":"bothansdyd4this","seller":"laundrywoman","symbol":"SPT","quantity":"69.929439","price":"0.01629999","timestamp":1632338145,"volume":"1.13984916","buyTxId":"3f66950d803b4054b07e24ecbeeccc52b11149d9","sellTxId":"c3451d83bbe5edded37f419fe44581015be8b702"}
{"index": {"_index":"spt","_id":"1566365"}}
	{"id":1566365,"type":"sell","buyer":"assasin","seller":"ahmetay","symbol":"SPT","quantity":"829.579874","price":"0.01600000","timestamp":1632339303,"volume":"13.27327798","buyTxId":"58a321401b295937e53cb5de8e6a180c3be5a814","sellTxId":"b36add51167a731be7a62755c4d551c550ab5eac"}
{"index": {"_index":"spt","_id":"1566375"}}
	{"id":1566375,"type":"sell","buyer":"assasin","seller":"bitcoinflood","symbol":"SPT","quantity":"0.288346","price":"0.01600000","timestamp":1632339501,"volume":"0.00461354","buyTxId":"58a321401b295937e53cb5de8e6a180c3be5a814","sellTxId":"da89d19faf5b771f53f105db76f1fedb7a3b3d8c"}
{"index": {"_index":"spt","_id":"1566423"}}
	{"id":1566423,"type":"buy","buyer":"skylinebuds","seller":"laundrywoman","symbol":"SPT","quantity":"250.000000","price":"0.01627489","timestamp":1632339975,"volume":"4.06872250","buyTxId":"bcebe1b506d7c897e07e54f1b7f945a1a5133163","sellTxId":"10ad3adcb39e21131468970c30552bcfe24eae9e"}
{"index": {"_index":"spt","_id":"1566512"}}
	{"id":1566512,"type":"sell","buyer":"assasin","seller":"brofi-market","symbol":"SPT","quantity":"0.306555","price":"0.01600000","timestamp":1632341514,"volume":"0.00490488","buyTxId":"58a321401b295937e53cb5de8e6a180c3be5a814","sellTxId":"c18a8eb33a5874edcfe21e0c5a2534802b8160a7"}
{"index": {"_index":"spt","_id":"1566524"}}
	{"id":1566524,"type":"buy","buyer":"samarek69","seller":"laundrywoman","symbol":"SPT","quantity":"2.060000","price":"0.01625489","timestamp":1632341733,"volume":"0.03348507","buyTxId":"e34546bb99fd2c2562751e4ab038afaef0353414","sellTxId":"5ea358b10d1d3c907971bffde0a1d5451cb5558b"}
{"index": {"_index":"spt","_id":"1566538"}}
	{"id":1566538,"type":"sell","buyer":"samarek69","seller":"mawit07","symbol":"SPT","quantity":"9.222687","price":"0.01624000","timestamp":1632342120,"volume":"0.14977644","buyTxId":"30b7d2db331b8b1887d45b2b2bc2fecea61c5252","sellTxId":"4b5dfb5698b9d672e756ad93de597abbd2a94ea5"}
{"index": {"_index":"spt","_id":"1566540"}}
	{"id":1566540,"type":"sell","buyer":"samarek69","seller":"noypi16","symbol":"SPT","quantity":"9.426131","price":"0.01624000","timestamp":1632342162,"volume":"0.15308037","buyTxId":"30b7d2db331b8b1887d45b2b2bc2fecea61c5252","sellTxId":"d60cc7491e8a5e51acddc6cb3ef0918924364fec"}
{"index": {"_index":"spt","_id":"1566777"}}
	{"id":1566777,"type":"sell","buyer":"samarek69","seller":"revisesociology","symbol":"SPT","quantity":"4.091056","price":"0.01624000","timestamp":1632346728,"volume":"0.06643874","buyTxId":"30b7d2db331b8b1887d45b2b2bc2fecea61c5252","sellTxId":"7290f6f62c1f1c7a33542c00ddc7b09dc5a5cb07"}
{"index": {"_index":"spt","_id":"1566791"}}
	{"id":1566791,"type":"buy","buyer":"samarek69","seller":"laundrywoman","symbol":"SPT","quantity":"3.039200","price":"0.01623999","timestamp":1632346857,"volume":"0.04935658","buyTxId":"8ff979d4a94ace788c0aaa77379f9ba4673247c6","sellTxId":"6b95cb8c9533a36fec42e58d8f43babd0e55f9f9"}
{"index": {"_index":"spt","_id":"1566850"}}
	{"id":1566850,"type":"sell","buyer":"assasin","seller":"revisesociology","symbol":"SPT","quantity":"40.000000","price":"0.01600000","timestamp":1632348003,"volume":"0.64000000","buyTxId":"58a321401b295937e53cb5de8e6a180c3be5a814","sellTxId":"f59d8b0680dc77c1dbcf66ce1be9d54c16d34569"}
{"index": {"_index":"spt","_id":"1566887"}}
	{"id":1566887,"type":"buy","buyer":"psychkrhoz","seller":"laundrywoman","symbol":"SPT","quantity":"172.189262","price":"0.01623899","timestamp":1632348678,"volume":"2.79617970","buyTxId":"69dbc3ee03c3f03f8b011ca32a852c57ced4bd13","sellTxId":"414bcc9454cadec0ad83895c9ed77fd5e81a57ae"}
{"index": {"_index":"spt","_id":"1566904"}}
	{"id":1566904,"type":"sell","buyer":"assasin","seller":"dotwin1981","symbol":"SPT","quantity":"7.602474","price":"0.01600000","timestamp":1632349038,"volume":"0.12163958","buyTxId":"58a321401b295937e53cb5de8e6a180c3be5a814","sellTxId":"6f77f33c3f21159f9d5adea88192e24684876523"}
{"index": {"_index":"spt","_id":"1567002"}}
	{"id":1567002,"type":"sell","buyer":"assasin","seller":"ecoinstant","symbol":"SPT","quantity":"9.664478","price":"0.01600000","timestamp":1632350688,"volume":"0.15463165","buyTxId":"58a321401b295937e53cb5de8e6a180c3be5a814","sellTxId":"7f81944eb0b3366d1560223ab675c0f5c8f645ae"}
{"index": {"_index":"spt","_id":"1567003"}}
	{"id":1567003,"type":"sell","buyer":"granddaddies","seller":"ecoinstant","symbol":"SPT","quantity":"21.805522","price":"0.01550008","timestamp":1632350688,"volume":"0.33798734","buyTxId":"a7ab3a096f4089fa09b78025ffe5ee2670547691","sellTxId":"7f81944eb0b3366d1560223ab675c0f5c8f645ae"}
{"index": {"_index":"spt","_id":"1567072"}}
	{"id":1567072,"type":"sell","buyer":"ahmetay","seller":"stickupofficial1","symbol":"SPT","quantity":"4.731905","price":"0.01550000","timestamp":1632351987,"volume":"0.07334453","buyTxId":"3ac777da64319ce1c187aeb2ad227211ef24a116","sellTxId":"d63766d2ee2915aacb0dc67665a6e3a4bc403e34"}
{"index": {"_index":"spt","_id":"1567077"}}
	{"id":1567077,"type":"sell","buyer":"ahmetay","seller":"jakkal","symbol":"SPT","quantity":"6.984446","price":"0.01550000","timestamp":1632352077,"volume":"0.10825891","buyTxId":"3ac777da64319ce1c187aeb2ad227211ef24a116","sellTxId":"ff08e6c7a861bd103f16b96493f6d8def4f4caf7"}
{"index": {"_index":"spt","_id":"1567136"}}
	{"id":1567136,"type":"buy","buyer":"samarek69","seller":"laundrywoman","symbol":"SPT","quantity":"0.391700","price":"0.01623899","timestamp":1632353406,"volume":"0.00636081","buyTxId":"962cea10a6cd5c524368ae307e8cdb87d4e01996","sellTxId":"414bcc9454cadec0ad83895c9ed77fd5e81a57ae"}
{"index": {"_index":"spt","_id":"1567183"}}
	{"id":1567183,"type":"sell","buyer":"ahmetay","seller":"geom","symbol":"SPT","quantity":"8.505135","price":"0.01550000","timestamp":1632354357,"volume":"0.13182959","buyTxId":"3ac777da64319ce1c187aeb2ad227211ef24a116","sellTxId":"f4fd5e1ca23143b26853d34094893068e9a84294"}
{"index": {"_index":"spt","_id":"1567218"}}
	{"id":1567218,"type":"sell","buyer":"ahmetay","seller":"spt-curate","symbol":"SPT","quantity":"433.968189","price":"0.01550000","timestamp":1632354732,"volume":"6.72650693","buyTxId":"3ac777da64319ce1c187aeb2ad227211ef24a116","sellTxId":"c625e3b016418257b334dce6abd7a61a239c9d34"}
{"index": {"_index":"spt","_id":"1567278"}}
	{"id":1567278,"type":"sell","buyer":"pi-trader","seller":"brofi-market","symbol":"SPT","quantity":"2.206997","price":"0.01550001","timestamp":1632355956,"volume":"0.03420848","buyTxId":"8560d1c8ad82fb33e0e8ea7e1bc49f978ecafa58","sellTxId":"562d17d57a9241d47c2391d8a34a3e8e5b28ad48"}
{"index": {"_index":"spt","_id":"1567302"}}
	{"id":1567302,"type":"sell","buyer":"granddaddies","seller":"finnx","symbol":"SPT","quantity":"901.115902","price":"0.01550002","timestamp":1632356484,"volume":"13.96731450","buyTxId":"ee88b2f76408bf90ffc2938502a175675e699886","sellTxId":"7dbed748c23909320f3f3e178760e8ee6597f1d0"}
{"index": {"_index":"spt","_id":"1567353"}}
	{"id":1567353,"type":"buy","buyer":"sbi-tokens","seller":"spt-curate","symbol":"SPT","quantity":"115.391641","price":"0.01550013","timestamp":1632357546,"volume":"1.78858544","buyTxId":"21b14f67134b683b7108954c820774ffcbaaf6ab","sellTxId":"7f5831a00e7a8a9d078687362d4a76e0ce3e3985"}
{"index": {"_index":"spt","_id":"1567391"}}
	{"id":1567391,"type":"sell","buyer":"sbi-tokens","seller":"dhedge-drips","symbol":"SPT","quantity":"0.050739","price":"0.01560000","timestamp":1632358020,"volume":"0.00079153","buyTxId":"21b14f67134b683b7108954c820774ffcbaaf6ab","sellTxId":"b38a2fda20605de083fa506dffb96b047ea72e54"}
{"index": {"_index":"spt","_id":"1567393"}}
	{"id":1567393,"type":"sell","buyer":"sbi-tokens","seller":"sp3ktraline","symbol":"SPT","quantity":"244.685265","price":"0.01560000","timestamp":1632358023,"volume":"3.81709013","buyTxId":"21b14f67134b683b7108954c820774ffcbaaf6ab","sellTxId":"8e4ef63e4f79b075fe4af568b1019c0dfb85279f"}
{"index": {"_index":"spt","_id":"1567535"}}
	{"id":1567535,"type":"sell","buyer":"sbi-tokens","seller":"chireerocks","symbol":"SPT","quantity":"214.529599","price":"0.01560000","timestamp":1632360117,"volume":"3.34666174","buyTxId":"21b14f67134b683b7108954c820774ffcbaaf6ab","sellTxId":"193c07bec96475b51c54d8787cca95c75ec88c56"}
{"index": {"_index":"spt","_id":"1567609"}}
	{"id":1567609,"type":"sell","buyer":"ahmetay","seller":"karuna21","symbol":"SPT","quantity":"631","price":"0.01560001","timestamp":1632361473,"volume":"9.84360631","buyTxId":"15981e61cfdfee61288829c86ac651489adfdf40","sellTxId":"b761e4faa639c666fc2522aee2265075fb56cfcc"}
{"index": {"_index":"spt","_id":"1567636"}}
	{"id":1567636,"type":"sell","buyer":"ahmetay","seller":"dasboot","symbol":"SPT","quantity":"112.267812","price":"0.01560001","timestamp":1632361902,"volume":"1.75137899","buyTxId":"15981e61cfdfee61288829c86ac651489adfdf40","sellTxId":"bea4fea8d6ba5e8c194d828a16f02ee4f2a3d12c"}
{"index": {"_index":"spt","_id":"1567662"}}
	{"id":1567662,"type":"sell","buyer":"ahmetay","seller":"laritheghost","symbol":"SPT","quantity":"205.000000","price":"0.01560001","timestamp":1632362349,"volume":"3.19800205","buyTxId":"15981e61cfdfee61288829c86ac651489adfdf40","sellTxId":"bc955edf5ab2c79d5b78157029ec4f9f099bf1d8"}
{"index": {"_index":"spt","_id":"1567682"}}
	{"id":1567682,"type":"sell","buyer":"ahmetay","seller":"laritheghost","symbol":"SPT","quantity":"300.000000","price":"0.01560001","timestamp":1632362634,"volume":"4.68000300","buyTxId":"15981e61cfdfee61288829c86ac651489adfdf40","sellTxId":"ac068b9875b258698de7b78c0d6bd324a3345d9f"}
{"index": {"_index":"spt","_id":"1567727"}}
	{"id":1567727,"type":"sell","buyer":"ahmetay","seller":"bitcoinflood","symbol":"SPT","quantity":"0.961125","price":"0.01560001","timestamp":1632363447,"volume":"0.01499356","buyTxId":"15981e61cfdfee61288829c86ac651489adfdf40","sellTxId":"f6ffd6ea29667d6219fc9f988332bedbb596eeab"}
{"index": {"_index":"spt","_id":"1567753"}}
	{"id":1567753,"type":"sell","buyer":"ahmetay","seller":"cryptomancer","symbol":"SPT","quantity":"8750.771063","price":"0.01560001","timestamp":1632364179,"volume":"136.51211609","buyTxId":"15981e61cfdfee61288829c86ac651489adfdf40","sellTxId":"d9ee281191b96d29201ad97c2c61a506eef4ed28"}
{"index": {"_index":"spt","_id":"1567754"}}
	{"id":1567754,"type":"sell","buyer":"sbi-tokens","seller":"cryptomancer","symbol":"SPT","quantity":"11914.974936","price":"0.01560000","timestamp":1632364179,"volume":"185.87360900","buyTxId":"21b14f67134b683b7108954c820774ffcbaaf6ab","sellTxId":"d9ee281191b96d29201ad97c2c61a506eef4ed28"}
{"index": {"_index":"spt","_id":"1567841"}}
	{"id":1567841,"type":"sell","buyer":"sbi-tokens","seller":"xabi","symbol":"SPT","quantity":"206.072425","price":"0.01560000","timestamp":1632365427,"volume":"3.21472983","buyTxId":"21b14f67134b683b7108954c820774ffcbaaf6ab","sellTxId":"fdafda46cf3a2e8efbf5ef3196472a67849cb6b0"}
