{"index": {"_index":"spt","_id":"2882068"}}
	{"id":2882068,"type":"sell","buyer":"dechuck","seller":"brofi-market","symbol":"SPT","quantity":"3.230326","price":"0.00290041","timestamp":1646108070,"volume":"0.00936927","buyTxId":"ec850bf769b1dd981f4f5dc3bdb6ff0e06f1c389","sellTxId":"3bb5681823f528eaa0beb3efaf44c15975a2740c"}
{"index": {"_index":"spt","_id":"2882346"}}
	{"id":2882346,"type":"sell","buyer":"dechuck","seller":"mercurial9","symbol":"SPT","quantity":"96.769674","price":"0.00290041","timestamp":1646111727,"volume":"0.28067173","buyTxId":"ec850bf769b1dd981f4f5dc3bdb6ff0e06f1c389","sellTxId":"b8b6b65a880f87fdc5a17e982f1018909f0274f9"}
{"index": {"_index":"spt","_id":"2882495"}}
	{"id":2882495,"type":"sell","buyer":"caimanx","seller":"durlan","symbol":"SPT","quantity":"799.994803","price":"0.00290040","timestamp":1646113830,"volume":"2.32030493","buyTxId":"238ac529cd60df01bce20d7ee6ddda4b0411b074","sellTxId":"b984a0b698ba547d932da87e7fc33935125b2219"}
{"index": {"_index":"spt","_id":"2882496"}}
	{"id":2882496,"type":"sell","buyer":"caimanx","seller":"durlan","symbol":"SPT","quantity":"803.709269","price":"0.00289140","timestamp":1646113830,"volume":"2.32384498","buyTxId":"d16751ff061c412829d08b6c6e1452dcc62d9cd7","sellTxId":"b984a0b698ba547d932da87e7fc33935125b2219"}
{"index": {"_index":"spt","_id":"2882673"}}
	{"id":2882673,"type":"sell","buyer":"caimanx","seller":"dhedge-drips","symbol":"SPT","quantity":"0.289396","price":"0.00289140","timestamp":1646117166,"volume":"0.00083676","buyTxId":"d16751ff061c412829d08b6c6e1452dcc62d9cd7","sellTxId":"de601eaadc5c150dbe9a696a9018121edfecbb0d"}
{"index": {"_index":"spt","_id":"2882771"}}
	{"id":2882771,"type":"buy","buyer":"captainquack22","seller":"master-lamps","symbol":"SPT","quantity":"0.336000","price":"0.00290040","timestamp":1646118474,"volume":"0.00097453","buyTxId":"bffc09d7e794ad95a8489d4b931e3bd2d3cbd543","sellTxId":"10f4c3c4d87f20209d28779ae50bc8161333957e"}
{"index": {"_index":"spt","_id":"2882772"}}
	{"id":2882772,"type":"buy","buyer":"captainquack22","seller":"dhedge-drips","symbol":"SPT","quantity":"0.289396","price":"0.00290040","timestamp":1646118474,"volume":"0.00083936","buyTxId":"bffc09d7e794ad95a8489d4b931e3bd2d3cbd543","sellTxId":"4bbd1a4225ff29aa40ef24796b80ba4972d4d694"}
{"index": {"_index":"spt","_id":"2882773"}}
	{"id":2882773,"type":"buy","buyer":"captainquack22","seller":"mercurial9","symbol":"SPT","quantity":"123.700243","price":"0.00290041","timestamp":1646118474,"volume":"0.35878142","buyTxId":"bffc09d7e794ad95a8489d4b931e3bd2d3cbd543","sellTxId":"b8b6b65a880f87fdc5a17e982f1018909f0274f9"}
{"index": {"_index":"spt","_id":"2882774"}}
	{"id":2882774,"type":"buy","buyer":"captainquack22","seller":"failingforward","symbol":"SPT","quantity":"529.240887","price":"0.00295000","timestamp":1646118474,"volume":"1.56126062","buyTxId":"bffc09d7e794ad95a8489d4b931e3bd2d3cbd543","sellTxId":"8caa0d6c9b2027ff1c315be5fd685979ab29b571"}
{"index": {"_index":"spt","_id":"2882775"}}
	{"id":2882775,"type":"buy","buyer":"captainquack22","seller":"brofi-market","symbol":"SPT","quantity":"3.230326","price":"0.00295000","timestamp":1646118474,"volume":"0.00952946","buyTxId":"bffc09d7e794ad95a8489d4b931e3bd2d3cbd543","sellTxId":"94786b69d93dd2519dbad6fcdb12610450d43f65"}
{"index": {"_index":"spt","_id":"2882776"}}
	{"id":2882776,"type":"buy","buyer":"captainquack22","seller":"laundrywoman","symbol":"SPT","quantity":"1684.073202","price":"0.00319400","timestamp":1646118474,"volume":"5.37892981","buyTxId":"bffc09d7e794ad95a8489d4b931e3bd2d3cbd543","sellTxId":"3a1eac04b4271495cee5eec2190def3b489bd1bd"}
{"index": {"_index":"spt","_id":"2883342"}}
	{"id":2883342,"type":"sell","buyer":"caimanx","seller":"hive-world","symbol":"SPT","quantity":"96.001335","price":"0.00289140","timestamp":1646125356,"volume":"0.27757826","buyTxId":"d16751ff061c412829d08b6c6e1452dcc62d9cd7","sellTxId":"4fd3e9f0b4639aacb12103f82f431da57e84eba4"}
{"index": {"_index":"spt","_id":"2883343"}}
	{"id":2883343,"type":"sell","buyer":"caimanx","seller":"hive-world","symbol":"SPT","quantity":"900.000000","price":"0.00289140","timestamp":1646125356,"volume":"2.60226000","buyTxId":"a3b55f8bcc05a40f626656bd5408048c343a4347","sellTxId":"4fd3e9f0b4639aacb12103f82f431da57e84eba4"}
{"index": {"_index":"spt","_id":"2883360"}}
	{"id":2883360,"type":"sell","buyer":"olezoom","seller":"shebe","symbol":"SPT","quantity":"0.716463","price":"0.00288102","timestamp":1646125551,"volume":"0.00206414","buyTxId":"70e06ae56aca5c52149a25e411caceec4204492c","sellTxId":"238151823dce7edea43641d4640b1830157cec01"}
{"index": {"_index":"spt","_id":"2883574"}}
	{"id":2883574,"type":"sell","buyer":"olezoom","seller":"gringo94","symbol":"SPT","quantity":"33.622527","price":"0.00288102","timestamp":1646128995,"volume":"0.09686717","buyTxId":"70e06ae56aca5c52149a25e411caceec4204492c","sellTxId":"623aa817a586ba422d55e75fa44d39cce8537cfb"}
{"index": {"_index":"spt","_id":"2883646"}}
	{"id":2883646,"type":"sell","buyer":"olezoom","seller":"mightyrocklee","symbol":"SPT","quantity":"215.661010","price":"0.00288102","timestamp":1646130015,"volume":"0.62132368","buyTxId":"70e06ae56aca5c52149a25e411caceec4204492c","sellTxId":"0de53d9969551e078fcf3f834a0d8046ea59e92f"}
{"index": {"_index":"spt","_id":"2883647"}}
	{"id":2883647,"type":"sell","buyer":"multifurcate","seller":"mightyrocklee","symbol":"SPT","quantity":"3272.362595","price":"0.00288100","timestamp":1646130015,"volume":"9.42767664","buyTxId":"a43d264c3855d4bdfc10f27be703eab5f7ac19c5","sellTxId":"0de53d9969551e078fcf3f834a0d8046ea59e92f"}
{"index": {"_index":"spt","_id":"2883814"}}
	{"id":2883814,"type":"buy","buyer":"evernoticethat","seller":"hive-world","symbol":"SPT","quantity":"203.000000","price":"0.00289140","timestamp":1646133132,"volume":"0.58695420","buyTxId":"a40d6c7507e663040c61ef8482ff6dd7f44cd1d1","sellTxId":"4fd3e9f0b4639aacb12103f82f431da57e84eba4"}
{"index": {"_index":"spt","_id":"2884074"}}
	{"id":2884074,"type":"sell","buyer":"multifurcate","seller":"brofi-market","symbol":"SPT","quantity":"0.039564","price":"0.00288100","timestamp":1646136855,"volume":"0.00011398","buyTxId":"ef2d83a0ee0d01399ad3dc2dfac7f52891780170","sellTxId":"414306309a8bca5332124d41efedd583b152d2e7"}
{"index": {"_index":"spt","_id":"2884123"}}
	{"id":2884123,"type":"sell","buyer":"kitsuki","seller":"fedesox","symbol":"SPT","quantity":"509.099848","price":"0.00288000","timestamp":1646137290,"volume":"1.46620756","buyTxId":"bc5c9ebd3bcff92e9b2d9547494a2290df32dcc5","sellTxId":"951aacde33faa11b69e2eadc5ae51682e17b12a7"}
{"index": {"_index":"spt","_id":"2884150"}}
	{"id":2884150,"type":"sell","buyer":"kitsuki","seller":"mathfb","symbol":"SPT","quantity":"790.900152","price":"0.00288000","timestamp":1646137623,"volume":"2.27779244","buyTxId":"bc5c9ebd3bcff92e9b2d9547494a2290df32dcc5","sellTxId":"49e8dc9265e3a606e22567d075b0ebb59b586429"}
{"index": {"_index":"spt","_id":"2884243"}}
	{"id":2884243,"type":"buy","buyer":"danna23","seller":"mathfb","symbol":"SPT","quantity":"340.757354","price":"0.00288000","timestamp":1646138706,"volume":"0.98138118","buyTxId":"a4bd83b12a3f701c4a789647524a80cb89304ba5","sellTxId":"49e8dc9265e3a606e22567d075b0ebb59b586429"}
{"index": {"_index":"spt","_id":"2884252"}}
	{"id":2884252,"type":"sell","buyer":"multifurcate","seller":"dhedge-drips","symbol":"SPT","quantity":"0.003708","price":"0.00286100","timestamp":1646138772,"volume":"0.00001061","buyTxId":"1b312b8b1738cdc347245b8f45bd6c6394546aca","sellTxId":"422a5689f769c18045f839b1a9ae03eec1b5b9f6"}
{"index": {"_index":"spt","_id":"2884335"}}
	{"id":2884335,"type":"buy","buyer":"zionazrael","seller":"mathfb","symbol":"SPT","quantity":"902.562004","price":"0.00288000","timestamp":1646139711,"volume":"2.59937857","buyTxId":"ddf40351fe34160620cf9ee5f42587a394301b8f","sellTxId":"49e8dc9265e3a606e22567d075b0ebb59b586429"}
{"index": {"_index":"spt","_id":"2884336"}}
	{"id":2884336,"type":"buy","buyer":"zionazrael","seller":"dhedge-drips","symbol":"SPT","quantity":"0.003708","price":"0.00288000","timestamp":1646139711,"volume":"0.00001068","buyTxId":"ddf40351fe34160620cf9ee5f42587a394301b8f","sellTxId":"ec989c6a9d9968b3bc26c3af777fce49713c3837"}
{"index": {"_index":"spt","_id":"2884539"}}
	{"id":2884539,"type":"sell","buyer":"multifurcate","seller":"elricmoonslayer","symbol":"SPT","quantity":"12.530544","price":"0.00286100","timestamp":1646142177,"volume":"0.03584989","buyTxId":"1b312b8b1738cdc347245b8f45bd6c6394546aca","sellTxId":"2b6ef7c877daef55d6d531db7bbeb22efcc0a704"}
{"index": {"_index":"spt","_id":"2884921"}}
	{"id":2884921,"type":"sell","buyer":"multifurcate","seller":"zetaku","symbol":"SPT","quantity":"8.208602","price":"0.00286100","timestamp":1646147427,"volume":"0.02348481","buyTxId":"1b312b8b1738cdc347245b8f45bd6c6394546aca","sellTxId":"45bc711f483a8ca43b85a8437350607926a6aa30"}
{"index": {"_index":"spt","_id":"2884990"}}
	{"id":2884990,"type":"sell","buyer":"multifurcate","seller":"hawks21","symbol":"SPT","quantity":"831.229887","price":"0.00286100","timestamp":1646148114,"volume":"2.37814871","buyTxId":"1b312b8b1738cdc347245b8f45bd6c6394546aca","sellTxId":"34a390eeb6471995883dbef6ed09daeecbb0cb44"}
{"index": {"_index":"spt","_id":"2885116"}}
	{"id":2885116,"type":"sell","buyer":"multifurcate","seller":"ninjazillaz","symbol":"SPT","quantity":"202.355436","price":"0.00286100","timestamp":1646149902,"volume":"0.57893890","buyTxId":"1b312b8b1738cdc347245b8f45bd6c6394546aca","sellTxId":"74ad27afbe6199576c277422227c7737286c9ed6"}
{"index": {"_index":"spt","_id":"2885144"}}
	{"id":2885144,"type":"buy","buyer":"adrianus","seller":"sawcraz.art","symbol":"SPT","quantity":"7.973685","price":"0.00289000","timestamp":1646150352,"volume":"0.02304395","buyTxId":"59254bd3da4c6d9cb9c81068f3a6a7d8952522fc","sellTxId":"811c7ebf0306dad394aa94cf986b552007b75cdf"}
{"index": {"_index":"spt","_id":"2885194"}}
	{"id":2885194,"type":"sell","buyer":"dechuck","seller":"brofi-market","symbol":"SPT","quantity":"0.226013","price":"0.00286101","timestamp":1646151066,"volume":"0.00064663","buyTxId":"5779a8cca76cf2e7f0e8bff7916fc6b56347dadc","sellTxId":"1a4272443c36a3f92223ce8f24fb1b822f8cd33e"}
{"index": {"_index":"spt","_id":"2885212"}}
	{"id":2885212,"type":"buy","buyer":"zionazrael","seller":"sawcraz.art","symbol":"SPT","quantity":"4887.601299","price":"0.00289000","timestamp":1646151192,"volume":"14.12516775","buyTxId":"4ea67da8f6f20e5e535cfa7f35ae47450e10b820","sellTxId":"811c7ebf0306dad394aa94cf986b552007b75cdf"}
{"index": {"_index":"spt","_id":"2885213"}}
	{"id":2885213,"type":"buy","buyer":"zionazrael","seller":"brofi-market","symbol":"SPT","quantity":"0.226013","price":"0.00289000","timestamp":1646151192,"volume":"0.00065318","buyTxId":"4ea67da8f6f20e5e535cfa7f35ae47450e10b820","sellTxId":"3b62717346059899269a0bb216a8a21f012f2c74"}
{"index": {"_index":"spt","_id":"2885715"}}
	{"id":2885715,"type":"buy","buyer":"happy0107","seller":"hive-world","symbol":"SPT","quantity":"0.998665","price":"0.00289140","timestamp":1646155821,"volume":"0.00288754","buyTxId":"56e6a913d34f387380edba8ed6227b39d0f12ec1","sellTxId":"4fd3e9f0b4639aacb12103f82f431da57e84eba4"}
{"index": {"_index":"spt","_id":"2885716"}}
	{"id":2885716,"type":"buy","buyer":"happy0107","seller":"brofi-market","symbol":"SPT","quantity":"0.039564","price":"0.00289140","timestamp":1646155821,"volume":"0.00011440","buyTxId":"56e6a913d34f387380edba8ed6227b39d0f12ec1","sellTxId":"eefb8f14e24a823284d83fb6dd984840be53e216"}
{"index": {"_index":"spt","_id":"2885717"}}
	{"id":2885717,"type":"buy","buyer":"happy0107","seller":"elenkar","symbol":"SPT","quantity":"2.527176","price":"0.00313000","timestamp":1646155821,"volume":"0.00791006","buyTxId":"56e6a913d34f387380edba8ed6227b39d0f12ec1","sellTxId":"4111ffec8ad521f96520de87abb6bf81e75fe858"}
{"index": {"_index":"spt","_id":"2885718"}}
	{"id":2885718,"type":"buy","buyer":"happy0107","seller":"underlock","symbol":"SPT","quantity":"600.000000","price":"0.00313950","timestamp":1646155821,"volume":"1.88370000","buyTxId":"56e6a913d34f387380edba8ed6227b39d0f12ec1","sellTxId":"fea92a83f2991398ae90ddae2265b1174c4a43ae"}
{"index": {"_index":"spt","_id":"2885719"}}
	{"id":2885719,"type":"buy","buyer":"happy0107","seller":"kitsuki","symbol":"SPT","quantity":"500.000000","price":"0.00314000","timestamp":1646155821,"volume":"1.57000000","buyTxId":"56e6a913d34f387380edba8ed6227b39d0f12ec1","sellTxId":"cf8100dd5f29e27e9463e184d7b67e309439cc31"}
{"index": {"_index":"spt","_id":"2885720"}}
	{"id":2885720,"type":"buy","buyer":"happy0107","seller":"underlock","symbol":"SPT","quantity":"100.000000","price":"0.00315000","timestamp":1646155821,"volume":"0.31500000","buyTxId":"56e6a913d34f387380edba8ed6227b39d0f12ec1","sellTxId":"ee07604738b33c4f734a46e6643c14eba2d8d1b6"}
{"index": {"_index":"spt","_id":"2885721"}}
	{"id":2885721,"type":"buy","buyer":"happy0107","seller":"underlock","symbol":"SPT","quantity":"200.000000","price":"0.00316900","timestamp":1646155821,"volume":"0.63380000","buyTxId":"56e6a913d34f387380edba8ed6227b39d0f12ec1","sellTxId":"bbb9c3c96daa0a6e4a059fe86e4e465cf569552b"}
{"index": {"_index":"spt","_id":"2885722"}}
	{"id":2885722,"type":"buy","buyer":"happy0107","seller":"kitsuki","symbol":"SPT","quantity":"500.000000","price":"0.00319000","timestamp":1646155821,"volume":"1.59500000","buyTxId":"56e6a913d34f387380edba8ed6227b39d0f12ec1","sellTxId":"2296bb3f097f20b2069c81d66dd4f52dc56d67f9"}
{"index": {"_index":"spt","_id":"2885723"}}
	{"id":2885723,"type":"buy","buyer":"happy0107","seller":"underlock","symbol":"SPT","quantity":"300.000000","price":"0.00319330","timestamp":1646155821,"volume":"0.95799000","buyTxId":"56e6a913d34f387380edba8ed6227b39d0f12ec1","sellTxId":"cd50659b736e28f3910b9aa4b08261a36ba58825"}
{"index": {"_index":"spt","_id":"2885724"}}
	{"id":2885724,"type":"buy","buyer":"happy0107","seller":"underlock","symbol":"SPT","quantity":"465.122275","price":"0.00319560","timestamp":1646155821,"volume":"1.48634474","buyTxId":"56e6a913d34f387380edba8ed6227b39d0f12ec1","sellTxId":"b0115a91763c28ba154dc8e08967745def52b0fd"}
{"index": {"_index":"spt","_id":"2885725"}}
	{"id":2885725,"type":"buy","buyer":"happy0107","seller":"brofi-market","symbol":"SPT","quantity":"0.002500","price":"0.00319900","timestamp":1646155821,"volume":"0.00000800","buyTxId":"56e6a913d34f387380edba8ed6227b39d0f12ec1","sellTxId":"4e1a5162765fbda711947261a402f1e163535bf0"}
{"index": {"_index":"spt","_id":"2885726"}}
	{"id":2885726,"type":"buy","buyer":"happy0107","seller":"laundrywoman","symbol":"SPT","quantity":"18982.973141","price":"0.00319900","timestamp":1646155821,"volume":"60.72653108","buyTxId":"56e6a913d34f387380edba8ed6227b39d0f12ec1","sellTxId":"57efaeb0550e76360e0417353a4f01cd4ee15807"}
{"index": {"_index":"spt","_id":"2885753"}}
	{"id":2885753,"type":"sell","buyer":"multifurcate","seller":"crypt-skip","symbol":"SPT","quantity":"1356.614116","price":"0.00286202","timestamp":1646156118,"volume":"3.88265673","buyTxId":"c3ad83ab1f3806b82025033e9f131aca89605e5a","sellTxId":"d94a587bbf5c2ee5431e2df49b44a7e5ae592f5c"}
{"index": {"_index":"spt","_id":"2885766"}}
	{"id":2885766,"type":"sell","buyer":"kitsuki","seller":"dswap","symbol":"SPT","quantity":"479.104034","price":"0.00287000","timestamp":1646156364,"volume":"1.37502858","buyTxId":"1585ba7cc14fb3d7b8a6824b011a816f9709fcc1","sellTxId":"7eaec616d6d08da51bb3ac402d04aee172f08de7"}
{"index": {"_index":"spt","_id":"2885874"}}
	{"id":2885874,"type":"buy","buyer":"jongolson","seller":"kitsuki","symbol":"SPT","quantity":"200.000000","price":"0.00319000","timestamp":1646157825,"volume":"0.63800000","buyTxId":"4cc8bb583a176113eb82caeab3b442ae2b2abf4f","sellTxId":"e014192863def27ad510a3d36aa571baafb2737f"}
{"index": {"_index":"spt","_id":"2885875"}}
	{"id":2885875,"type":"buy","buyer":"jongolson","seller":"sbi-tokens","symbol":"SPT","quantity":"800.000000","price":"0.00320000","timestamp":1646157825,"volume":"2.56000000","buyTxId":"4cc8bb583a176113eb82caeab3b442ae2b2abf4f","sellTxId":"68bf31673594f0c4df63bb25bc34ab64dc37f6a5"}
{"index": {"_index":"spt","_id":"2885879"}}
	{"id":2885879,"type":"sell","buyer":"kitsuki","seller":"catomoon","symbol":"SPT","quantity":"0.970940","price":"0.00287000","timestamp":1646157906,"volume":"0.00278660","buyTxId":"1585ba7cc14fb3d7b8a6824b011a816f9709fcc1","sellTxId":"9f92c870a673f305668997325b0d84554104ade8"}
{"index": {"_index":"spt","_id":"2886144"}}
	{"id":2886144,"type":"sell","buyer":"kitsuki","seller":"dhedge-drips","symbol":"SPT","quantity":"0.021189","price":"0.00287000","timestamp":1646160357,"volume":"0.00006081","buyTxId":"1585ba7cc14fb3d7b8a6824b011a816f9709fcc1","sellTxId":"b7ec3bea87b5f63feacdcf088fb4a6ff76719f53"}
{"index": {"_index":"spt","_id":"2886169"}}
	{"id":2886169,"type":"sell","buyer":"kitsuki","seller":"decepticons","symbol":"SPT","quantity":"169.903837","price":"0.00287000","timestamp":1646160615,"volume":"0.48762401","buyTxId":"1585ba7cc14fb3d7b8a6824b011a816f9709fcc1","sellTxId":"0f8917aaaec2c510fda4377c387ffe819a7f6b9f"}
{"index": {"_index":"spt","_id":"2886170"}}
	{"id":2886170,"type":"sell","buyer":"dechuck","seller":"decepticons","symbol":"SPT","quantity":"99.773987","price":"0.00286101","timestamp":1646160615,"volume":"0.28545437","buyTxId":"5779a8cca76cf2e7f0e8bff7916fc6b56347dadc","sellTxId":"0f8917aaaec2c510fda4377c387ffe819a7f6b9f"}
{"index": {"_index":"spt","_id":"2886171"}}
	{"id":2886171,"type":"sell","buyer":"multifurcate","seller":"decepticons","symbol":"SPT","quantity":"445.322176","price":"0.00286100","timestamp":1646160615,"volume":"1.27406675","buyTxId":"ed1e8e6641591962c71246f66a234a5aafde5de2","sellTxId":"0f8917aaaec2c510fda4377c387ffe819a7f6b9f"}
{"index": {"_index":"spt","_id":"2886474"}}
	{"id":2886474,"type":"buy","buyer":"heutorybr","seller":"laundrywoman","symbol":"SPT","quantity":"664.685858","price":"0.00319900","timestamp":1646164197,"volume":"2.12633006","buyTxId":"199fc607889188e6931a37c88a26178a2f5e28d8","sellTxId":"5014a19d0e8e7a6a44678917811f19001379dc48"}
{"index": {"_index":"spt","_id":"2886539"}}
	{"id":2886539,"type":"buy","buyer":"happy0107","seller":"mvl2304","symbol":"SPT","quantity":"1767.863115","price":"0.00303000","timestamp":1646165145,"volume":"5.35662524","buyTxId":"fbf778789e67b601b7cc4f2d166f818a6d18e58c","sellTxId":"bc91289700caf77e6de498d18bb2e26242ee27a0"}
{"index": {"_index":"spt","_id":"2886540"}}
	{"id":2886540,"type":"buy","buyer":"happy0107","seller":"laundrywoman","symbol":"SPT","quantity":"40137.371172","price":"0.00319900","timestamp":1646165145,"volume":"128.39945038","buyTxId":"fbf778789e67b601b7cc4f2d166f818a6d18e58c","sellTxId":"5014a19d0e8e7a6a44678917811f19001379dc48"}
{"index": {"_index":"spt","_id":"2886570"}}
	{"id":2886570,"type":"sell","buyer":"multifurcate","seller":"brofi-market","symbol":"SPT","quantity":"0.069362","price":"0.00286100","timestamp":1646165379,"volume":"0.00019844","buyTxId":"ed1e8e6641591962c71246f66a234a5aafde5de2","sellTxId":"a747b8a96ecb3c2243fa8625dd5b410e1e95cd0d"}
{"index": {"_index":"spt","_id":"2886580"}}
	{"id":2886580,"type":"sell","buyer":"multifurcate","seller":"achim03","symbol":"SPT","quantity":"1445.000000","price":"0.00286100","timestamp":1646165448,"volume":"4.13414500","buyTxId":"ed1e8e6641591962c71246f66a234a5aafde5de2","sellTxId":"6a9be7c783801e6ac9d5697d990a30712b4d34bd"}
{"index": {"_index":"spt","_id":"2886654"}}
	{"id":2886654,"type":"sell","buyer":"multifurcate","seller":"bronko","symbol":"SPT","quantity":"6.340904","price":"0.00286300","timestamp":1646166156,"volume":"0.01815401","buyTxId":"1ad67f97cf1daad82671f32e95a7678f31450570","sellTxId":"d669634ad9e327c5d480c33b61eed4b53f310fb0"}
{"index": {"_index":"spt","_id":"2886691"}}
	{"id":2886691,"type":"sell","buyer":"multifurcate","seller":"filoriologo","symbol":"SPT","quantity":"1853.647817","price":"0.00286300","timestamp":1646166405,"volume":"5.30699370","buyTxId":"1ad67f97cf1daad82671f32e95a7678f31450570","sellTxId":"7ffe18bbe2f718f1352b0b49660c9432ff99cfd7"}
{"index": {"_index":"spt","_id":"2886699"}}
	{"id":2886699,"type":"sell","buyer":"multifurcate","seller":"saulos","symbol":"SPT","quantity":"64.690000","price":"0.00286300","timestamp":1646166438,"volume":"0.18520747","buyTxId":"1ad67f97cf1daad82671f32e95a7678f31450570","sellTxId":"f6b1143d061ca3d82c6e0da419f8a87f93b02a20"}
{"index": {"_index":"spt","_id":"2886777"}}
	{"id":2886777,"type":"sell","buyer":"multifurcate","seller":"emeka4","symbol":"SPT","quantity":"41.193594","price":"0.00286300","timestamp":1646167416,"volume":"0.11793726","buyTxId":"1ad67f97cf1daad82671f32e95a7678f31450570","sellTxId":"0c8acc6bd70dc1f27078b0fc1c10b40e76365c9b"}
{"index": {"_index":"spt","_id":"2887032"}}
	{"id":2887032,"type":"sell","buyer":"multifurcate","seller":"themightyvolcano","symbol":"SPT","quantity":"34000.000000","price":"0.00290100","timestamp":1646169732,"volume":"98.63400000","buyTxId":"df47461016186e9f7ddb77cd20153162d17e850b","sellTxId":"a581262ecf844e707d16d31c2aad8cfbece5fe09"}
{"index": {"_index":"spt","_id":"2887109"}}
	{"id":2887109,"type":"buy","buyer":"grimmazrael","seller":"laundrywoman","symbol":"SPT","quantity":"16.000000","price":"0.00309900","timestamp":1646170671,"volume":"0.04958400","buyTxId":"8cb3eb86b771abfa346886446dd587586103be22","sellTxId":"3f3797d4e819b14ddf14fb995c7e8867d1950e2a"}
{"index": {"_index":"spt","_id":"2887170"}}
	{"id":2887170,"type":"buy","buyer":"uyobong","seller":"laundrywoman","symbol":"SPT","quantity":"410.000000","price":"0.00309900","timestamp":1646171439,"volume":"1.27059000","buyTxId":"025683c0d57a0e38b31f9f5a13c66c5e129b21db","sellTxId":"3f3797d4e819b14ddf14fb995c7e8867d1950e2a"}
{"index": {"_index":"spt","_id":"2887477"}}
	{"id":2887477,"type":"sell","buyer":"multifurcate","seller":"ikafun28","symbol":"SPT","quantity":"0.454066","price":"0.00290100","timestamp":1646175153,"volume":"0.00131725","buyTxId":"df47461016186e9f7ddb77cd20153162d17e850b","sellTxId":"45b86849b5686bfaeccad5062812ed70585d1b07"}
{"index": {"_index":"spt","_id":"2887723"}}
	{"id":2887723,"type":"sell","buyer":"sbi-tokens","seller":"applekah","symbol":"SPT","quantity":"11.207212","price":"0.00290000","timestamp":1646177361,"volume":"0.03250091","buyTxId":"6db760fd738322828c62f54d511e678e3edc847e","sellTxId":"9ea28860afce75787d07d5cc6e766aa19dbca5a2"}
{"index": {"_index":"spt","_id":"2887774"}}
	{"id":2887774,"type":"sell","buyer":"sbi-tokens","seller":"cryptonumbers","symbol":"SPT","quantity":"472.430057","price":"0.00290000","timestamp":1646177826,"volume":"1.37004717","buyTxId":"6db760fd738322828c62f54d511e678e3edc847e","sellTxId":"3522b43df45b404a941daf304ecbda23b8c18389"}
{"index": {"_index":"spt","_id":"2887955"}}
	{"id":2887955,"type":"sell","buyer":"sbi-tokens","seller":"edskymiguel","symbol":"SPT","quantity":"13.014419","price":"0.00290000","timestamp":1646179851,"volume":"0.03774182","buyTxId":"6db760fd738322828c62f54d511e678e3edc847e","sellTxId":"b53f47fa2323a9e8985c1969d9873566653c87fc"}
{"index": {"_index":"spt","_id":"2887959"}}
	{"id":2887959,"type":"sell","buyer":"sbi-tokens","seller":"eturnerx","symbol":"SPT","quantity":"0.510","price":"0.00290000","timestamp":1646179893,"volume":"0.00147900","buyTxId":"6db760fd738322828c62f54d511e678e3edc847e","sellTxId":"103497d9d05bbd2abbf88cf555edff278d94527c"}
{"index": {"_index":"spt","_id":"2887982"}}
	{"id":2887982,"type":"sell","buyer":"sbi-tokens","seller":"brofi-market","symbol":"SPT","quantity":"2.749852","price":"0.00290000","timestamp":1646180022,"volume":"0.00797457","buyTxId":"6db760fd738322828c62f54d511e678e3edc847e","sellTxId":"d0990c93930bd59da30c444d4959862c0ab62bfd"}
{"index": {"_index":"spt","_id":"2888041"}}
	{"id":2888041,"type":"sell","buyer":"sbi-tokens","seller":"chireerocks","symbol":"SPT","quantity":"89.421889","price":"0.00290000","timestamp":1646180463,"volume":"0.25932348","buyTxId":"6db760fd738322828c62f54d511e678e3edc847e","sellTxId":"f6424ffc667c035479165f90928b917d82edfb76"}
{"index": {"_index":"spt","_id":"2888139"}}
	{"id":2888139,"type":"sell","buyer":"sbi-tokens","seller":"dhedge-drips","symbol":"SPT","quantity":"0.006863","price":"0.00290000","timestamp":1646181999,"volume":"0.00001990","buyTxId":"6db760fd738322828c62f54d511e678e3edc847e","sellTxId":"6b3077940bf10aae5170f10c90c8ec82643bd2ea"}
{"index": {"_index":"spt","_id":"2888395"}}
	{"id":2888395,"type":"buy","buyer":"bananofarmer","seller":"he-index","symbol":"SPT","quantity":"0.037000","price":"0.00290100","timestamp":1646185377,"volume":"0.00010734","buyTxId":"5efcfa0f4ff88cffaa63a3711641a42527fcb73f","sellTxId":"960ca2f32e36a7ee8fbb310f7d3d2036361864fd"}
{"index": {"_index":"spt","_id":"2888396"}}
	{"id":2888396,"type":"buy","buyer":"bananofarmer","seller":"brofi-market","symbol":"SPT","quantity":"2.749852","price":"0.00290100","timestamp":1646185377,"volume":"0.00797732","buyTxId":"5efcfa0f4ff88cffaa63a3711641a42527fcb73f","sellTxId":"00bc38cc9a79f69bc385b09c7312d7934bd8fc8c"}
{"index": {"_index":"spt","_id":"2888397"}}
	{"id":2888397,"type":"buy","buyer":"bananofarmer","seller":"dhedge-drips","symbol":"SPT","quantity":"0.006863","price":"0.00290100","timestamp":1646185377,"volume":"0.00001991","buyTxId":"5efcfa0f4ff88cffaa63a3711641a42527fcb73f","sellTxId":"11e298ecbc81662ac5545d22d613e4d1252d1c7f"}
{"index": {"_index":"spt","_id":"2888407"}}
	{"id":2888407,"type":"buy","buyer":"bananofarmer","seller":"shauner","symbol":"SPT","quantity":"250.000000","price":"0.00300000","timestamp":1646185470,"volume":"0.75000000","buyTxId":"42539e7058586ca635eb2d78ba92eda0e6a7ac54","sellTxId":"5fddda60a324fe5d7e1660b54ba2ee5862a5ba9c"}
{"index": {"_index":"spt","_id":"2888765"}}
	{"id":2888765,"type":"sell","buyer":"sbi-tokens","seller":"bearbear613","symbol":"SPT","quantity":"11.800750","price":"0.00290000","timestamp":1646190321,"volume":"0.03422218","buyTxId":"6db760fd738322828c62f54d511e678e3edc847e","sellTxId":"93a43eab738a96587736ff407649f809c046503f"}
{"index": {"_index":"spt","_id":"2888784"}}
	{"id":2888784,"type":"sell","buyer":"sbi-tokens","seller":"cynano","symbol":"SPT","quantity":"166.732163","price":"0.00290000","timestamp":1646190516,"volume":"0.48352327","buyTxId":"6db760fd738322828c62f54d511e678e3edc847e","sellTxId":"8601390dbab0111baf466971dbc9ccb83282b69d"}
