{"index": {"_index":"spt","_id":"3781406"}}
	{"id":3781406,"type":"buy","buyer":"pjansen","seller":"glimpsytips.dex","symbol":"SPT","quantity":"4.000000","price":"0.00229999","timestamp":1656297600,"volume":"0.00919996","buyTxId":"64e4441a406883a3265b11f12d3dee143861b500","sellTxId":"95b9cf6effea08f592fdd1fc3c4877fc45eba4e8"}
{"index": {"_index":"spt","_id":"3781407"}}
	{"id":3781407,"type":"buy","buyer":"pjansen","seller":"alexandrzombi","symbol":"SPT","quantity":"0.520893","price":"0.00230000","timestamp":1656297600,"volume":"0.00119805","buyTxId":"64e4441a406883a3265b11f12d3dee143861b500","sellTxId":"d294d80fa810db1404ec5c6ba9d30a5f1887d21c"}
{"index": {"_index":"spt","_id":"3781408"}}
	{"id":3781408,"type":"buy","buyer":"pjansen","seller":"groentje","symbol":"SPT","quantity":"0.042673","price":"0.00239000","timestamp":1656297600,"volume":"0.00010199","buyTxId":"64e4441a406883a3265b11f12d3dee143861b500","sellTxId":"755185f7be0ba05680b46c40c45b46fca8e4dcc8"}
{"index": {"_index":"spt","_id":"3781482"}}
	{"id":3781482,"type":"buy","buyer":"pjansen","seller":"koreaminer","symbol":"SPT","quantity":"150.680000","price":"0.00229000","timestamp":1656299178,"volume":"0.34505720","buyTxId":"cfbd22a54aeac265af6f627701674189b71210ab","sellTxId":"9c5d5a0a8e78e1d68d81482d4f91738e01b9789c"}
{"index": {"_index":"spt","_id":"3781483"}}
	{"id":3781483,"type":"buy","buyer":"pjansen","seller":"groentje","symbol":"SPT","quantity":"0.017907","price":"0.00239000","timestamp":1656299178,"volume":"0.00004280","buyTxId":"cfbd22a54aeac265af6f627701674189b71210ab","sellTxId":"755185f7be0ba05680b46c40c45b46fca8e4dcc8"}
{"index": {"_index":"spt","_id":"3781509"}}
	{"id":3781509,"type":"buy","buyer":"evernoticethat","seller":"groentje","symbol":"SPT","quantity":"354.048288","price":"0.00239000","timestamp":1656299370,"volume":"0.84617541","buyTxId":"f80e5c84af64ec7fb0fdd5443487a53cfbe00768","sellTxId":"755185f7be0ba05680b46c40c45b46fca8e4dcc8"}
{"index": {"_index":"spt","_id":"3781600"}}
	{"id":3781600,"type":"sell","buyer":"glimpsytips.dex","seller":"zakludick","symbol":"SPT","quantity":"1.000000","price":"0.00200101","timestamp":1656300822,"volume":"0.00200101","buyTxId":"3d26fe388468f34877e0a02bbee4173f5bff8c0e","sellTxId":"f4414c650345ac1fa117833e2c5c8a8d55778638"}
{"index": {"_index":"spt","_id":"3781601"}}
	{"id":3781601,"type":"sell","buyer":"multifurcate","seller":"zakludick","symbol":"SPT","quantity":"60.047565","price":"0.00200100","timestamp":1656300822,"volume":"0.12015518","buyTxId":"ac5aa4f16941dd624eb268a5e3f9e9e48464dcbd","sellTxId":"f4414c650345ac1fa117833e2c5c8a8d55778638"}
{"index": {"_index":"spt","_id":"3781734"}}
	{"id":3781734,"type":"sell","buyer":"multifurcate","seller":"tt88","symbol":"SPT","quantity":"58.863671","price":"0.00201100","timestamp":1656302490,"volume":"0.11837484","buyTxId":"35c568b94cc86fcc92afcd41491078a19dde4b49","sellTxId":"5c37132d1ff6c867ff9e7e90b8eafa3a2d0a1cbc"}
{"index": {"_index":"spt","_id":"3781901"}}
	{"id":3781901,"type":"buy","buyer":"shaddrak","seller":"glimpsytips.dex","symbol":"SPT","quantity":"1.000000","price":"0.00238997","timestamp":1656305295,"volume":"0.00238997","buyTxId":"6b3b72cc0ca74c44d4d8ac8c436d677507951696","sellTxId":"67527ee545961a612ff78d29dcb439e29b0f9b25"}
{"index": {"_index":"spt","_id":"3781902"}}
	{"id":3781902,"type":"buy","buyer":"shaddrak","seller":"steemincome","symbol":"SPT","quantity":"375.804412","price":"0.00238998","timestamp":1656305295,"volume":"0.89816503","buyTxId":"6b3b72cc0ca74c44d4d8ac8c436d677507951696","sellTxId":"c2c917f71faa55c9cf4414b4c686f0b69d4aedea"}
{"index": {"_index":"spt","_id":"3781970"}}
	{"id":3781970,"type":"buy","buyer":"evernoticethat","seller":"steemincome","symbol":"SPT","quantity":"1567.377132","price":"0.00238998","timestamp":1656306681,"volume":"3.746","buyTxId":"52d3a3a6cd20b469227ac61da2a4f22f540f718d","sellTxId":"c2c917f71faa55c9cf4414b4c686f0b69d4aedea"}
{"index": {"_index":"spt","_id":"3782617"}}
	{"id":3782617,"type":"sell","buyer":"glimpsytips.dex","seller":"pjansen","symbol":"SPT","quantity":"1.000000","price":"0.00225601","timestamp":1656313272,"volume":"0.00225601","buyTxId":"c61694308b948f1829d3835b8050f38b1b7d8345","sellTxId":"93621002522c2dd77bf33c4a063c2c44f9d4c852"}
{"index": {"_index":"spt","_id":"3782618"}}
	{"id":3782618,"type":"sell","buyer":"multifurcate","seller":"pjansen","symbol":"SPT","quantity":"980.040984","price":"0.00225600","timestamp":1656313272,"volume":"2.21097246","buyTxId":"85d62b3565c8d91d296ec588fc4b9ba51c125d54","sellTxId":"93621002522c2dd77bf33c4a063c2c44f9d4c852"}
{"index": {"_index":"spt","_id":"3782929"}}
	{"id":3782929,"type":"sell","buyer":"multifurcate","seller":"socialmediaseo","symbol":"SPT","quantity":"23.568853","price":"0.00228100","timestamp":1656318213,"volume":"0.05376055","buyTxId":"a1aedc5899fee52eb9f9d5d6c8c0e2d95f5be94d","sellTxId":"e57b3bd176fc58d8e50f9e186a080aafc31dc5cf"}
{"index": {"_index":"spt","_id":"3783003"}}
	{"id":3783003,"type":"sell","buyer":"multifurcate","seller":"zasktrader","symbol":"SPT","quantity":"25484.000000","price":"0.00228100","timestamp":1656319167,"volume":"58.12900400","buyTxId":"a1aedc5899fee52eb9f9d5d6c8c0e2d95f5be94d","sellTxId":"6fe265e45dda048ab4765b964eb96958bbef9d6c"}
{"index": {"_index":"spt","_id":"3783081"}}
	{"id":3783081,"type":"sell","buyer":"multifurcate","seller":"pjansen","symbol":"SPT","quantity":"515.325618","price":"0.00228100","timestamp":1656319956,"volume":"1.17545773","buyTxId":"a1aedc5899fee52eb9f9d5d6c8c0e2d95f5be94d","sellTxId":"d860406ff0d4101de90495eef078ba569995c3b5"}
{"index": {"_index":"spt","_id":"3783248"}}
	{"id":3783248,"type":"sell","buyer":"onlydoge","seller":"dswap","symbol":"SPT","quantity":"2268","price":"0.00229000","timestamp":1656322425,"volume":"5.19372000","buyTxId":"89a76972b5411d5a2538936f84f192a0deac4383","sellTxId":"41fb66d8a460a4855883422b1b90aa07d0f7d5da"}
{"index": {"_index":"spt","_id":"3783249"}}
	{"id":3783249,"type":"sell","buyer":"onlydoge","seller":"noblebright","symbol":"SPT","quantity":"9.525506","price":"0.00229000","timestamp":1656322428,"volume":"0.02181341","buyTxId":"89a76972b5411d5a2538936f84f192a0deac4383","sellTxId":"eeda603eebd28783b58341935cb385542d641b3d"}
{"index": {"_index":"spt","_id":"3783255"}}
	{"id":3783255,"type":"buy","buyer":"sansey","seller":"glimpsytips.dex","symbol":"SPT","quantity":"1.000000","price":"0.00237980","timestamp":1656322458,"volume":"0.00237980","buyTxId":"302841e40263acddaba36d9736bf62c039c49d12","sellTxId":"b8d1e874f4dcacef366e35f556f5384792420692"}
{"index": {"_index":"spt","_id":"3783256"}}
	{"id":3783256,"type":"buy","buyer":"sansey","seller":"master-lamps","symbol":"SPT","quantity":"0.330093","price":"0.00237990","timestamp":1656322458,"volume":"0.00078559","buyTxId":"302841e40263acddaba36d9736bf62c039c49d12","sellTxId":"55943474db46285ef71d6d17052e5026219a59ef"}
{"index": {"_index":"spt","_id":"3783257"}}
	{"id":3783257,"type":"buy","buyer":"sansey","seller":"groentje","symbol":"SPT","quantity":"977.661600","price":"0.00238000","timestamp":1656322458,"volume":"2.32683461","buyTxId":"302841e40263acddaba36d9736bf62c039c49d12","sellTxId":"8c11c7c1268062b565d932634a7f86176a1a62d9"}
{"index": {"_index":"spt","_id":"3783285"}}
	{"id":3783285,"type":"sell","buyer":"onlydoge","seller":"humblebeast","symbol":"SPT","quantity":"280.344051","price":"0.00229000","timestamp":1656323067,"volume":"0.64198788","buyTxId":"89a76972b5411d5a2538936f84f192a0deac4383","sellTxId":"88466de59c24ff93c23a6d79e726046b98629468"}
{"index": {"_index":"spt","_id":"3783816"}}
	{"id":3783816,"type":"sell","buyer":"glimpsytips.dex","seller":"dswap","symbol":"SPT","quantity":"5.000000","price":"0.00225601","timestamp":1656328962,"volume":"0.01128005","buyTxId":"836de9e4b8c56484c883f2382879c94c0318d689","sellTxId":"07d990f3856b35fa9a8dd7ff1ac0ee4e869b4f81"}
{"index": {"_index":"spt","_id":"3783817"}}
	{"id":3783817,"type":"sell","buyer":"multifurcate","seller":"dswap","symbol":"SPT","quantity":"587.304012","price":"0.00225600","timestamp":1656328962,"volume":"1.32495785","buyTxId":"6e610c8b7c873e490f33c97c58960be6f3cd2d79","sellTxId":"07d990f3856b35fa9a8dd7ff1ac0ee4e869b4f81"}
{"index": {"_index":"spt","_id":"3783908"}}
	{"id":3783908,"type":"sell","buyer":"multifurcate","seller":"stickupcash","symbol":"SPT","quantity":"337.702976","price":"0.00225600","timestamp":1656330384,"volume":"0.76185791","buyTxId":"6e610c8b7c873e490f33c97c58960be6f3cd2d79","sellTxId":"132dd2182b92a283de130709be679bdf9956c021"}
{"index": {"_index":"spt","_id":"3783941"}}
	{"id":3783941,"type":"sell","buyer":"multifurcate","seller":"greengineer","symbol":"SPT","quantity":"2367.092851","price":"0.00225600","timestamp":1656331077,"volume":"5.34016147","buyTxId":"6e610c8b7c873e490f33c97c58960be6f3cd2d79","sellTxId":"04aff5651a332f8eefa7b4db58f081d17485f9d7"}
{"index": {"_index":"spt","_id":"3784008"}}
	{"id":3784008,"type":"sell","buyer":"multifurcate","seller":"myfreebtc","symbol":"SPT","quantity":"2631.777948","price":"0.00225600","timestamp":1656332682,"volume":"5.93729105","buyTxId":"6e610c8b7c873e490f33c97c58960be6f3cd2d79","sellTxId":"fd2eee876f662a0b48f3c6b7dae3f51bd555d816"}
{"index": {"_index":"spt","_id":"3784043"}}
	{"id":3784043,"type":"buy","buyer":"dbooster","seller":"muzehan","symbol":"SPT","quantity":"500.000000","price":"0.00230000","timestamp":1656333087,"volume":"1.15000000","buyTxId":"08eda9a512eea2eff8871084e2e555a450668cfe","sellTxId":"d21cfa2af27c53c8c587ace5c0e37f320a23ed1b"}
{"index": {"_index":"spt","_id":"3784328"}}
	{"id":3784328,"type":"sell","buyer":"multifurcate","seller":"ukyron3","symbol":"SPT","quantity":"2446.219499","price":"0.00225600","timestamp":1656335301,"volume":"5.51867119","buyTxId":"166f8d56549e5f9e599eeb4b4ae55ee3d509dfb2","sellTxId":"6f753b110a7fe9b966d13f8cfb04c998f6850d67"}
{"index": {"_index":"spt","_id":"3784475"}}
	{"id":3784475,"type":"sell","buyer":"thewycher","seller":"pjansen","symbol":"SPT","quantity":"500.000000","price":"0.00225500","timestamp":1656336417,"volume":"1.12750000","buyTxId":"e861b686525728e13a7dc1ffffee0d284ccd1076","sellTxId":"cea8547254fb4a19e0fb3addc8a7dee405159c95"}
{"index": {"_index":"spt","_id":"3784476"}}
	{"id":3784476,"type":"sell","buyer":"kitsuki","seller":"pjansen","symbol":"SPT","quantity":"1.017055","price":"0.00193210","timestamp":1656336417,"volume":"0.00196505","buyTxId":"c431dc687cf60127b9a3b4447d0b784d799e7deb","sellTxId":"cea8547254fb4a19e0fb3addc8a7dee405159c95"}
{"index": {"_index":"spt","_id":"3784659"}}
	{"id":3784659,"type":"buy","buyer":"evernoticethat","seller":"glimpsytips.dex","symbol":"SPT","quantity":"5.000000","price":"0.00228999","timestamp":1656337785,"volume":"0.01144995","buyTxId":"434f118d640c26de64d2ff3c5423e54aa2bf268d","sellTxId":"493208c488639f75f304b41e24d09c363a5f8f44"}
{"index": {"_index":"spt","_id":"3784660"}}
	{"id":3784660,"type":"buy","buyer":"evernoticethat","seller":"onlydoge","symbol":"SPT","quantity":"2557.869557","price":"0.00229000","timestamp":1656337785,"volume":"5.85752129","buyTxId":"434f118d640c26de64d2ff3c5423e54aa2bf268d","sellTxId":"897f289f2a6ea9061ddf6587cf135c90a1cb0ac8"}
{"index": {"_index":"spt","_id":"3784661"}}
	{"id":3784661,"type":"buy","buyer":"evernoticethat","seller":"electru","symbol":"SPT","quantity":"2261.661793","price":"0.00229978","timestamp":1656337785,"volume":"5.20132456","buyTxId":"434f118d640c26de64d2ff3c5423e54aa2bf268d","sellTxId":"fdd9a682d6a84a19f944c823fcf904c1d702564a"}
{"index": {"_index":"spt","_id":"3784662"}}
	{"id":3784662,"type":"buy","buyer":"evernoticethat","seller":"underlock","symbol":"SPT","quantity":"2321.006930","price":"0.00229979","timestamp":1656337785,"volume":"5.33782853","buyTxId":"434f118d640c26de64d2ff3c5423e54aa2bf268d","sellTxId":"93f95f8a30169a8c589c2f496cc2486fb82daffb"}
{"index": {"_index":"spt","_id":"3784663"}}
	{"id":3784663,"type":"buy","buyer":"evernoticethat","seller":"muzehan","symbol":"SPT","quantity":"500.000000","price":"0.00230000","timestamp":1656337785,"volume":"1.15000000","buyTxId":"434f118d640c26de64d2ff3c5423e54aa2bf268d","sellTxId":"d21cfa2af27c53c8c587ace5c0e37f320a23ed1b"}
{"index": {"_index":"spt","_id":"3784664"}}
	{"id":3784664,"type":"buy","buyer":"evernoticethat","seller":"groentje","symbol":"SPT","quantity":"185.662046","price":"0.00238000","timestamp":1656337785,"volume":"0.44187567","buyTxId":"434f118d640c26de64d2ff3c5423e54aa2bf268d","sellTxId":"8c11c7c1268062b565d932634a7f86176a1a62d9"}
{"index": {"_index":"spt","_id":"3786235"}}
	{"id":3786235,"type":"sell","buyer":"glimpsytips.dex","seller":"mightyrocklee","symbol":"SPT","quantity":"50.000000","price":"0.00193211","timestamp":1656343587,"volume":"0.09660550","buyTxId":"a03d374c055cb7064104d873f39d9f98c1d1c24d","sellTxId":"5cfd0b35aa12fa0a244ea59ba149790667d0d94b"}
{"index": {"_index":"spt","_id":"3786995"}}
	{"id":3786995,"type":"sell","buyer":"kitsuki","seller":"mistakili","symbol":"SPT","quantity":"298.982945","price":"0.00193210","timestamp":1656345717,"volume":"0.57766495","buyTxId":"c431dc687cf60127b9a3b4447d0b784d799e7deb","sellTxId":"3e8978521a57112a7b017dfa86784294de7c3e0f"}
{"index": {"_index":"spt","_id":"3786996"}}
	{"id":3786996,"type":"sell","buyer":"kitsuki","seller":"mistakili","symbol":"SPT","quantity":"250.000000","price":"0.00192111","timestamp":1656345717,"volume":"0.48027750","buyTxId":"9eef2da34e0ae11a997dad62a68efc361f0c39ee","sellTxId":"3e8978521a57112a7b017dfa86784294de7c3e0f"}
{"index": {"_index":"spt","_id":"3786997"}}
	{"id":3786997,"type":"sell","buyer":"kitsuki","seller":"mistakili","symbol":"SPT","quantity":"340.844913","price":"0.00192110","timestamp":1656345717,"volume":"0.65479716","buyTxId":"916274e69bf6f66b37e583fd25b5577ddf167b2f","sellTxId":"3e8978521a57112a7b017dfa86784294de7c3e0f"}
{"index": {"_index":"spt","_id":"3787694"}}
	{"id":3787694,"type":"buy","buyer":"pjansen","seller":"mistakili","symbol":"SPT","quantity":"1229.625181","price":"0.00188778","timestamp":1656348762,"volume":"2.32126182","buyTxId":"4e6148220df88ec88c3dffcc542cffec0fe448b4","sellTxId":"3e8978521a57112a7b017dfa86784294de7c3e0f"}
{"index": {"_index":"spt","_id":"3787695"}}
	{"id":3787695,"type":"buy","buyer":"pjansen","seller":"mightyrocklee","symbol":"SPT","quantity":"1796.382303","price":"0.00193211","timestamp":1656348762,"volume":"3.47080821","buyTxId":"4e6148220df88ec88c3dffcc542cffec0fe448b4","sellTxId":"5cfd0b35aa12fa0a244ea59ba149790667d0d94b"}
{"index": {"_index":"spt","_id":"3787696"}}
	{"id":3787696,"type":"buy","buyer":"pjansen","seller":"glimpsytips.dex","symbol":"SPT","quantity":"0.106963","price":"0.00214999","timestamp":1656348762,"volume":"0.00022997","buyTxId":"4e6148220df88ec88c3dffcc542cffec0fe448b4","sellTxId":"a0b2fe60af32ff36195d614d0b4534e749a55443"}
{"index": {"_index":"spt","_id":"3787810"}}
	{"id":3787810,"type":"sell","buyer":"multifurcate","seller":"themarkymark","symbol":"SPT","quantity":"7.227712","price":"0.00186100","timestamp":1656349647,"volume":"0.01345077","buyTxId":"88ef7458b98b89a1174b220f6673dbb3d386d71b","sellTxId":"bf47780d5bb14752791550112513a358cb09c7a7"}
{"index": {"_index":"spt","_id":"3788134"}}
	{"id":3788134,"type":"sell","buyer":"multifurcate","seller":"burningelk","symbol":"SPT","quantity":"8352.045386","price":"0.00186100","timestamp":1656352173,"volume":"15.54315646","buyTxId":"88ef7458b98b89a1174b220f6673dbb3d386d71b","sellTxId":"d603df9ef268a6a42c8b50e4a7afaf677e6824b9"}
{"index": {"_index":"spt","_id":"3788219"}}
	{"id":3788219,"type":"buy","buyer":"pjansen","seller":"glimpsytips.dex","symbol":"SPT","quantity":"49.893037","price":"0.00215099","timestamp":1656352938,"volume":"0.10731942","buyTxId":"68aefb9bc2f21554c68661a6f20414e5be0f0201","sellTxId":"6f22e96f8710d443a1699ac15021bbb804263975"}
{"index": {"_index":"spt","_id":"3788220"}}
	{"id":3788220,"type":"buy","buyer":"pjansen","seller":"queen-silvia","symbol":"SPT","quantity":"4537.864971","price":"0.00215100","timestamp":1656352938,"volume":"9.76094755","buyTxId":"68aefb9bc2f21554c68661a6f20414e5be0f0201","sellTxId":"6ae5f21351717f231a6ccf555c4c15a4aab08b46"}
{"index": {"_index":"spt","_id":"3788221"}}
	{"id":3788221,"type":"buy","buyer":"pjansen","seller":"agglutinogenic","symbol":"SPT","quantity":"0.013942","price":"0.00236900","timestamp":1656352938,"volume":"0.00003303","buyTxId":"68aefb9bc2f21554c68661a6f20414e5be0f0201","sellTxId":"179f6eed3272fb1ad5afafcdc330ec817252826c"}
{"index": {"_index":"spt","_id":"3788317"}}
	{"id":3788317,"type":"sell","buyer":"multifurcate","seller":"loganhate","symbol":"SPT","quantity":"9.819270","price":"0.00187100","timestamp":1656354024,"volume":"0.01837185","buyTxId":"98bbd75b10aa4c50981b0fd17b9f486f8dbf84d5","sellTxId":"50b447d83c3de7177c8276e3bcef99bd11e392b8"}
{"index": {"_index":"spt","_id":"3789123"}}
	{"id":3789123,"type":"sell","buyer":"apoloo1","seller":"mawit07","symbol":"SPT","quantity":"100.000000","price":"0.00189300","timestamp":1656360606,"volume":"0.18930000","buyTxId":"ce17d0fc6cdbc861ab0dcf95346825c9266481d1","sellTxId":"2514cf64b285305dcf05ac5e4bbb1ee5d23843d0"}
{"index": {"_index":"spt","_id":"3789124"}}
	{"id":3789124,"type":"sell","buyer":"apoloo1","seller":"mawit07","symbol":"SPT","quantity":"400.000000","price":"0.00189200","timestamp":1656360606,"volume":"0.75680000","buyTxId":"9d1df05aee12447b4bee510098e2a6b543d68a6a","sellTxId":"2514cf64b285305dcf05ac5e4bbb1ee5d23843d0"}
{"index": {"_index":"spt","_id":"3789125"}}
	{"id":3789125,"type":"sell","buyer":"multifurcate","seller":"mawit07","symbol":"SPT","quantity":"2304.358947","price":"0.00189100","timestamp":1656360606,"volume":"4.35754277","buyTxId":"402e902001bdb3917b637cbe5a571abb73837ef6","sellTxId":"2514cf64b285305dcf05ac5e4bbb1ee5d23843d0"}
{"index": {"_index":"spt","_id":"3789144"}}
	{"id":3789144,"type":"sell","buyer":"multifurcate","seller":"lipe100dedos","symbol":"SPT","quantity":"183.674388","price":"0.00189100","timestamp":1656360765,"volume":"0.34732827","buyTxId":"402e902001bdb3917b637cbe5a571abb73837ef6","sellTxId":"7414ba021d476b0557fb57a8e8f5edf3dce64c11"}
{"index": {"_index":"spt","_id":"3789446"}}
	{"id":3789446,"type":"buy","buyer":"apoloo1","seller":"yameen","symbol":"SPT","quantity":"92.861409","price":"0.00236800","timestamp":1656363441,"volume":"0.21989582","buyTxId":"d0862ccad052b79b5cc823bacc6c4a1776e0213f","sellTxId":"13ec64f35044f7b90cc8ffbc4c103966903eee94"}
{"index": {"_index":"spt","_id":"3789447"}}
	{"id":3789447,"type":"buy","buyer":"apoloo1","seller":"agglutinogenic","symbol":"SPT","quantity":"246.670127","price":"0.00236900","timestamp":1656363441,"volume":"0.58436153","buyTxId":"d0862ccad052b79b5cc823bacc6c4a1776e0213f","sellTxId":"4ba43451f750d28f4a8e350e1c17e8e8f752c761"}
{"index": {"_index":"spt","_id":"3789474"}}
	{"id":3789474,"type":"sell","buyer":"thewycher","seller":"catomoon","symbol":"SPT","quantity":"3.254028","price":"0.00190200","timestamp":1656363780,"volume":"0.00618916","buyTxId":"0007320719fdffbd7a91c11c0d00e5a998f30780","sellTxId":"b71db0c1ea1a91b57a85e324be62222cb9e2f7d0"}
{"index": {"_index":"spt","_id":"3789619"}}
	{"id":3789619,"type":"sell","buyer":"onlydoge","seller":"apoloo1","symbol":"SPT","quantity":"5147.344617","price":"0.00191000","timestamp":1656365280,"volume":"9.83142822","buyTxId":"fcbfa5d91d2b0ccb60e2c5e70a5ce51d713ad576","sellTxId":"d82d1b7a43de42c117baf69b066f6834e7d3f6ca"}
{"index": {"_index":"spt","_id":"3790589"}}
	{"id":3790589,"type":"sell","buyer":"kitsuki","seller":"kayrex","symbol":"SPT","quantity":"150.000000","price":"0.00191110","timestamp":1656377457,"volume":"0.28666500","buyTxId":"ec050fbacfd8646bf0de6e456164698d21c714b7","sellTxId":"047a6132591fd910395bc0fb872ad677bc4b908f"}
{"index": {"_index":"spt","_id":"3790596"}}
	{"id":3790596,"type":"sell","buyer":"glimpsytips.dex","seller":"kayrex","symbol":"SPT","quantity":"200.000000","price":"0.00188101","timestamp":1656377589,"volume":"0.37620200","buyTxId":"9541a6eecc78bbb8332777b7887a7f6caa91c842","sellTxId":"c090e08c3f4ec3c374665c3261d75f9e95d249b3"}
{"index": {"_index":"spt","_id":"3790597"}}
	{"id":3790597,"type":"sell","buyer":"elkaos","seller":"kayrex","symbol":"SPT","quantity":"165.975949","price":"0.00188101","timestamp":1656377589,"volume":"0.31220242","buyTxId":"8ef9a38da992f0a98e305a30123d0f4203563158","sellTxId":"c090e08c3f4ec3c374665c3261d75f9e95d249b3"}
{"index": {"_index":"spt","_id":"3790598"}}
	{"id":3790598,"type":"sell","buyer":"he-index","seller":"kayrex","symbol":"SPT","quantity":"26.724000","price":"0.00187100","timestamp":1656377589,"volume":"0.05000060","buyTxId":"0efe38437fcc23f101a47306742da675d3acdb1e","sellTxId":"c090e08c3f4ec3c374665c3261d75f9e95d249b3"}
{"index": {"_index":"spt","_id":"3790599"}}
	{"id":3790599,"type":"sell","buyer":"multifurcate","seller":"kayrex","symbol":"SPT","quantity":"6046.586812","price":"0.00184210","timestamp":1656377589,"volume":"11.13841757","buyTxId":"2bcc5daa5a5382f5822316b248a4e03330b2272d","sellTxId":"c090e08c3f4ec3c374665c3261d75f9e95d249b3"}
{"index": {"_index":"spt","_id":"3790705"}}
	{"id":3790705,"type":"sell","buyer":"multifurcate","seller":"liuke96player","symbol":"SPT","quantity":"148.243752","price":"0.00184210","timestamp":1656378621,"volume":"0.27307982","buyTxId":"224c017b41741adc1e31f21713627a71f52ac93a","sellTxId":"59a08263bfa2c5ef90ed513b9a70b8c22c57fb07"}
{"index": {"_index":"spt","_id":"3791060"}}
	{"id":3791060,"type":"sell","buyer":"multifurcate","seller":"splinterlandshq","symbol":"SPT","quantity":"6776.645023","price":"0.00184312","timestamp":1656381129,"volume":"12.49016997","buyTxId":"10141c5b9bfbb72003a2c034a480bd89040ba1e1","sellTxId":"35f01c35a53ee1e6e3e5646eb8a4cd6c0801db94"}
{"index": {"_index":"spt","_id":"3791523"}}
	{"id":3791523,"type":"sell","buyer":"multifurcate","seller":"bitcoinflood","symbol":"SPT","quantity":"58.987894","price":"0.00184312","timestamp":1656382713,"volume":"0.10872177","buyTxId":"10141c5b9bfbb72003a2c034a480bd89040ba1e1","sellTxId":"3fdf95f1ab416c9b43ac0ee098603e12f726c53f"}
{"index": {"_index":"spt","_id":"3791595"}}
	{"id":3791595,"type":"sell","buyer":"multifurcate","seller":"spongebob27","symbol":"SPT","quantity":"2295.211341","price":"0.00184312","timestamp":1656382995,"volume":"4.23034993","buyTxId":"10141c5b9bfbb72003a2c034a480bd89040ba1e1","sellTxId":"8ad4a54adc1a88254aabc6049fb8a1b98e33c8b5"}
