{"index": {"_index":"spt","_id":"3466237"}}
	{"id":3466237,"type":"buy","buyer":"he-index","seller":"kitsuki","symbol":"SPT","quantity":"16.357000","price":"0.00269000","timestamp":1652927655,"volume":"0.04400033","buyTxId":"441d8283578d73eddb1aa2adef790ba9e155eaab","sellTxId":"1214293630db548a80f0bd6d579806bc8d1026bb"}
{"index": {"_index":"spt","_id":"3466349"}}
	{"id":3466349,"type":"sell","buyer":"thewycher","seller":"bitcoinflood","symbol":"SPT","quantity":"231.586529","price":"0.00235211","timestamp":1652928822,"volume":"0.54471699","buyTxId":"8c22915544caef8c4c9996ef192ebf60e7b6e976","sellTxId":"21c565a47ff7acadbebef3699683ab368da67e41"}
{"index": {"_index":"spt","_id":"3466383"}}
	{"id":3466383,"type":"sell","buyer":"thewycher","seller":"rowell","symbol":"SPT","quantity":"268.413470","price":"0.00235211","timestamp":1652929278,"volume":"0.63133801","buyTxId":"8c22915544caef8c4c9996ef192ebf60e7b6e976","sellTxId":"9da4ab1771390278229de33bd675132687284fe7"}
{"index": {"_index":"spt","_id":"3466384"}}
	{"id":3466384,"type":"sell","buyer":"thewycher","seller":"rowell","symbol":"SPT","quantity":"499.999999","price":"0.00235211","timestamp":1652929278,"volume":"1.17605500","buyTxId":"0334537c9ef048a2d28f1b124240e3a2dd8f68ab","sellTxId":"9da4ab1771390278229de33bd675132687284fe7"}
{"index": {"_index":"spt","_id":"3466385"}}
	{"id":3466385,"type":"sell","buyer":"thewycher","seller":"rowell","symbol":"SPT","quantity":"499.999999","price":"0.00235211","timestamp":1652929278,"volume":"1.17605500","buyTxId":"862f96099d6b29b2756bbf2888a07984ca978ccc","sellTxId":"9da4ab1771390278229de33bd675132687284fe7"}
{"index": {"_index":"spt","_id":"3466386"}}
	{"id":3466386,"type":"sell","buyer":"thewycher","seller":"rowell","symbol":"SPT","quantity":"499.999999","price":"0.00235211","timestamp":1652929278,"volume":"1.17605500","buyTxId":"bc92698a95816adacc17dc874bb7c7fb83776053","sellTxId":"9da4ab1771390278229de33bd675132687284fe7"}
{"index": {"_index":"spt","_id":"3466387"}}
	{"id":3466387,"type":"sell","buyer":"thewycher","seller":"rowell","symbol":"SPT","quantity":"230.329950","price":"0.00235211","timestamp":1652929278,"volume":"0.54176138","buyTxId":"35614f3e80d425c1250f190981635c9543cdc0a6","sellTxId":"9da4ab1771390278229de33bd675132687284fe7"}
{"index": {"_index":"spt","_id":"3467251"}}
	{"id":3467251,"type":"sell","buyer":"multifurcate","seller":"mr-kerad","symbol":"SPT","quantity":"16.079919","price":"0.00236100","timestamp":1652935785,"volume":"0.03796469","buyTxId":"2e3010303c52202ed26abe86bb58ad5f834a5a0c","sellTxId":"484db7a1de10dddff4d5e87e73531cd9f8eafa71"}
{"index": {"_index":"spt","_id":"3467503"}}
	{"id":3467503,"type":"sell","buyer":"multifurcate","seller":"splinter-anjos","symbol":"SPT","quantity":"2372.409776","price":"0.00237100","timestamp":1652939316,"volume":"5.62498358","buyTxId":"62632f903f735b9ceb5f467099ed1e5703272dac","sellTxId":"b990ef7aaa189121c72c93b93f6e5b688ee8d863"}
{"index": {"_index":"spt","_id":"3467671"}}
	{"id":3467671,"type":"sell","buyer":"multifurcate","seller":"achim03","symbol":"SPT","quantity":"4445.000000","price":"0.00237100","timestamp":1652941740,"volume":"10.53909500","buyTxId":"62632f903f735b9ceb5f467099ed1e5703272dac","sellTxId":"ba70ae8025e6e098dc0fea5ef34a930714f10ec4"}
{"index": {"_index":"spt","_id":"3468224"}}
	{"id":3468224,"type":"sell","buyer":"thewycher","seller":"claudio83","symbol":"SPT","quantity":"499.999999","price":"0.00237101","timestamp":1652946477,"volume":"1.18550500","buyTxId":"f878fedf28dbd2c6f13343ff80157197bc4017d4","sellTxId":"702e3ac177198456a944a8514c5810d1b6d59936"}
{"index": {"_index":"spt","_id":"3468225"}}
	{"id":3468225,"type":"sell","buyer":"thewycher","seller":"claudio83","symbol":"SPT","quantity":"499.999999","price":"0.00237101","timestamp":1652946477,"volume":"1.18550500","buyTxId":"6045442bff2917b36d06469cdc1cbe0a433a3142","sellTxId":"702e3ac177198456a944a8514c5810d1b6d59936"}
{"index": {"_index":"spt","_id":"3468226"}}
	{"id":3468226,"type":"sell","buyer":"thewycher","seller":"claudio83","symbol":"SPT","quantity":"499.999999","price":"0.00237101","timestamp":1652946477,"volume":"1.18550500","buyTxId":"bc645cbf07e227f8b23a23d4f15af9c7605413dd","sellTxId":"702e3ac177198456a944a8514c5810d1b6d59936"}
{"index": {"_index":"spt","_id":"3468227"}}
	{"id":3468227,"type":"sell","buyer":"thewycher","seller":"claudio83","symbol":"SPT","quantity":"499.999999","price":"0.00237101","timestamp":1652946477,"volume":"1.18550500","buyTxId":"6bdda2690ea18182e0c3db7652acbbe9e17a5a2a","sellTxId":"702e3ac177198456a944a8514c5810d1b6d59936"}
{"index": {"_index":"spt","_id":"3468228"}}
	{"id":3468228,"type":"sell","buyer":"thewycher","seller":"claudio83","symbol":"SPT","quantity":"499.999999","price":"0.00237101","timestamp":1652946477,"volume":"1.18550500","buyTxId":"dc67521e16b6fe84065e15d525e622bd8119dec0","sellTxId":"702e3ac177198456a944a8514c5810d1b6d59936"}
{"index": {"_index":"spt","_id":"3468229"}}
	{"id":3468229,"type":"sell","buyer":"thewycher","seller":"claudio83","symbol":"SPT","quantity":"499.999999","price":"0.00237101","timestamp":1652946477,"volume":"1.18550500","buyTxId":"ead81db8f6a64094a9d766e009e5cfd6bd05c95b","sellTxId":"702e3ac177198456a944a8514c5810d1b6d59936"}
{"index": {"_index":"spt","_id":"3468230"}}
	{"id":3468230,"type":"sell","buyer":"thewycher","seller":"claudio83","symbol":"SPT","quantity":"499.999999","price":"0.00237101","timestamp":1652946477,"volume":"1.18550500","buyTxId":"b651f66e56f561d94bcd9283ac776800ef298b10","sellTxId":"702e3ac177198456a944a8514c5810d1b6d59936"}
{"index": {"_index":"spt","_id":"3468231"}}
	{"id":3468231,"type":"sell","buyer":"thewycher","seller":"claudio83","symbol":"SPT","quantity":"499.999999","price":"0.00237101","timestamp":1652946477,"volume":"1.18550500","buyTxId":"bf0bed3132eaaf6c4f0f68b5b68747fca411ce1a","sellTxId":"702e3ac177198456a944a8514c5810d1b6d59936"}
{"index": {"_index":"spt","_id":"3468232"}}
	{"id":3468232,"type":"sell","buyer":"thewycher","seller":"claudio83","symbol":"SPT","quantity":"360.575037","price":"0.00237101","timestamp":1652946477,"volume":"0.85492702","buyTxId":"c5901fd8f5858758dbb02b46696eb7c19f45d4cd","sellTxId":"702e3ac177198456a944a8514c5810d1b6d59936"}
{"index": {"_index":"spt","_id":"3468233"}}
	{"id":3468233,"type":"sell","buyer":"multifurcate","seller":"claudio83","symbol":"SPT","quantity":"4304.533993","price":"0.00237100","timestamp":1652946477,"volume":"10.20605010","buyTxId":"62632f903f735b9ceb5f467099ed1e5703272dac","sellTxId":"702e3ac177198456a944a8514c5810d1b6d59936"}
{"index": {"_index":"spt","_id":"3468328"}}
	{"id":3468328,"type":"sell","buyer":"multifurcate","seller":"khazrakh","symbol":"SPT","quantity":"320.540221","price":"0.00238100","timestamp":1652947500,"volume":"0.76320627","buyTxId":"5cd8b89e2e87d30731b91cd8de3de828848d10d1","sellTxId":"ee8547af7ea59475c80b48a7c0a01d7cd6cfc6d5"}
{"index": {"_index":"spt","_id":"3468460"}}
	{"id":3468460,"type":"sell","buyer":"multifurcate","seller":"gringo211985","symbol":"SPT","quantity":"2289.7056","price":"0.00238100","timestamp":1652948568,"volume":"5.45178903","buyTxId":"5cd8b89e2e87d30731b91cd8de3de828848d10d1","sellTxId":"d897e7b456c7e4d8f0aca33b5ba483c83cbbac8f"}
{"index": {"_index":"spt","_id":"3469025"}}
	{"id":3469025,"type":"sell","buyer":"thewycher","seller":"chireerocks","symbol":"SPT","quantity":"175.540308","price":"0.00239101","timestamp":1652957388,"volume":"0.41971863","buyTxId":"f9c88f1202e237410ccd142155c7b24be21fe515","sellTxId":"749498796079761cb4858fe50412b431e28fa52a"}
{"index": {"_index":"spt","_id":"3469083"}}
	{"id":3469083,"type":"buy","buyer":"pjansen","seller":"thecuriousfool","symbol":"SPT","quantity":"19.854660","price":"0.00260000","timestamp":1652958237,"volume":"0.05162212","buyTxId":"826eefd37de7e36e359061623f9882275d4e4395","sellTxId":"1b4251debee581d8a98f9be7b3eb0306341d384b"}
{"index": {"_index":"spt","_id":"3469201"}}
	{"id":3469201,"type":"buy","buyer":"dbooster","seller":"kitsuki","symbol":"SPT","quantity":"13.643000","price":"0.00269000","timestamp":1652960040,"volume":"0.03669967","buyTxId":"a1fd81fe5199a9c5c3bc0ddc6684ef3e2280b322","sellTxId":"1214293630db548a80f0bd6d579806bc8d1026bb"}
{"index": {"_index":"spt","_id":"3469202"}}
	{"id":3469202,"type":"buy","buyer":"dbooster","seller":"kitsuki","symbol":"SPT","quantity":"486.357000","price":"0.00269000","timestamp":1652960040,"volume":"1.30830033","buyTxId":"a1fd81fe5199a9c5c3bc0ddc6684ef3e2280b322","sellTxId":"591799cc6d8065bdd0b2415951bc1688c378ae8b"}
{"index": {"_index":"spt","_id":"3469234"}}
	{"id":3469234,"type":"sell","buyer":"thewycher","seller":"shiftrox","symbol":"SPT","quantity":"290.816235","price":"0.00239101","timestamp":1652960538,"volume":"0.69534453","buyTxId":"f9c88f1202e237410ccd142155c7b24be21fe515","sellTxId":"0873d7ed994c57b00a3d3ee80633fbd023261032"}
{"index": {"_index":"spt","_id":"3469308"}}
	{"id":3469308,"type":"sell","buyer":"thewycher","seller":"jnn10","symbol":"SPT","quantity":"0.128828","price":"0.00239101","timestamp":1652961279,"volume":"0.00030803","buyTxId":"f9c88f1202e237410ccd142155c7b24be21fe515","sellTxId":"b82dbf6de2cd34d5607f3407623f10364e83d439"}
{"index": {"_index":"spt","_id":"3469736"}}
	{"id":3469736,"type":"sell","buyer":"thewycher","seller":"mr-kerad","symbol":"SPT","quantity":"7.057939","price":"0.00240101","timestamp":1652966178,"volume":"0.01694618","buyTxId":"a40322da2c4ea06e78286969bc93abfa5ba86abc","sellTxId":"3df274181e1a97bcab1a40070527be6e4c93151a"}
{"index": {"_index":"spt","_id":"3469973"}}
	{"id":3469973,"type":"buy","buyer":"darmianto5","seller":"kitsuki","symbol":"SPT","quantity":"220.000000","price":"0.00269000","timestamp":1652968494,"volume":"0.59180000","buyTxId":"cbbb6f7de1003058b55c0785003b824abaeeeb7d","sellTxId":"591799cc6d8065bdd0b2415951bc1688c378ae8b"}
{"index": {"_index":"spt","_id":"3470051"}}
	{"id":3470051,"type":"buy","buyer":"druidsblood","seller":"kitsuki","symbol":"SPT","quantity":"193.643000","price":"0.00269000","timestamp":1652969259,"volume":"0.52089967","buyTxId":"7e29b3226def1e73aa3c5b58c905eb4ecd0793ea","sellTxId":"591799cc6d8065bdd0b2415951bc1688c378ae8b"}
{"index": {"_index":"spt","_id":"3470052"}}
	{"id":3470052,"type":"buy","buyer":"druidsblood","seller":"thewycher","symbol":"SPT","quantity":"944.460139","price":"0.00269899","timestamp":1652969259,"volume":"2.54908847","buyTxId":"7e29b3226def1e73aa3c5b58c905eb4ecd0793ea","sellTxId":"35e11a831b84fb131a63425a1c69b8ca86d99430"}
{"index": {"_index":"spt","_id":"3470053"}}
	{"id":3470053,"type":"buy","buyer":"druidsblood","seller":"agglutinogenic","symbol":"SPT","quantity":"20002.896861","price":"0.00269900","timestamp":1652969259,"volume":"53.98781863","buyTxId":"7e29b3226def1e73aa3c5b58c905eb4ecd0793ea","sellTxId":"45000262823416bdb373206e39fd93209b4c3106"}
{"index": {"_index":"spt","_id":"3470225"}}
	{"id":3470225,"type":"sell","buyer":"kitsuki","seller":"rca13","symbol":"SPT","quantity":"32.323037","price":"0.00241109","timestamp":1652971251,"volume":"0.07793375","buyTxId":"4131f56ef8649f7b9d6276349f05a3845e7eec91","sellTxId":"c5315382afe090a356cd74d18ceaa04522e21bbd"}
{"index": {"_index":"spt","_id":"3470384"}}
	{"id":3470384,"type":"sell","buyer":"kitsuki","seller":"votebetting","symbol":"SPT","quantity":"25.252827","price":"0.00241109","timestamp":1652972301,"volume":"0.06088684","buyTxId":"4131f56ef8649f7b9d6276349f05a3845e7eec91","sellTxId":"707aee6d0a31bde42129572239897ecd6b552d35"}
{"index": {"_index":"spt","_id":"3470736"}}
	{"id":3470736,"type":"sell","buyer":"kitsuki","seller":"captainquack22","symbol":"SPT","quantity":"42.424136","price":"0.00241109","timestamp":1652974998,"volume":"0.10228841","buyTxId":"4131f56ef8649f7b9d6276349f05a3845e7eec91","sellTxId":"193bc0d8d0aa00260c0a44619426f7cb85180e17"}
{"index": {"_index":"spt","_id":"3470737"}}
	{"id":3470737,"type":"sell","buyer":"thewycher","seller":"captainquack22","symbol":"SPT","quantity":"58.575864","price":"0.00241101","timestamp":1652974998,"volume":"0.14122699","buyTxId":"62b13d0c85a3c1dd70fd3fc02602528ad85f56ed","sellTxId":"193bc0d8d0aa00260c0a44619426f7cb85180e17"}
{"index": {"_index":"spt","_id":"3471295"}}
	{"id":3471295,"type":"sell","buyer":"multifurcate","seller":"nrg","symbol":"SPT","quantity":"1077.176982","price":"0.00242100","timestamp":1652980332,"volume":"2.60784547","buyTxId":"644d29cac5e124a5e5042a0acce9a0092c3f7627","sellTxId":"bbcc410dc0c19cf08d0390926ee80cb1eb7511d2-12"}
{"index": {"_index":"spt","_id":"3471545"}}
	{"id":3471545,"type":"buy","buyer":"jongolson","seller":"blitzzzz","symbol":"SPT","quantity":"3.889864","price":"0.00269889","timestamp":1652982573,"volume":"0.01049832","buyTxId":"bbc9db348c6e1c95a5e2d3aea7860acdf665e997","sellTxId":"3d410e999909d54b85ed98f4763825f7171dd9c1"}
{"index": {"_index":"spt","_id":"3471546"}}
	{"id":3471546,"type":"buy","buyer":"jongolson","seller":"kitsuki","symbol":"SPT","quantity":"200.000000","price":"0.00269890","timestamp":1652982573,"volume":"0.53978000","buyTxId":"bbc9db348c6e1c95a5e2d3aea7860acdf665e997","sellTxId":"a20420e06958269659c7f4893bcb7705758acd0b"}
{"index": {"_index":"spt","_id":"3471547"}}
	{"id":3471547,"type":"buy","buyer":"jongolson","seller":"thewycher","symbol":"SPT","quantity":"796.110136","price":"0.00276899","timestamp":1652982573,"volume":"2.20442101","buyTxId":"bbc9db348c6e1c95a5e2d3aea7860acdf665e997","sellTxId":"6d1198375595c861b25b7b3d4826130dd72a8932"}
{"index": {"_index":"spt","_id":"3471564"}}
	{"id":3471564,"type":"sell","buyer":"multifurcate","seller":"catomoon","symbol":"SPT","quantity":"7.448280","price":"0.00242100","timestamp":1652982753,"volume":"0.01803229","buyTxId":"644d29cac5e124a5e5042a0acce9a0092c3f7627","sellTxId":"d133012a750904a29c402350f5b4fac85b5a9ed7"}
{"index": {"_index":"spt","_id":"3471947"}}
	{"id":3471947,"type":"sell","buyer":"multifurcate","seller":"not-here","symbol":"SPT","quantity":"2318.809164","price":"0.00243100","timestamp":1652986068,"volume":"5.63702508","buyTxId":"9bedc441ab1942ea6c0cdb9060c19429cbee9753","sellTxId":"34b64a0b91fea6b1f33a495aca9413b013ff5db1"}
{"index": {"_index":"spt","_id":"3472461"}}
	{"id":3472461,"type":"sell","buyer":"multifurcate","seller":"acidyo","symbol":"SPT","quantity":"2096.928607","price":"0.00246400","timestamp":1652990460,"volume":"5.16683209","buyTxId":"850abdf0bdd32f8fdb6a524969fde259818ab0ea","sellTxId":"5f8fbc14c085704f63f6eb917fd48a07a7a88783"}
{"index": {"_index":"spt","_id":"3472715"}}
	{"id":3472715,"type":"sell","buyer":"onlydoge","seller":"mightyrocklee","symbol":"SPT","quantity":"1214.574890","price":"0.00247000","timestamp":1652993079,"volume":"2.99999998","buyTxId":"e2af1b5842c42b8c2ce2efd0148b1da902b1607d","sellTxId":"b8e66b7ab9edac616d4ea42cdacf391fc46d02a4"}
{"index": {"_index":"spt","_id":"3472716"}}
	{"id":3472716,"type":"sell","buyer":"thewycher","seller":"mightyrocklee","symbol":"SPT","quantity":"800.000000","price":"0.00246300","timestamp":1652993079,"volume":"1.97040000","buyTxId":"ddb71168e90a3f0d8c5e8d2f179c125e4e6401a1","sellTxId":"b8e66b7ab9edac616d4ea42cdacf391fc46d02a4"}
{"index": {"_index":"spt","_id":"3472717"}}
	{"id":3472717,"type":"sell","buyer":"he-index","seller":"mightyrocklee","symbol":"SPT","quantity":"23.036000","price":"0.00243100","timestamp":1652993079,"volume":"0.05600052","buyTxId":"73067c41ac1860ee5db0c87bf88a2fa26a6fa044","sellTxId":"b8e66b7ab9edac616d4ea42cdacf391fc46d02a4"}
{"index": {"_index":"spt","_id":"3472718"}}
	{"id":3472718,"type":"sell","buyer":"he-index","seller":"mightyrocklee","symbol":"SPT","quantity":"60.644000","price":"0.00239101","timestamp":1652993079,"volume":"0.14500041","buyTxId":"c43ea16478131e4657db74bd42b71f4489efaa70","sellTxId":"b8e66b7ab9edac616d4ea42cdacf391fc46d02a4"}
{"index": {"_index":"spt","_id":"3472719"}}
	{"id":3472719,"type":"sell","buyer":"multifurcate","seller":"mightyrocklee","symbol":"SPT","quantity":"3078.865159","price":"0.00230100","timestamp":1652993079,"volume":"7.08446873","buyTxId":"f9bfeed0f9257500ef324950aa961d11ff80c235","sellTxId":"b8e66b7ab9edac616d4ea42cdacf391fc46d02a4"}
{"index": {"_index":"spt","_id":"3472746"}}
	{"id":3472746,"type":"sell","buyer":"multifurcate","seller":"rileykat","symbol":"SPT","quantity":"10.34085","price":"0.00230100","timestamp":1652993331,"volume":"0.02379430","buyTxId":"f9bfeed0f9257500ef324950aa961d11ff80c235","sellTxId":"3636c0b4d6a8c541b01260122ec3c266c7bb2af7"}
{"index": {"_index":"spt","_id":"3472784"}}
	{"id":3472784,"type":"sell","buyer":"multifurcate","seller":"zakludick","symbol":"SPT","quantity":"7.668864","price":"0.00230100","timestamp":1652993718,"volume":"0.01764606","buyTxId":"f9bfeed0f9257500ef324950aa961d11ff80c235","sellTxId":"7bdeb029edd439db3279f1097663f0b4aa53c190"}
{"index": {"_index":"spt","_id":"3473008"}}
	{"id":3473008,"type":"sell","buyer":"kitsuki","seller":"mawit07","symbol":"SPT","quantity":"300.000000","price":"0.00230110","timestamp":1652996271,"volume":"0.69033000","buyTxId":"fd0dc00ee68033d76add639c8fec3b18ddba3012","sellTxId":"914d0d251ccb6ae0919d81188be25f5348fbdc75"}
{"index": {"_index":"spt","_id":"3473009"}}
	{"id":3473009,"type":"sell","buyer":"multifurcate","seller":"mawit07","symbol":"SPT","quantity":"1248.581675","price":"0.00230100","timestamp":1652996271,"volume":"2.87298643","buyTxId":"f9bfeed0f9257500ef324950aa961d11ff80c235","sellTxId":"914d0d251ccb6ae0919d81188be25f5348fbdc75"}
{"index": {"_index":"spt","_id":"3473123"}}
	{"id":3473123,"type":"sell","buyer":"multifurcate","seller":"chubb149","symbol":"SPT","quantity":"338.390378","price":"0.00230100","timestamp":1652997144,"volume":"0.77863626","buyTxId":"f9bfeed0f9257500ef324950aa961d11ff80c235","sellTxId":"798d316834f8f888bb4e712a49cdd686c089d599"}
{"index": {"_index":"spt","_id":"3473124"}}
	{"id":3473124,"type":"sell","buyer":"multifurcate","seller":"felipejoys","symbol":"SPT","quantity":"1405.233172","price":"0.00230100","timestamp":1652997198,"volume":"3.23344153","buyTxId":"f9bfeed0f9257500ef324950aa961d11ff80c235","sellTxId":"a6a86e052c2536bb7ec22cf6a14bf5e951a9c5cb"}
{"index": {"_index":"spt","_id":"3473165"}}
	{"id":3473165,"type":"sell","buyer":"multifurcate","seller":"he-index","symbol":"SPT","quantity":"0.046000","price":"0.00230100","timestamp":1652997726,"volume":"0.00010585","buyTxId":"f9bfeed0f9257500ef324950aa961d11ff80c235","sellTxId":"8434415832b66e151c80b62e9b6a4f2e978f44e2"}
{"index": {"_index":"spt","_id":"3473214"}}
	{"id":3473214,"type":"sell","buyer":"multifurcate","seller":"liuke96player","symbol":"SPT","quantity":"199.262830","price":"0.00230100","timestamp":1652998902,"volume":"0.45850377","buyTxId":"f9bfeed0f9257500ef324950aa961d11ff80c235","sellTxId":"e3f87607da5f1556d8d0e0fa5d4022428fed4e47"}
{"index": {"_index":"spt","_id":"3473329"}}
	{"id":3473329,"type":"sell","buyer":"multifurcate","seller":"spongebob27","symbol":"SPT","quantity":"11495.069795","price":"0.00230100","timestamp":1653000942,"volume":"26.45015560","buyTxId":"f9bfeed0f9257500ef324950aa961d11ff80c235","sellTxId":"ca61af5ec19463dfc634ca7627b99fb0dd1e59e2"}
{"index": {"_index":"spt","_id":"3473774"}}
	{"id":3473774,"type":"sell","buyer":"thewycher","seller":"queen-silvia","symbol":"SPT","quantity":"499.999999","price":"0.00217211","timestamp":1653004581,"volume":"1.08605500","buyTxId":"dbbd46f657bb0e3f032680a5b677bfb3e1b43f75","sellTxId":"79f6964a270a6af2b329138ee4f587a7e121a57c"}
{"index": {"_index":"spt","_id":"3473775"}}
	{"id":3473775,"type":"sell","buyer":"thewycher","seller":"queen-silvia","symbol":"SPT","quantity":"425.233206","price":"0.00217211","timestamp":1653004581,"volume":"0.92365330","buyTxId":"191e12dd59f2b7c9d74e52fe7e34016f6e876c89","sellTxId":"79f6964a270a6af2b329138ee4f587a7e121a57c"}
{"index": {"_index":"spt","_id":"3473776"}}
	{"id":3473776,"type":"sell","buyer":"thewycher","seller":"queen-silvia","symbol":"SPT","quantity":"499.999999","price":"0.00217211","timestamp":1653004581,"volume":"1.08605500","buyTxId":"7c5cf5f06e343e4ee2d63ab3cdeda62e1cefdfce","sellTxId":"79f6964a270a6af2b329138ee4f587a7e121a57c"}
{"index": {"_index":"spt","_id":"3473777"}}
	{"id":3473777,"type":"sell","buyer":"thewycher","seller":"queen-silvia","symbol":"SPT","quantity":"499.999999","price":"0.00217211","timestamp":1653004581,"volume":"1.08605500","buyTxId":"9e617cb9c67e60dfbc44cfc192a9d114aa83c253","sellTxId":"79f6964a270a6af2b329138ee4f587a7e121a57c"}
{"index": {"_index":"spt","_id":"3473778"}}
	{"id":3473778,"type":"sell","buyer":"thewycher","seller":"queen-silvia","symbol":"SPT","quantity":"114.326530","price":"0.00217211","timestamp":1653004581,"volume":"0.24832980","buyTxId":"41845039651ad2b8e9ae4c97cad80574ea0468ad","sellTxId":"79f6964a270a6af2b329138ee4f587a7e121a57c"}
{"index": {"_index":"spt","_id":"3474090"}}
	{"id":3474090,"type":"sell","buyer":"thewycher","seller":"westgame","symbol":"SPT","quantity":"13.454060","price":"0.00217211","timestamp":1653007140,"volume":"0.02922370","buyTxId":"41845039651ad2b8e9ae4c97cad80574ea0468ad","sellTxId":"f085925afbda9d2e7df38172c9f2afdb0119e3be"}
{"index": {"_index":"spt","_id":"3474130"}}
	{"id":3474130,"type":"sell","buyer":"multifurcate","seller":"dhedge-drips","symbol":"SPT","quantity":"0.007500","price":"0.00217312","timestamp":1653007563,"volume":"0.00001630","buyTxId":"034d58912f555290d4243780007a5baeee82e641","sellTxId":"9026dcd55505a2604c84dff7eab03336281ce71f"}
{"index": {"_index":"spt","_id":"3474218"}}
	{"id":3474218,"type":"sell","buyer":"multifurcate","seller":"andy4475","symbol":"SPT","quantity":"2.019000","price":"0.00217415","timestamp":1653008415,"volume":"0.00438961","buyTxId":"b143ded536eb9d0fb57ea287457f07006f99c596","sellTxId":"cfcc0846cc4849735029d91ebd8d75e61787ae78"}
{"index": {"_index":"spt","_id":"3474424"}}
	{"id":3474424,"type":"sell","buyer":"multifurcate","seller":"chireerocks","symbol":"SPT","quantity":"110.541131","price":"0.00217415","timestamp":1653010458,"volume":"0.24033300","buyTxId":"b143ded536eb9d0fb57ea287457f07006f99c596","sellTxId":"a64e7de341ac29d3535f69e5e948c6d6b9900f23"}
{"index": {"_index":"spt","_id":"3474743"}}
	{"id":3474743,"type":"sell","buyer":"thewycher","seller":"operahoser","symbol":"SPT","quantity":"0.478033","price":"0.00217416","timestamp":1653013929,"volume":"0.00103932","buyTxId":"23a5454eb662816233f13bca04efa856b701b811","sellTxId":"10334e21ec1a9abe768f3e8b215f0460b76f52b2"}
