{"index": {"_index":"spt","_id":"3999830"}}
	{"id":3999830,"type":"sell","buyer":"thewycher","seller":"sketchygamerguy","symbol":"SPT","quantity":"2.383215","price":"0.00142910","timestamp":1658896740,"volume":"0.00340585","buyTxId":"0e9828baf818b9c5b7be78b431ed2f7b5f7e9f15","sellTxId":"1b8479f1f32786bbe069ea9e3bcac9032dac5485"}
{"index": {"_index":"spt","_id":"3999940"}}
	{"id":3999940,"type":"buy","buyer":"jongolson","seller":"azkabananas","symbol":"SPT","quantity":"362.596699","price":"0.00178999","timestamp":1658898738,"volume":"0.64904447","buyTxId":"03b971f33e4a5aee725feffbcf4917e6c0df8bf2","sellTxId":"b0e0889fb8772184cffcb8ec88fa1c68e941ccc4"}
{"index": {"_index":"spt","_id":"3999941"}}
	{"id":3999941,"type":"buy","buyer":"jongolson","seller":"onlydoge","symbol":"SPT","quantity":"637.403301","price":"0.00188000","timestamp":1658898738,"volume":"1.19831821","buyTxId":"03b971f33e4a5aee725feffbcf4917e6c0df8bf2","sellTxId":"74689bf7855ba677191d7f8ef2547360545e0a11"}
{"index": {"_index":"spt","_id":"4000171"}}
	{"id":4000171,"type":"sell","buyer":"thewycher","seller":"mawit07","symbol":"SPT","quantity":"77.496525","price":"0.00142910","timestamp":1658902602,"volume":"0.11075028","buyTxId":"0e9828baf818b9c5b7be78b431ed2f7b5f7e9f15","sellTxId":"2d7499ccb4139a3f71b79424892567821feb7344"}
{"index": {"_index":"spt","_id":"4000333"}}
	{"id":4000333,"type":"sell","buyer":"thewycher","seller":"anikekirsten","symbol":"SPT","quantity":"5.113777","price":"0.00142910","timestamp":1658905482,"volume":"0.00730810","buyTxId":"0e9828baf818b9c5b7be78b431ed2f7b5f7e9f15","sellTxId":"b5333c44b218666abae5cebda13eff6c46dff94c"}
{"index": {"_index":"spt","_id":"4000505"}}
	{"id":4000505,"type":"sell","buyer":"thewycher","seller":"mightyrocklee","symbol":"SPT","quantity":"3.028561","price":"0.00142910","timestamp":1658908587,"volume":"0.00432812","buyTxId":"0e9828baf818b9c5b7be78b431ed2f7b5f7e9f15","sellTxId":"6a673a405d7f4da0e3f3e31d65b24be6af6f169d"}
{"index": {"_index":"spt","_id":"4000506"}}
	{"id":4000506,"type":"sell","buyer":"thewycher","seller":"mightyrocklee","symbol":"SPT","quantity":"490.000000","price":"0.00142910","timestamp":1658908587,"volume":"0.70025900","buyTxId":"e4fde627d06bcfb78ab78b273245b4c6c7452aa1","sellTxId":"6a673a405d7f4da0e3f3e31d65b24be6af6f169d"}
{"index": {"_index":"spt","_id":"4000507"}}
	{"id":4000507,"type":"sell","buyer":"thewycher","seller":"mightyrocklee","symbol":"SPT","quantity":"362.953048","price":"0.00142910","timestamp":1658908587,"volume":"0.51869620","buyTxId":"c72097f70307dbe71ac184338c1c9c4e82052d4f","sellTxId":"6a673a405d7f4da0e3f3e31d65b24be6af6f169d"}
{"index": {"_index":"spt","_id":"4000554"}}
	{"id":4000554,"type":"sell","buyer":"thewycher","seller":"alexandrzombi","symbol":"SPT","quantity":"0.000008","price":"0.00142910","timestamp":1658908917,"volume":"0.00000001","buyTxId":"c72097f70307dbe71ac184338c1c9c4e82052d4f","sellTxId":"a370f8c0a43b8be54741c01b0a10891b2cc037fe"}
{"index": {"_index":"spt","_id":"4000619"}}
	{"id":4000619,"type":"sell","buyer":"thewycher","seller":"nozzy","symbol":"SPT","quantity":"3.979343","price":"0.00142910","timestamp":1658910225,"volume":"0.00568688","buyTxId":"c72097f70307dbe71ac184338c1c9c4e82052d4f","sellTxId":"b8265d5153cb53aa38c597c59bb96301345af353"}
{"index": {"_index":"spt","_id":"4000759"}}
	{"id":4000759,"type":"sell","buyer":"thewycher","seller":"wlffreitas","symbol":"SPT","quantity":"123.067601","price":"0.00142910","timestamp":1658911947,"volume":"0.17587591","buyTxId":"c72097f70307dbe71ac184338c1c9c4e82052d4f","sellTxId":"275ce5dfbc77e5656c319e1731e4faec0facbb92"}
{"index": {"_index":"spt","_id":"4000760"}}
	{"id":4000760,"type":"sell","buyer":"thewycher","seller":"wlffreitas","symbol":"SPT","quantity":"490.000000","price":"0.00142910","timestamp":1658911947,"volume":"0.70025900","buyTxId":"daf1bbde1f6a17ae29d83969d35c39fec5183895","sellTxId":"275ce5dfbc77e5656c319e1731e4faec0facbb92"}
{"index": {"_index":"spt","_id":"4000761"}}
	{"id":4000761,"type":"sell","buyer":"thewycher","seller":"wlffreitas","symbol":"SPT","quantity":"490.000000","price":"0.00142910","timestamp":1658911947,"volume":"0.70025900","buyTxId":"aab39e1f2a7cbb618988631a8b50d731633bd664","sellTxId":"275ce5dfbc77e5656c319e1731e4faec0facbb92"}
{"index": {"_index":"spt","_id":"4000762"}}
	{"id":4000762,"type":"sell","buyer":"thewycher","seller":"wlffreitas","symbol":"SPT","quantity":"490.000000","price":"0.00142910","timestamp":1658911947,"volume":"0.70025900","buyTxId":"d7b8720bf934fb55ed942cab12b5411e6fc8476a","sellTxId":"275ce5dfbc77e5656c319e1731e4faec0facbb92"}
{"index": {"_index":"spt","_id":"4000763"}}
	{"id":4000763,"type":"sell","buyer":"thewycher","seller":"wlffreitas","symbol":"SPT","quantity":"490.000000","price":"0.00142910","timestamp":1658911947,"volume":"0.70025900","buyTxId":"cb4dadf898a3444858aae01e113244292d82e259","sellTxId":"275ce5dfbc77e5656c319e1731e4faec0facbb92"}
{"index": {"_index":"spt","_id":"4000764"}}
	{"id":4000764,"type":"sell","buyer":"thewycher","seller":"wlffreitas","symbol":"SPT","quantity":"490.000000","price":"0.00142910","timestamp":1658911947,"volume":"0.70025900","buyTxId":"4fc773e2dfe56c07c8508ad0f7de6f362d51a66f","sellTxId":"275ce5dfbc77e5656c319e1731e4faec0facbb92"}
{"index": {"_index":"spt","_id":"4000765"}}
	{"id":4000765,"type":"sell","buyer":"thewycher","seller":"wlffreitas","symbol":"SPT","quantity":"490.000000","price":"0.00142910","timestamp":1658911947,"volume":"0.70025900","buyTxId":"69e6a873576299726257e4ed0ca0c9b22b9166cd","sellTxId":"275ce5dfbc77e5656c319e1731e4faec0facbb92"}
{"index": {"_index":"spt","_id":"4000766"}}
	{"id":4000766,"type":"sell","buyer":"thewycher","seller":"wlffreitas","symbol":"SPT","quantity":"159.011796","price":"0.00142910","timestamp":1658911947,"volume":"0.22724376","buyTxId":"69761a3515a0708459df63db6be7b2fb3f1855dc","sellTxId":"275ce5dfbc77e5656c319e1731e4faec0facbb92"}
{"index": {"_index":"spt","_id":"4000808"}}
	{"id":4000808,"type":"sell","buyer":"thewycher","seller":"sansey","symbol":"SPT","quantity":"5.602388","price":"0.00142910","timestamp":1658912358,"volume":"0.00800637","buyTxId":"69761a3515a0708459df63db6be7b2fb3f1855dc","sellTxId":"2649e8715861825bff8d5c27bec38f237591c15c"}
{"index": {"_index":"spt","_id":"4001637"}}
	{"id":4001637,"type":"sell","buyer":"thewycher","seller":"zallin","symbol":"SPT","quantity":"325.385816","price":"0.00142910","timestamp":1658923263,"volume":"0.46500887","buyTxId":"69761a3515a0708459df63db6be7b2fb3f1855dc","sellTxId":"396b5da703e2c8b64149ce6f1701ce7de07a0bac"}
{"index": {"_index":"spt","_id":"4001638"}}
	{"id":4001638,"type":"sell","buyer":"thewycher","seller":"zallin","symbol":"SPT","quantity":"490.000000","price":"0.00142910","timestamp":1658923263,"volume":"0.70025900","buyTxId":"9c610493580ec9159c536ae0e22c1d8e8319b275","sellTxId":"396b5da703e2c8b64149ce6f1701ce7de07a0bac"}
{"index": {"_index":"spt","_id":"4001639"}}
	{"id":4001639,"type":"sell","buyer":"thewycher","seller":"zallin","symbol":"SPT","quantity":"490.000000","price":"0.00142910","timestamp":1658923263,"volume":"0.70025900","buyTxId":"9a8b8ef16cf6526b2ba16a8ffc9d8520065d11c6","sellTxId":"396b5da703e2c8b64149ce6f1701ce7de07a0bac"}
{"index": {"_index":"spt","_id":"4001640"}}
	{"id":4001640,"type":"sell","buyer":"thewycher","seller":"zallin","symbol":"SPT","quantity":"490.000000","price":"0.00142910","timestamp":1658923263,"volume":"0.70025900","buyTxId":"fd17a3734abf5623337de520077e98283befdc1d","sellTxId":"396b5da703e2c8b64149ce6f1701ce7de07a0bac"}
{"index": {"_index":"spt","_id":"4001641"}}
	{"id":4001641,"type":"sell","buyer":"thewycher","seller":"zallin","symbol":"SPT","quantity":"490.000000","price":"0.00142910","timestamp":1658923263,"volume":"0.70025900","buyTxId":"f541d2521aa7627ca5070508e4cb07248503235d","sellTxId":"396b5da703e2c8b64149ce6f1701ce7de07a0bac"}
{"index": {"_index":"spt","_id":"4001642"}}
	{"id":4001642,"type":"sell","buyer":"thewycher","seller":"zallin","symbol":"SPT","quantity":"490.000000","price":"0.00142910","timestamp":1658923263,"volume":"0.70025900","buyTxId":"6d721bcf76cbb75530079054f0e242fdbbcf26bc","sellTxId":"396b5da703e2c8b64149ce6f1701ce7de07a0bac"}
{"index": {"_index":"spt","_id":"4001643"}}
	{"id":4001643,"type":"sell","buyer":"thewycher","seller":"zallin","symbol":"SPT","quantity":"90.367665","price":"0.00142910","timestamp":1658923263,"volume":"0.12914443","buyTxId":"910b13d1db4426ab0ea9dacbc0fdf46f4af41d56","sellTxId":"396b5da703e2c8b64149ce6f1701ce7de07a0bac"}
{"index": {"_index":"spt","_id":"4001737"}}
	{"id":4001737,"type":"sell","buyer":"thewycher","seller":"stick-o","symbol":"SPT","quantity":"0.475290","price":"0.00142910","timestamp":1658924238,"volume":"0.00067924","buyTxId":"910b13d1db4426ab0ea9dacbc0fdf46f4af41d56","sellTxId":"25a7d7f3b511119c76336afdf48464a108396d27"}
{"index": {"_index":"spt","_id":"4001827"}}
	{"id":4001827,"type":"buy","buyer":"dbooster","seller":"saachi","symbol":"SPT","quantity":"238.000000","price":"0.00185000","timestamp":1658925534,"volume":"0.44030000","buyTxId":"69545fc554ebe357504de0bb578f36ec2d6aac17","sellTxId":"a74f747394ed2624103236d574a7f7f41fa35d2f"}
{"index": {"_index":"spt","_id":"4001828"}}
	{"id":4001828,"type":"buy","buyer":"dbooster","seller":"onlydoge","symbol":"SPT","quantity":"262.000000","price":"0.00188000","timestamp":1658925534,"volume":"0.49256000","buyTxId":"69545fc554ebe357504de0bb578f36ec2d6aac17","sellTxId":"74689bf7855ba677191d7f8ef2547360545e0a11"}
{"index": {"_index":"spt","_id":"4001904"}}
	{"id":4001904,"type":"sell","buyer":"multifurcate","seller":"dubble.eth","symbol":"SPT","quantity":"62.058987","price":"0.00143415","timestamp":1658926404,"volume":"0.08900190","buyTxId":"131870529fba848714868fef5e2731fc838879ba","sellTxId":"fcd4a2eea88b29f98b774deb24d0678c3efdf6fc"}
{"index": {"_index":"spt","_id":"4002102"}}
	{"id":4002102,"type":"sell","buyer":"thewycher","seller":"myfreebtc","symbol":"SPT","quantity":"399.157045","price":"0.00142910","timestamp":1658928603,"volume":"0.57043533","buyTxId":"910b13d1db4426ab0ea9dacbc0fdf46f4af41d56","sellTxId":"21a62c1a3f7b8c9f2bb9bebbcbd1185ddedee087"}
{"index": {"_index":"spt","_id":"4002103"}}
	{"id":4002103,"type":"sell","buyer":"thewycher","seller":"myfreebtc","symbol":"SPT","quantity":"490.000000","price":"0.00142910","timestamp":1658928603,"volume":"0.70025900","buyTxId":"b38565a1cd0c8497bca045a176fbd7737c2b2428","sellTxId":"21a62c1a3f7b8c9f2bb9bebbcbd1185ddedee087"}
{"index": {"_index":"spt","_id":"4002104"}}
	{"id":4002104,"type":"sell","buyer":"thewycher","seller":"myfreebtc","symbol":"SPT","quantity":"490.000000","price":"0.00142910","timestamp":1658928603,"volume":"0.70025900","buyTxId":"7923afba56f878f199ca403be47f61dc72d09d57","sellTxId":"21a62c1a3f7b8c9f2bb9bebbcbd1185ddedee087"}
{"index": {"_index":"spt","_id":"4002105"}}
	{"id":4002105,"type":"sell","buyer":"thewycher","seller":"myfreebtc","symbol":"SPT","quantity":"202.444341","price":"0.00142910","timestamp":1658928603,"volume":"0.28931321","buyTxId":"9b7d01d031bc42f60eab970dd4f62d6c61cd0918","sellTxId":"21a62c1a3f7b8c9f2bb9bebbcbd1185ddedee087"}
{"index": {"_index":"spt","_id":"4002139"}}
	{"id":4002139,"type":"sell","buyer":"thewycher","seller":"assassyn","symbol":"SPT","quantity":"61.625573","price":"0.00142910","timestamp":1658928915,"volume":"0.08806911","buyTxId":"9b7d01d031bc42f60eab970dd4f62d6c61cd0918","sellTxId":"576223055e9e70f868873aa4812dc3dd69bda9e5"}
{"index": {"_index":"spt","_id":"4002609"}}
	{"id":4002609,"type":"sell","buyer":"thewycher","seller":"krypto.newbie","symbol":"SPT","quantity":"225.930086","price":"0.00142910","timestamp":1658932953,"volume":"0.32287668","buyTxId":"9b7d01d031bc42f60eab970dd4f62d6c61cd0918","sellTxId":"15eb5dcb618662d3a2deaf9fe0ef8378ee188b51"}
{"index": {"_index":"spt","_id":"4002610"}}
	{"id":4002610,"type":"sell","buyer":"thewycher","seller":"krypto.newbie","symbol":"SPT","quantity":"490.000000","price":"0.00142910","timestamp":1658932953,"volume":"0.70025900","buyTxId":"a9208e3b5a2c2b00409d19f24a48516e17af0402","sellTxId":"15eb5dcb618662d3a2deaf9fe0ef8378ee188b51"}
{"index": {"_index":"spt","_id":"4002611"}}
	{"id":4002611,"type":"sell","buyer":"thewycher","seller":"krypto.newbie","symbol":"SPT","quantity":"490.000000","price":"0.00142910","timestamp":1658932953,"volume":"0.70025900","buyTxId":"4f38a1f25af95e26f43d9e75f51d6e0ed45abbf6","sellTxId":"15eb5dcb618662d3a2deaf9fe0ef8378ee188b51"}
{"index": {"_index":"spt","_id":"4002612"}}
	{"id":4002612,"type":"sell","buyer":"thewycher","seller":"krypto.newbie","symbol":"SPT","quantity":"490.000000","price":"0.00142910","timestamp":1658932953,"volume":"0.70025900","buyTxId":"896aac5ee934a4bfeb814111b0550ec6fc54c79b","sellTxId":"15eb5dcb618662d3a2deaf9fe0ef8378ee188b51"}
{"index": {"_index":"spt","_id":"4002613"}}
	{"id":4002613,"type":"sell","buyer":"thewycher","seller":"krypto.newbie","symbol":"SPT","quantity":"490.000000","price":"0.00142910","timestamp":1658932953,"volume":"0.70025900","buyTxId":"dcd4d64aafa3059af6c02fb47b6d60e1bc88578d","sellTxId":"15eb5dcb618662d3a2deaf9fe0ef8378ee188b51"}
{"index": {"_index":"spt","_id":"4002646"}}
	{"id":4002646,"type":"sell","buyer":"multifurcate","seller":"krypto.newbie","symbol":"SPT","quantity":"657.117437","price":"0.00142809","timestamp":1658933277,"volume":"0.93842284","buyTxId":"d62805972359ca4fc153bd895c311ee4ec84f5c6","sellTxId":"acfb6132a534b54fdb828c810214c643e0d244d4"}
{"index": {"_index":"spt","_id":"4002708"}}
	{"id":4002708,"type":"sell","buyer":"multifurcate","seller":"themarkymark","symbol":"SPT","quantity":"5.071247","price":"0.00142809","timestamp":1658933661,"volume":"0.00724220","buyTxId":"d62805972359ca4fc153bd895c311ee4ec84f5c6","sellTxId":"56cc06c4db74a152158931ca25c112beadda6f6b"}
{"index": {"_index":"spt","_id":"4002724"}}
	{"id":4002724,"type":"sell","buyer":"multifurcate","seller":"gaeljosser","symbol":"SPT","quantity":"1114.615137","price":"0.00142809","timestamp":1658933787,"volume":"1.59177073","buyTxId":"d62805972359ca4fc153bd895c311ee4ec84f5c6","sellTxId":"98ad3d9a987cf3f7c1ff06bfd1b3e4f7e8c76f68"}
{"index": {"_index":"spt","_id":"4002943"}}
	{"id":4002943,"type":"sell","buyer":"multifurcate","seller":"brucegryllis","symbol":"SPT","quantity":"27.393265","price":"0.00142809","timestamp":1658935620,"volume":"0.03912005","buyTxId":"d62805972359ca4fc153bd895c311ee4ec84f5c6","sellTxId":"af3b3786c6c49d3fd7364247b1eed4e8be6e8ec1"}
{"index": {"_index":"spt","_id":"4002961"}}
	{"id":4002961,"type":"sell","buyer":"multifurcate","seller":"eythorphoto","symbol":"SPT","quantity":"0.057337","price":"0.00142809","timestamp":1658935833,"volume":"0.00008188","buyTxId":"d62805972359ca4fc153bd895c311ee4ec84f5c6","sellTxId":"213ffbffe2ad8bc132eb50db89712a13811c5318"}
{"index": {"_index":"spt","_id":"4002966"}}
	{"id":4002966,"type":"buy","buyer":"pjansen","seller":"mypathtofire","symbol":"SPT","quantity":"46.036277","price":"0.00162000","timestamp":1658935881,"volume":"0.07457877","buyTxId":"446f43bf75a8b46aa1525197d437cc83db3de287","sellTxId":"5caab7d7571ea3811711abb0c96d52e7ad4fce8b"}
{"index": {"_index":"spt","_id":"4002967"}}
	{"id":4002967,"type":"buy","buyer":"pjansen","seller":"yameen","symbol":"SPT","quantity":"0.011352","price":"0.00187000","timestamp":1658935881,"volume":"0.00002123","buyTxId":"446f43bf75a8b46aa1525197d437cc83db3de287","sellTxId":"10a833b099ff8c418f5fce7291d6886ac90306f1"}
{"index": {"_index":"spt","_id":"4003198"}}
	{"id":4003198,"type":"sell","buyer":"multifurcate","seller":"lipe100dedos","symbol":"SPT","quantity":"85.787290","price":"0.00142809","timestamp":1658937822,"volume":"0.12251197","buyTxId":"d62805972359ca4fc153bd895c311ee4ec84f5c6","sellTxId":"49c00330fa2301b2f0dcc321af6ab371a196bd1b"}
{"index": {"_index":"spt","_id":"4003387"}}
	{"id":4003387,"type":"buy","buyer":"jongolson","seller":"yameen","symbol":"SPT","quantity":"148.226525","price":"0.00187000","timestamp":1658939850,"volume":"0.27718360","buyTxId":"27f9ede04820016f6a3667e5163860f4ce7e93b4","sellTxId":"10a833b099ff8c418f5fce7291d6886ac90306f1"}
{"index": {"_index":"spt","_id":"4003388"}}
	{"id":4003388,"type":"buy","buyer":"jongolson","seller":"underlock","symbol":"SPT","quantity":"851.773475","price":"0.00187985","timestamp":1658939850,"volume":"1.60120637","buyTxId":"27f9ede04820016f6a3667e5163860f4ce7e93b4","sellTxId":"0264795a6891cd309d066e68e060db7e76a29f11"}
{"index": {"_index":"spt","_id":"4003552"}}
	{"id":4003552,"type":"sell","buyer":"multifurcate","seller":"cflclosers","symbol":"SPT","quantity":"116.763378","price":"0.00142809","timestamp":1658940870,"volume":"0.16674861","buyTxId":"d62805972359ca4fc153bd895c311ee4ec84f5c6","sellTxId":"e0a8f69b46d84145656560c4cad91e937d6f9027"}
{"index": {"_index":"spt","_id":"4003762"}}
	{"id":4003762,"type":"sell","buyer":"thewycher","seller":"lucasqz","symbol":"SPT","quantity":"56.334240","price":"0.00142810","timestamp":1658942796,"volume":"0.08045093","buyTxId":"b137ab7cac84d8a94a3c77bc9249c752349b37db","sellTxId":"7a6a6c3da94af165ef5ff30aa5d38931eee0c5b0"}
{"index": {"_index":"spt","_id":"4003763"}}
	{"id":4003763,"type":"sell","buyer":"thewycher","seller":"catomoon","symbol":"SPT","quantity":"10.527988","price":"0.00142810","timestamp":1658942805,"volume":"0.01503502","buyTxId":"b137ab7cac84d8a94a3c77bc9249c752349b37db","sellTxId":"7a6d5f7bc32b22faa761d91a5dbf6d2e50ec5436"}
{"index": {"_index":"spt","_id":"4003872"}}
	{"id":4003872,"type":"sell","buyer":"thewycher","seller":"augustbrown","symbol":"SPT","quantity":"110.335702","price":"0.00142810","timestamp":1658943540,"volume":"0.15757042","buyTxId":"b137ab7cac84d8a94a3c77bc9249c752349b37db","sellTxId":"37209ba966252f12dd1677881c727a7d891eef3b"}
{"index": {"_index":"spt","_id":"4004080"}}
	{"id":4004080,"type":"sell","buyer":"multifurcate","seller":"victor-alexander","symbol":"SPT","quantity":"28.300691","price":"0.00142909","timestamp":1658945658,"volume":"0.04044423","buyTxId":"542cf9060a3c0068e2e666b5dc5ec9cc9c171871","sellTxId":"4ff7c0a33fe993c9bc4804f41487781782371923"}
{"index": {"_index":"spt","_id":"4004370"}}
	{"id":4004370,"type":"sell","buyer":"multifurcate","seller":"bitcoinflood","symbol":"SPT","quantity":"90.271515","price":"0.00142909","timestamp":1658948106,"volume":"0.12900612","buyTxId":"5228e903374e00c4b458b7eeee7f0c81e91b9a34","sellTxId":"ffa6623805f430f5b575a0a21688d26e90c8aa8b"}
{"index": {"_index":"spt","_id":"4004460"}}
	{"id":4004460,"type":"buy","buyer":"pjansen","seller":"mypathtofire","symbol":"SPT","quantity":"19.697135","price":"0.00170000","timestamp":1658948847,"volume":"0.03348513","buyTxId":"a9b0e01a849d0e6a7db9179c43c77075f32422fc","sellTxId":"42b602563615c95538f7c32edd5ae744912c2b3b"}
{"index": {"_index":"spt","_id":"4004461"}}
	{"id":4004461,"type":"buy","buyer":"pjansen","seller":"onlydoge","symbol":"SPT","quantity":"0.007951","price":"0.00187000","timestamp":1658948847,"volume":"0.00001487","buyTxId":"a9b0e01a849d0e6a7db9179c43c77075f32422fc","sellTxId":"9ddd32a9cd4c4327c2dcee5ba7381857096998e6"}
{"index": {"_index":"spt","_id":"4004778"}}
	{"id":4004778,"type":"buy","buyer":"druidsblood","seller":"bala41288","symbol":"SPT","quantity":"12000.000000","price":"0.00185000","timestamp":1658950662,"volume":"22.20000000","buyTxId":"b6f7d119edf706f468bfd292cc54e08701d7e5e8","sellTxId":"46a54922c05507598deeabf2539ee5b4db6deb9d"}
{"index": {"_index":"spt","_id":"4004779"}}
	{"id":4004779,"type":"buy","buyer":"druidsblood","seller":"onlydoge","symbol":"SPT","quantity":"3254.000000","price":"0.00186000","timestamp":1658950662,"volume":"6.05244000","buyTxId":"b6f7d119edf706f468bfd292cc54e08701d7e5e8","sellTxId":"ea888d9aa4a0f77515693d65eec224a64614471a"}
{"index": {"_index":"spt","_id":"4004794"}}
	{"id":4004794,"type":"buy","buyer":"druidsblood","seller":"onlydoge","symbol":"SPT","quantity":"10639.488148","price":"0.00186000","timestamp":1658950776,"volume":"19.78944796","buyTxId":"8d31e85b04272c813b27734dad4fb310985b5f69","sellTxId":"ea888d9aa4a0f77515693d65eec224a64614471a"}
{"index": {"_index":"spt","_id":"4004795"}}
	{"id":4004795,"type":"buy","buyer":"druidsblood","seller":"underlock","symbol":"SPT","quantity":"2597.014692","price":"0.00186965","timestamp":1658950776,"volume":"4.85550852","buyTxId":"8d31e85b04272c813b27734dad4fb310985b5f69","sellTxId":"26763ebc20c86bf863f91f28d3e0ac11307d845f"}
{"index": {"_index":"spt","_id":"4005115"}}
	{"id":4005115,"type":"buy","buyer":"pjansen","seller":"mypathtofire","symbol":"SPT","quantity":"5.686866","price":"0.00173000","timestamp":1658953785,"volume":"0.00983828","buyTxId":"2ae0d627d5c342789067f224cbcc775ea9c7b0a0","sellTxId":"87c9a545ebfa5213e03d821a4732c0c5c02a48cf"}
{"index": {"_index":"spt","_id":"4005116"}}
	{"id":4005116,"type":"buy","buyer":"pjansen","seller":"tobetada","symbol":"SPT","quantity":"0.091377","price":"0.00176980","timestamp":1658953785,"volume":"0.00016172","buyTxId":"2ae0d627d5c342789067f224cbcc775ea9c7b0a0","sellTxId":"f5264ec221d526b3c38b0961450a0598789e0634"}
{"index": {"_index":"spt","_id":"4005185"}}
	{"id":4005185,"type":"sell","buyer":"multifurcate","seller":"sephiwolf","symbol":"SPT","quantity":"1546.979285","price":"0.00145100","timestamp":1658954334,"volume":"2.24466694","buyTxId":"b5a8403de6d7f0603e60d13853d4b0cb652e1bbf","sellTxId":"9bbc49e1dfd955a2965586ef4f008ad13a9cefad"}
{"index": {"_index":"spt","_id":"4005708"}}
	{"id":4005708,"type":"sell","buyer":"multifurcate","seller":"xabi","symbol":"SPT","quantity":"345.306522","price":"0.00147100","timestamp":1658959845,"volume":"0.50794589","buyTxId":"a862de2363d862ddf4493f938f865c30a5ce8dbd","sellTxId":"8a0ffe2e5ed8b93dcd41418d4c97c681a70fe0a5"}
{"index": {"_index":"spt","_id":"4005795"}}
	{"id":4005795,"type":"buy","buyer":"dswap","seller":"tobetada","symbol":"SPT","quantity":"751.497344","price":"0.00176980","timestamp":1658960856,"volume":"1.33","buyTxId":"161e91a16bf09586995c8431fd0e94fe1cd440fd","sellTxId":"f5264ec221d526b3c38b0961450a0598789e0634"}
{"index": {"_index":"spt","_id":"4005927"}}
	{"id":4005927,"type":"sell","buyer":"multifurcate","seller":"vagabond42069","symbol":"SPT","quantity":"285.983146","price":"0.00149100","timestamp":1658962440,"volume":"0.42640087","buyTxId":"9e235fd97ebb77ddea92567dff5cebe3b3385ad1","sellTxId":"e409f87de8054680e587cdeb9bb924b6aaec5dc1"}
{"index": {"_index":"spt","_id":"4005930"}}
	{"id":4005930,"type":"sell","buyer":"multifurcate","seller":"splinterlandshq","symbol":"SPT","quantity":"1733.471245","price":"0.00149100","timestamp":1658962560,"volume":"2.58460563","buyTxId":"9e235fd97ebb77ddea92567dff5cebe3b3385ad1","sellTxId":"76b61b4d0ccda6a9045a384200fd8c82bde4f707"}
{"index": {"_index":"spt","_id":"4006016"}}
	{"id":4006016,"type":"sell","buyer":"multifurcate","seller":"jhanna30","symbol":"SPT","quantity":"3405.400073","price":"0.00149100","timestamp":1658963448,"volume":"5.07745151","buyTxId":"9e235fd97ebb77ddea92567dff5cebe3b3385ad1","sellTxId":"a900349918eb738df32cfdf9f95e4eafa5008ba6"}
{"index": {"_index":"spt","_id":"4006045"}}
	{"id":4006045,"type":"sell","buyer":"onlydoge","seller":"dswap","symbol":"SPT","quantity":"750","price":"0.00150000","timestamp":1658963961,"volume":"1.12500000","buyTxId":"9f777c4e2bcf27251b83b7730a1074d8f01784ad","sellTxId":"0710eac107497e749b64ccf7bfebbef3bf379e5a"}
{"index": {"_index":"spt","_id":"4006052"}}
	{"id":4006052,"type":"sell","buyer":"multifurcate","seller":"deicker4545","symbol":"SPT","quantity":"2342.601456","price":"0.00150100","timestamp":1658964027,"volume":"3.51624479","buyTxId":"8c4341e9d99bd4b878dbf3601c70e07aac404f74","sellTxId":"d6bbb41755fc8930abd585bae6fd2b80c642ee15"}
{"index": {"_index":"spt","_id":"4006463"}}
	{"id":4006463,"type":"sell","buyer":"thewycher","seller":"illegal-migrant","symbol":"SPT","quantity":"490.000000","price":"0.00148200","timestamp":1658968320,"volume":"0.72618000","buyTxId":"3722ffac784e1d5e64838c3d47ef9c195b45a9df","sellTxId":"78feb81e76b1f0cf1dbc121dd15f48caf3dc5c93"}
{"index": {"_index":"spt","_id":"4006464"}}
	{"id":4006464,"type":"sell","buyer":"thewycher","seller":"illegal-migrant","symbol":"SPT","quantity":"490.000000","price":"0.00148200","timestamp":1658968320,"volume":"0.72618000","buyTxId":"ad0cfeb581d9338cbbbc4a79223d5e35b6cecb57","sellTxId":"78feb81e76b1f0cf1dbc121dd15f48caf3dc5c93"}
{"index": {"_index":"spt","_id":"4006465"}}
	{"id":4006465,"type":"sell","buyer":"thewycher","seller":"illegal-migrant","symbol":"SPT","quantity":"490.000000","price":"0.00148200","timestamp":1658968320,"volume":"0.72618000","buyTxId":"81f41b3d6d08469fc58814ad3554a85ec0d36785","sellTxId":"78feb81e76b1f0cf1dbc121dd15f48caf3dc5c93"}
{"index": {"_index":"spt","_id":"4006466"}}
	{"id":4006466,"type":"sell","buyer":"thewycher","seller":"illegal-migrant","symbol":"SPT","quantity":"490.000000","price":"0.00148200","timestamp":1658968320,"volume":"0.72618000","buyTxId":"064b0655e6272ce8d79dffc31d54f0894581f4ba","sellTxId":"78feb81e76b1f0cf1dbc121dd15f48caf3dc5c93"}
{"index": {"_index":"spt","_id":"4006467"}}
	{"id":4006467,"type":"sell","buyer":"thewycher","seller":"illegal-migrant","symbol":"SPT","quantity":"490.000000","price":"0.00148200","timestamp":1658968320,"volume":"0.72618000","buyTxId":"943bc93be2bc381ad30b9ee1641ed9227387bc00","sellTxId":"78feb81e76b1f0cf1dbc121dd15f48caf3dc5c93"}
{"index": {"_index":"spt","_id":"4006468"}}
	{"id":4006468,"type":"sell","buyer":"thewycher","seller":"illegal-migrant","symbol":"SPT","quantity":"490.000000","price":"0.00148200","timestamp":1658968320,"volume":"0.72618000","buyTxId":"1f8ef4c46dbad938d693ef1e5eb00e9d3f533bf5","sellTxId":"78feb81e76b1f0cf1dbc121dd15f48caf3dc5c93"}
{"index": {"_index":"spt","_id":"4006469"}}
	{"id":4006469,"type":"sell","buyer":"thewycher","seller":"illegal-migrant","symbol":"SPT","quantity":"490.000000","price":"0.00148200","timestamp":1658968320,"volume":"0.72618000","buyTxId":"395b3724af97877718f3acab68a12f39c59bc708","sellTxId":"78feb81e76b1f0cf1dbc121dd15f48caf3dc5c93"}
{"index": {"_index":"spt","_id":"4006470"}}
	{"id":4006470,"type":"sell","buyer":"thewycher","seller":"illegal-migrant","symbol":"SPT","quantity":"490.000000","price":"0.00148200","timestamp":1658968320,"volume":"0.72618000","buyTxId":"176726381a12fd9c53ea9350af0b4103328044e1","sellTxId":"78feb81e76b1f0cf1dbc121dd15f48caf3dc5c93"}
{"index": {"_index":"spt","_id":"4006471"}}
	{"id":4006471,"type":"sell","buyer":"thewycher","seller":"illegal-migrant","symbol":"SPT","quantity":"330.000000","price":"0.00148200","timestamp":1658968320,"volume":"0.48906000","buyTxId":"4517f356848774d7c603dfc0f823141df5db9138","sellTxId":"78feb81e76b1f0cf1dbc121dd15f48caf3dc5c93"}
{"index": {"_index":"spt","_id":"4006486"}}
	{"id":4006486,"type":"sell","buyer":"thewycher","seller":"zallin","symbol":"SPT","quantity":"160.000000","price":"0.00148200","timestamp":1658968695,"volume":"0.23712000","buyTxId":"4517f356848774d7c603dfc0f823141df5db9138","sellTxId":"0d6cf377b60ca278045c0806d4405b3d0900729f"}
{"index": {"_index":"spt","_id":"4006487"}}
	{"id":4006487,"type":"sell","buyer":"thewycher","seller":"zallin","symbol":"SPT","quantity":"490.000000","price":"0.00148200","timestamp":1658968695,"volume":"0.72618000","buyTxId":"06c108e944583722dc8cca344d82cc8d599a5d2f","sellTxId":"0d6cf377b60ca278045c0806d4405b3d0900729f"}
{"index": {"_index":"spt","_id":"4006488"}}
	{"id":4006488,"type":"sell","buyer":"thewycher","seller":"zallin","symbol":"SPT","quantity":"415.174716","price":"0.00148200","timestamp":1658968695,"volume":"0.61528893","buyTxId":"4595308b7c8aa3c7d66f30f6d3bc6d72e36cf7d1","sellTxId":"0d6cf377b60ca278045c0806d4405b3d0900729f"}
{"index": {"_index":"spt","_id":"4006803"}}
	{"id":4006803,"type":"sell","buyer":"thewycher","seller":"grimmazrael","symbol":"SPT","quantity":"74.825284","price":"0.00148200","timestamp":1658972064,"volume":"0.11089107","buyTxId":"4595308b7c8aa3c7d66f30f6d3bc6d72e36cf7d1","sellTxId":"d518e6417be17958d2c432c34eae690411c43ac5"}
{"index": {"_index":"spt","_id":"4006804"}}
	{"id":4006804,"type":"sell","buyer":"thewycher","seller":"grimmazrael","symbol":"SPT","quantity":"425.174716","price":"0.00148200","timestamp":1658972064,"volume":"0.63010893","buyTxId":"65effbc3800283e515c2402223a3b783f5f1ddae","sellTxId":"d518e6417be17958d2c432c34eae690411c43ac5"}
{"index": {"_index":"spt","_id":"4006875"}}
	{"id":4006875,"type":"sell","buyer":"thewycher","seller":"poshtoken","symbol":"SPT","quantity":"64.825284","price":"0.00148200","timestamp":1658973048,"volume":"0.09607107","buyTxId":"65effbc3800283e515c2402223a3b783f5f1ddae","sellTxId":"7840dd3b93ca9fd88585c1e50a79c96e611ca3ea"}
{"index": {"_index":"spt","_id":"4006876"}}
	{"id":4006876,"type":"sell","buyer":"thewycher","seller":"poshtoken","symbol":"SPT","quantity":"490.000000","price":"0.00148200","timestamp":1658973048,"volume":"0.72618000","buyTxId":"da666b8d9bcaadd020de43ce903c5f965be06bee","sellTxId":"7840dd3b93ca9fd88585c1e50a79c96e611ca3ea"}
{"index": {"_index":"spt","_id":"4006877"}}
	{"id":4006877,"type":"sell","buyer":"thewycher","seller":"poshtoken","symbol":"SPT","quantity":"490.000000","price":"0.00148200","timestamp":1658973048,"volume":"0.72618000","buyTxId":"6cf9044593af0064a439c9163a5b97b2cbca37b4","sellTxId":"7840dd3b93ca9fd88585c1e50a79c96e611ca3ea"}
{"index": {"_index":"spt","_id":"4006878"}}
	{"id":4006878,"type":"sell","buyer":"thewycher","seller":"poshtoken","symbol":"SPT","quantity":"490.000000","price":"0.00148200","timestamp":1658973048,"volume":"0.72618000","buyTxId":"a9d3fc7fd0126a25d51fead06656b94ccb3fe47b","sellTxId":"7840dd3b93ca9fd88585c1e50a79c96e611ca3ea"}
{"index": {"_index":"spt","_id":"4006879"}}
	{"id":4006879,"type":"sell","buyer":"thewycher","seller":"poshtoken","symbol":"SPT","quantity":"212.615930","price":"0.00148200","timestamp":1658973048,"volume":"0.31509681","buyTxId":"5095a14c8c37bd31f41cc120a8996946e5453e5a","sellTxId":"7840dd3b93ca9fd88585c1e50a79c96e611ca3ea"}
{"index": {"_index":"spt","_id":"4006995"}}
	{"id":4006995,"type":"sell","buyer":"thewycher","seller":"oscurocactus","symbol":"SPT","quantity":"277.384070","price":"0.00148200","timestamp":1658974533,"volume":"0.41108319","buyTxId":"5095a14c8c37bd31f41cc120a8996946e5453e5a","sellTxId":"d0f21fcf9237d21064ad5d7e7e8dc95ff3dcee16"}
{"index": {"_index":"spt","_id":"4006996"}}
	{"id":4006996,"type":"sell","buyer":"thewycher","seller":"oscurocactus","symbol":"SPT","quantity":"490.000000","price":"0.00148200","timestamp":1658974533,"volume":"0.72618000","buyTxId":"4d0c1588ce3d6b9d58c5d4e9b01830f9848e3a1a","sellTxId":"d0f21fcf9237d21064ad5d7e7e8dc95ff3dcee16"}
{"index": {"_index":"spt","_id":"4006997"}}
	{"id":4006997,"type":"sell","buyer":"thewycher","seller":"oscurocactus","symbol":"SPT","quantity":"490.000000","price":"0.00148200","timestamp":1658974533,"volume":"0.72618000","buyTxId":"cd1a72123b015abb73606dfb69946c52306db604","sellTxId":"d0f21fcf9237d21064ad5d7e7e8dc95ff3dcee16"}
{"index": {"_index":"spt","_id":"4006998"}}
	{"id":4006998,"type":"sell","buyer":"thewycher","seller":"oscurocactus","symbol":"SPT","quantity":"490.000000","price":"0.00148200","timestamp":1658974533,"volume":"0.72618000","buyTxId":"f719fd3bf97b223c391ee87bbe91b3c33d631d61","sellTxId":"d0f21fcf9237d21064ad5d7e7e8dc95ff3dcee16"}
{"index": {"_index":"spt","_id":"4006999"}}
	{"id":4006999,"type":"sell","buyer":"thewycher","seller":"oscurocactus","symbol":"SPT","quantity":"490.000000","price":"0.00148200","timestamp":1658974533,"volume":"0.72618000","buyTxId":"d4a9fbca18584e04a36ffc799729540585a4b453","sellTxId":"d0f21fcf9237d21064ad5d7e7e8dc95ff3dcee16"}
{"index": {"_index":"spt","_id":"4007000"}}
	{"id":4007000,"type":"sell","buyer":"thewycher","seller":"oscurocactus","symbol":"SPT","quantity":"490.000000","price":"0.00148200","timestamp":1658974533,"volume":"0.72618000","buyTxId":"d1baf3604032c32c307df770f73b324efde1873f","sellTxId":"d0f21fcf9237d21064ad5d7e7e8dc95ff3dcee16"}
{"index": {"_index":"spt","_id":"4007001"}}
	{"id":4007001,"type":"sell","buyer":"thewycher","seller":"oscurocactus","symbol":"SPT","quantity":"490.000000","price":"0.00148200","timestamp":1658974533,"volume":"0.72618000","buyTxId":"98e1d5eab97ec3a314e8919e45bc31895045b474","sellTxId":"d0f21fcf9237d21064ad5d7e7e8dc95ff3dcee16"}
{"index": {"_index":"spt","_id":"4007002"}}
	{"id":4007002,"type":"sell","buyer":"thewycher","seller":"oscurocactus","symbol":"SPT","quantity":"490.000000","price":"0.00148200","timestamp":1658974533,"volume":"0.72618000","buyTxId":"d5cf48dbfb3ba8a9451fdfacf0f3401202b0dafb","sellTxId":"d0f21fcf9237d21064ad5d7e7e8dc95ff3dcee16"}
{"index": {"_index":"spt","_id":"4007003"}}
	{"id":4007003,"type":"sell","buyer":"thewycher","seller":"oscurocactus","symbol":"SPT","quantity":"490.000000","price":"0.00148200","timestamp":1658974533,"volume":"0.72618000","buyTxId":"44b5ed85a238c1b6912d01a24c4694f10587f6af","sellTxId":"d0f21fcf9237d21064ad5d7e7e8dc95ff3dcee16"}
{"index": {"_index":"spt","_id":"4007004"}}
	{"id":4007004,"type":"sell","buyer":"thewycher","seller":"oscurocactus","symbol":"SPT","quantity":"475.739878","price":"0.00148200","timestamp":1658974533,"volume":"0.70504650","buyTxId":"20f1cbe7fbff66debfb104e853e270d60809c688","sellTxId":"d0f21fcf9237d21064ad5d7e7e8dc95ff3dcee16"}
{"index": {"_index":"spt","_id":"4007005"}}
	{"id":4007005,"type":"sell","buyer":"he-index","seller":"oscurocactus","symbol":"SPT","quantity":"15.851000","price":"0.00145100","timestamp":1658974533,"volume":"0.02299980","buyTxId":"e004f67b7671fa776ce6a521f6b7c21ae4175c9a","sellTxId":"d0f21fcf9237d21064ad5d7e7e8dc95ff3dcee16"}
{"index": {"_index":"spt","_id":"4007006"}}
	{"id":4007006,"type":"sell","buyer":"multifurcate","seller":"oscurocactus","symbol":"SPT","quantity":"2519.254502","price":"0.00143100","timestamp":1658974533,"volume":"3.60505319","buyTxId":"29cafe40eeb45c1752e4009ae268e87beb038576","sellTxId":"d0f21fcf9237d21064ad5d7e7e8dc95ff3dcee16"}
{"index": {"_index":"spt","_id":"4007076"}}
	{"id":4007076,"type":"sell","buyer":"multifurcate","seller":"dswap","symbol":"SPT","quantity":"52.853094","price":"0.00143100","timestamp":1658975511,"volume":"0.07563278","buyTxId":"8eb4b1c6b1c54a06a13c7d3ffd35b2a49b02e683","sellTxId":"66bdec0bbf713b67e4c01d7340f7ccc9974d38dd"}
{"index": {"_index":"spt","_id":"4007128"}}
	{"id":4007128,"type":"buy","buyer":"knowledge-seeker","seller":"onlydoge","symbol":"SPT","quantity":"750.000000","price":"0.00176000","timestamp":1658976210,"volume":"1.32000000","buyTxId":"946da7377c44fa5b22c67dd6b7fbd677a7426488","sellTxId":"ad03cf0433525e7c786243316d3d509de77fd586"}
{"index": {"_index":"spt","_id":"4007130"}}
	{"id":4007130,"type":"buy","buyer":"knowledge-seeker","seller":"tobetada","symbol":"SPT","quantity":"1360.000000","price":"0.00176980","timestamp":1658976261,"volume":"2.40692800","buyTxId":"8fc6d8db9394798e972029c6765da06107829903","sellTxId":"f5264ec221d526b3c38b0961450a0598789e0634"}
