{"index": {"_index":"spt","_id":"2923792"}}
	{"id":2923792,"type":"sell","buyer":"sbi-tokens","seller":"mariya21","symbol":"SPT","quantity":"2132.936782","price":"0.00272000","timestamp":1646627541,"volume":"5.80158805","buyTxId":"05b5cab091f46a29ab2501fcba91fb408acb2758","sellTxId":"3229588188eb4327b5e123feb0ecd180acb20887"}
{"index": {"_index":"spt","_id":"2923981"}}
	{"id":2923981,"type":"sell","buyer":"sbi-tokens","seller":"mango-juice","symbol":"SPT","quantity":"3346.680628","price":"0.00272000","timestamp":1646630862,"volume":"9.10297131","buyTxId":"05b5cab091f46a29ab2501fcba91fb408acb2758","sellTxId":"c0114ae238ae1ec4d672d3c60f2d42498c39705c"}
{"index": {"_index":"spt","_id":"2924043"}}
	{"id":2924043,"type":"buy","buyer":"spirits4you","seller":"laundrywoman","symbol":"SPT","quantity":"5138.746145","price":"0.00291900","timestamp":1646632053,"volume":"15","buyTxId":"82fa42b06e46e502a7f49a619a7f161d8a9e9d01","sellTxId":"f83965aa43979d3940e62576fbb232d85cbc77bb"}
{"index": {"_index":"spt","_id":"2924332"}}
	{"id":2924332,"type":"sell","buyer":"sbi-tokens","seller":"drunksamurai","symbol":"SPT","quantity":"1000.000000","price":"0.00272000","timestamp":1646635878,"volume":"2.72000000","buyTxId":"05b5cab091f46a29ab2501fcba91fb408acb2758","sellTxId":"e2aa8af545caa1c09ff131872ac46bf37627b6a5"}
{"index": {"_index":"spt","_id":"2924686"}}
	{"id":2924686,"type":"sell","buyer":"sbi-tokens","seller":"brofi-market","symbol":"SPT","quantity":"0.758227","price":"0.00272000","timestamp":1646640639,"volume":"0.00206238","buyTxId":"05b5cab091f46a29ab2501fcba91fb408acb2758","sellTxId":"4f4d0dc235596c3ce68525f5c6e28d2f6e5830d9"}
{"index": {"_index":"spt","_id":"2924883"}}
	{"id":2924883,"type":"sell","buyer":"multifurcate","seller":"durlan","symbol":"SPT","quantity":"2033.454754","price":"0.00272100","timestamp":1646642940,"volume":"5.53303039","buyTxId":"caffd10893db496e34deaf78bc30bdf6f1abe842","sellTxId":"d699afda37c16283a319fc1d2f7abf8717daa0f0"}
{"index": {"_index":"spt","_id":"2925055"}}
	{"id":2925055,"type":"sell","buyer":"multifurcate","seller":"twentyfourseven","symbol":"SPT","quantity":"30142.500000","price":"0.00272100","timestamp":1646645337,"volume":"82.01774250","buyTxId":"caffd10893db496e34deaf78bc30bdf6f1abe842","sellTxId":"8347d5523c3827d8fd1ede09a4a47b99945568f0"}
{"index": {"_index":"spt","_id":"2925358"}}
	{"id":2925358,"type":"sell","buyer":"multifurcate","seller":"alito","symbol":"SPT","quantity":"6.473132","price":"0.00272100","timestamp":1646649861,"volume":"0.01761339","buyTxId":"caffd10893db496e34deaf78bc30bdf6f1abe842","sellTxId":"0e60f6b33791ac7b05f6ab09b0218e071cd97c4d"}
{"index": {"_index":"spt","_id":"2925762"}}
	{"id":2925762,"type":"sell","buyer":"multifurcate","seller":"dhedge-drips","symbol":"SPT","quantity":"0.071083","price":"0.00272100","timestamp":1646657157,"volume":"0.00019342","buyTxId":"caffd10893db496e34deaf78bc30bdf6f1abe842","sellTxId":"a5e9443c3a0a007cf5ffdb3c119a8a71448f2079"}
{"index": {"_index":"spt","_id":"2926116"}}
	{"id":2926116,"type":"sell","buyer":"multifurcate","seller":"shebe","symbol":"SPT","quantity":"2.482579","price":"0.00272100","timestamp":1646660448,"volume":"0.00675510","buyTxId":"caffd10893db496e34deaf78bc30bdf6f1abe842","sellTxId":"4f4d637aa6dc4c0f60d2c40a7613c620ce97b0a0"}
{"index": {"_index":"spt","_id":"2926598"}}
	{"id":2926598,"type":"buy","buyer":"captainquack22","seller":"epicurotech","symbol":"SPT","quantity":"0.120046","price":"0.00281000","timestamp":1646667084,"volume":"0.00033733","buyTxId":"d909adec227a51191419d38035f4a4f642cf9666","sellTxId":"4a14cbe13ed7fd044170339973d3c8f432305261"}
{"index": {"_index":"spt","_id":"2926599"}}
	{"id":2926599,"type":"buy","buyer":"captainquack22","seller":"elenkar","symbol":"SPT","quantity":"0.595012","price":"0.00282000","timestamp":1646667084,"volume":"0.00167793","buyTxId":"d909adec227a51191419d38035f4a4f642cf9666","sellTxId":"3b4114c51e650deb598d85b27ea607c3f93e4666"}
{"index": {"_index":"spt","_id":"2926600"}}
	{"id":2926600,"type":"buy","buyer":"captainquack22","seller":"dhedge-drips","symbol":"SPT","quantity":"0.071083","price":"0.00282000","timestamp":1646667084,"volume":"0.00020045","buyTxId":"d909adec227a51191419d38035f4a4f642cf9666","sellTxId":"4e1f2b4f718c022e68cbaff743e35e7c553eafcf"}
{"index": {"_index":"spt","_id":"2926601"}}
	{"id":2926601,"type":"buy","buyer":"captainquack22","seller":"greengineer","symbol":"SPT","quantity":"448.515595","price":"0.00284000","timestamp":1646667084,"volume":"1.27378429","buyTxId":"d909adec227a51191419d38035f4a4f642cf9666","sellTxId":"1f9425b28c10fb335c8334b0e41552beac51f048"}
{"index": {"_index":"spt","_id":"2926789"}}
	{"id":2926789,"type":"sell","buyer":"multifurcate","seller":"brofi-market","symbol":"SPT","quantity":"0.221707","price":"0.00272100","timestamp":1646669853,"volume":"0.00060326","buyTxId":"caffd10893db496e34deaf78bc30bdf6f1abe842","sellTxId":"fedd5209bb5d667a4cfbcb71ef017442dfa1f148"}
{"index": {"_index":"spt","_id":"2926954"}}
	{"id":2926954,"type":"sell","buyer":"multifurcate","seller":"unitqm","symbol":"SPT","quantity":"3576","price":"0.00272100","timestamp":1646671701,"volume":"9.73029600","buyTxId":"f61f160322c5ceca15f949692507093f48e73a5b","sellTxId":"c7a4d51042ecc7f4064749eb79a4a9f0e78552f9"}
{"index": {"_index":"spt","_id":"2926973"}}
	{"id":2926973,"type":"sell","buyer":"multifurcate","seller":"itachi24","symbol":"SPT","quantity":"11.281394","price":"0.00272100","timestamp":1646671770,"volume":"0.03069667","buyTxId":"f61f160322c5ceca15f949692507093f48e73a5b","sellTxId":"dac8184afc58c387437fd2d5d5329f191b6969b3"}
{"index": {"_index":"spt","_id":"2927523"}}
	{"id":2927523,"type":"buy","buyer":"jongolson","seller":"greengineer","symbol":"SPT","quantity":"1000.000000","price":"0.00284000","timestamp":1646675847,"volume":"2.84000000","buyTxId":"17dc05853e0562c42304bc1693b536854fa7c550","sellTxId":"1f9425b28c10fb335c8334b0e41552beac51f048"}
{"index": {"_index":"spt","_id":"2927529"}}
	{"id":2927529,"type":"sell","buyer":"multifurcate","seller":"bearbear613","symbol":"SPT","quantity":"33.447769","price":"0.00272100","timestamp":1646675991,"volume":"0.09101138","buyTxId":"f61f160322c5ceca15f949692507093f48e73a5b","sellTxId":"9ee406a3129e3ef392f73b1704bbfbbea766f128"}
{"index": {"_index":"spt","_id":"2927788"}}
	{"id":2927788,"type":"sell","buyer":"multifurcate","seller":"kikero","symbol":"SPT","quantity":"79471.270837","price":"0.00272100","timestamp":1646678652,"volume":"216.24132795","buyTxId":"f61f160322c5ceca15f949692507093f48e73a5b","sellTxId":"23242d618ee282e8ebaa49396b41eb79654a73c3"}
{"index": {"_index":"spt","_id":"2927789"}}
	{"id":2927789,"type":"sell","buyer":"sbi-tokens","seller":"kikero","symbol":"SPT","quantity":"38743.880548","price":"0.00272000","timestamp":1646678652,"volume":"105.38335509","buyTxId":"05b5cab091f46a29ab2501fcba91fb408acb2758","sellTxId":"23242d618ee282e8ebaa49396b41eb79654a73c3"}
{"index": {"_index":"spt","_id":"2927790"}}
	{"id":2927790,"type":"sell","buyer":"cryptochikkin","seller":"kikero","symbol":"SPT","quantity":"100.000000","price":"0.00272000","timestamp":1646678652,"volume":"0.27200000","buyTxId":"803dbc7f32aae43c7d6cec46ee325c9f7f54ba6a","sellTxId":"23242d618ee282e8ebaa49396b41eb79654a73c3"}
{"index": {"_index":"spt","_id":"2927791"}}
	{"id":2927791,"type":"sell","buyer":"dechuck","seller":"kikero","symbol":"SPT","quantity":"100.000000","price":"0.00271999","timestamp":1646678652,"volume":"0.27199900","buyTxId":"de692b7362a86d57d08ec92d07073bccd9640b8c","sellTxId":"23242d618ee282e8ebaa49396b41eb79654a73c3"}
{"index": {"_index":"spt","_id":"2927792"}}
	{"id":2927792,"type":"sell","buyer":"myothuzar","seller":"kikero","symbol":"SPT","quantity":"3340.848615","price":"0.00271000","timestamp":1646678652,"volume":"9.05369975","buyTxId":"3c4d55a8221c9476488e974feb0d2ba2df2a2e94","sellTxId":"23242d618ee282e8ebaa49396b41eb79654a73c3"}
{"index": {"_index":"spt","_id":"2927814"}}
	{"id":2927814,"type":"sell","buyer":"multifurcate","seller":"dhedge-drips","symbol":"SPT","quantity":"0.020785","price":"0.00271100","timestamp":1646678790,"volume":"0.00005635","buyTxId":"b39f9b0677731241718e856bd52501cdaba3f8ac","sellTxId":"4917da7c8c5283f37e86092238c05559d6fa0129"}
{"index": {"_index":"spt","_id":"2927917"}}
	{"id":2927917,"type":"sell","buyer":"multifurcate","seller":"eijibr","symbol":"SPT","quantity":"1988.438407","price":"0.00271100","timestamp":1646679330,"volume":"5.39065652","buyTxId":"b39f9b0677731241718e856bd52501cdaba3f8ac","sellTxId":"f1b9ce3267c93c30a86df8c69c478453c6001e90"}
{"index": {"_index":"spt","_id":"2928245"}}
	{"id":2928245,"type":"sell","buyer":"myothuzar","seller":"brofi-market","symbol":"SPT","quantity":"0.295112","price":"0.00271000","timestamp":1646683926,"volume":"0.00079975","buyTxId":"3c4d55a8221c9476488e974feb0d2ba2df2a2e94","sellTxId":"e5885a037cdbccd3ffa8c3b326ed84bcca598fab"}
{"index": {"_index":"spt","_id":"2928308"}}
	{"id":2928308,"type":"sell","buyer":"myothuzar","seller":"pandapuzzles","symbol":"SPT","quantity":"18.900000","price":"0.00271000","timestamp":1646684403,"volume":"0.05121900","buyTxId":"3c4d55a8221c9476488e974feb0d2ba2df2a2e94","sellTxId":"ac0418e400cda54caa282d09e03618fb1c200fc7"}
{"index": {"_index":"spt","_id":"2928450"}}
	{"id":2928450,"type":"sell","buyer":"cryptojiang","seller":"thebusycat","symbol":"SPT","quantity":"499.000000","price":"0.00275000","timestamp":1646686293,"volume":"1.37225000","buyTxId":"f01c8cdba633dcf5e7aee466a5aa20be62ab7850","sellTxId":"0015c0b8d4eb1d32e0f9a2269c4a63ecc45bb379"}
{"index": {"_index":"spt","_id":"2928477"}}
	{"id":2928477,"type":"buy","buyer":"jaopalas","seller":"greengineer","symbol":"SPT","quantity":"188.000000","price":"0.00284000","timestamp":1646686608,"volume":"0.53392000","buyTxId":"2a986e35c712ee1b08b9737dac2f64bb034f65ba","sellTxId":"1f9425b28c10fb335c8334b0e41552beac51f048"}
{"index": {"_index":"spt","_id":"2928765"}}
	{"id":2928765,"type":"sell","buyer":"cryptojiang","seller":"apoloo1","symbol":"SPT","quantity":"28.047529","price":"0.00275000","timestamp":1646689527,"volume":"0.07713070","buyTxId":"f01c8cdba633dcf5e7aee466a5aa20be62ab7850","sellTxId":"e02e78be4a845894c0debf98062f65ad727c7fc5"}
{"index": {"_index":"spt","_id":"2928804"}}
	{"id":2928804,"type":"sell","buyer":"cryptojiang","seller":"dswap","symbol":"SPT","quantity":"204.534563","price":"0.00275000","timestamp":1646689968,"volume":"0.56247005","buyTxId":"f01c8cdba633dcf5e7aee466a5aa20be62ab7850","sellTxId":"57348ab86fcc5100d70b7147e82f174a73a354a4"}
{"index": {"_index":"spt","_id":"2928805"}}
	{"id":2928805,"type":"sell","buyer":"cryptojiang","seller":"cynano","symbol":"SPT","quantity":"79.962257","price":"0.00275000","timestamp":1646689968,"volume":"0.21989621","buyTxId":"f01c8cdba633dcf5e7aee466a5aa20be62ab7850","sellTxId":"d5743451f2ada7b206f80a9dab9789815ad81c52"}
{"index": {"_index":"spt","_id":"2929149"}}
	{"id":2929149,"type":"sell","buyer":"cryptojiang","seller":"he-index","symbol":"SPT","quantity":"0.036000","price":"0.00275000","timestamp":1646694063,"volume":"0.00009900","buyTxId":"f01c8cdba633dcf5e7aee466a5aa20be62ab7850","sellTxId":"4835bbd4644bbc305b722c30c5e5f5a91e1f935f"}
{"index": {"_index":"spt","_id":"2929373"}}
	{"id":2929373,"type":"sell","buyer":"cryptojiang","seller":"thisisawesome","symbol":"SPT","quantity":"0.218351","price":"0.00275000","timestamp":1646696097,"volume":"0.00060047","buyTxId":"f01c8cdba633dcf5e7aee466a5aa20be62ab7850","sellTxId":"7b018cb8a5bed80254dbeb8648377cd8ab5e057e"}
{"index": {"_index":"spt","_id":"2929672"}}
	{"id":2929672,"type":"sell","buyer":"cryptojiang","seller":"brofi-market","symbol":"SPT","quantity":"6.377376","price":"0.00275000","timestamp":1646698422,"volume":"0.01753778","buyTxId":"f01c8cdba633dcf5e7aee466a5aa20be62ab7850","sellTxId":"59e0053ecf4e4359b4b3fe8c4e36be10ba162f1b"}
{"index": {"_index":"spt","_id":"2929700"}}
	{"id":2929700,"type":"sell","buyer":"cryptojiang","seller":"chireerocks","symbol":"SPT","quantity":"156.435803","price":"0.00275000","timestamp":1646698770,"volume":"0.43019846","buyTxId":"f01c8cdba633dcf5e7aee466a5aa20be62ab7850","sellTxId":"1b27c705346eee6ed2c28d345d522e2119dea0e2"}
{"index": {"_index":"spt","_id":"2929710"}}
	{"id":2929710,"type":"buy","buyer":"panosdada","seller":"greengineer","symbol":"SPT","quantity":"352.112676","price":"0.00284000","timestamp":1646699025,"volume":"1","buyTxId":"87183f1c06d276fcafb32f56d6ad36caf4e5c88a","sellTxId":"1f9425b28c10fb335c8334b0e41552beac51f048"}
{"index": {"_index":"spt","_id":"2929822"}}
	{"id":2929822,"type":"sell","buyer":"cryptojiang","seller":"bteim","symbol":"SPT","quantity":"2303.681839","price":"0.00275000","timestamp":1646699562,"volume":"6.33512506","buyTxId":"f01c8cdba633dcf5e7aee466a5aa20be62ab7850","sellTxId":"3df386b3102f6181e73c85d8988a62d125de4e67"}
{"index": {"_index":"spt","_id":"2929986"}}
	{"id":2929986,"type":"sell","buyer":"cryptojiang","seller":"underlock","symbol":"SPT","quantity":"1563.793762","price":"0.00275000","timestamp":1646702106,"volume":"4.30043285","buyTxId":"f01c8cdba633dcf5e7aee466a5aa20be62ab7850","sellTxId":"626589a914d36c949a1e5633dbd0631c15145534"}
{"index": {"_index":"spt","_id":"2930026"}}
	{"id":2930026,"type":"buy","buyer":"druidsblood","seller":"sbi-tokens","symbol":"SPT","quantity":"7125.000000","price":"0.00283000","timestamp":1646702823,"volume":"20.16375000","buyTxId":"f115ed487a3fee73d8548d024c9acbe7c4009d26","sellTxId":"c617dd97b7632d3f08c16de3cbaaa197593b157f"}
{"index": {"_index":"spt","_id":"2930031"}}
	{"id":2930031,"type":"buy","buyer":"druidsblood","seller":"laundrywoman","symbol":"SPT","quantity":"14125.000000","price":"0.00282900","timestamp":1646702910,"volume":"39.95962500","buyTxId":"136869f0565aa27b8c2e9f8c27ea10229863c0c4","sellTxId":"60d39d3ebd354926c331a2f0468bf3d367f36f52"}
{"index": {"_index":"spt","_id":"2930118"}}
	{"id":2930118,"type":"sell","buyer":"cryptojiang","seller":"beluhan19","symbol":"SPT","quantity":"57.912520","price":"0.00275000","timestamp":1646704566,"volume":"0.15925943","buyTxId":"f01c8cdba633dcf5e7aee466a5aa20be62ab7850","sellTxId":"1d3994064c23a400921d006c1f34c507722033ca"}
{"index": {"_index":"spt","_id":"2930119"}}
	{"id":2930119,"type":"sell","buyer":"myothuzar","seller":"beluhan19","symbol":"SPT","quantity":"1884.900526","price":"0.00271000","timestamp":1646704566,"volume":"5.10808043","buyTxId":"3c4d55a8221c9476488e974feb0d2ba2df2a2e94","sellTxId":"1d3994064c23a400921d006c1f34c507722033ca"}
{"index": {"_index":"spt","_id":"2930128"}}
	{"id":2930128,"type":"buy","buyer":"jongolson","seller":"laundrywoman","symbol":"SPT","quantity":"1000.000000","price":"0.00282900","timestamp":1646704734,"volume":"2.82900000","buyTxId":"b126f22a45d72cf7ad6f579f7c3426b53baaecb6","sellTxId":"f3e8139ac164c3415dca4479c90d29140001135f"}
{"index": {"_index":"spt","_id":"2930293"}}
	{"id":2930293,"type":"sell","buyer":"myothuzar","seller":"mario02","symbol":"SPT","quantity":"1500.000000","price":"0.00271000","timestamp":1646707479,"volume":"4.06500000","buyTxId":"3c4d55a8221c9476488e974feb0d2ba2df2a2e94","sellTxId":"f9f9f93cc3f39f4e57c46a697476022464a34265"}
{"index": {"_index":"spt","_id":"2930322"}}
	{"id":2930322,"type":"sell","buyer":"myothuzar","seller":"mario02","symbol":"SPT","quantity":"400.000000","price":"0.00271000","timestamp":1646707833,"volume":"1.08400000","buyTxId":"3c4d55a8221c9476488e974feb0d2ba2df2a2e94","sellTxId":"76cfd2075b2b5ac041637120fe8fb50cfea34764"}
