{"index": {"_index":"spt","_id":"2617765"}}
	{"id":2617765,"type":"sell","buyer":"stickupcash","seller":"kingaddz","symbol":"SPT","quantity":"319.459814","price":"0.00251000","timestamp":1642909731,"volume":"0.80184413","buyTxId":"891541af083c328fbf274b291e236eb0e2839504","sellTxId":"76ecb1fe0db5310a595c9762bf3817d3c020050c"}
{"index": {"_index":"spt","_id":"2617783"}}
	{"id":2617783,"type":"sell","buyer":"stickupcash","seller":"hiveexplorers","symbol":"SPT","quantity":"9.937424","price":"0.00251000","timestamp":1642910205,"volume":"0.02494293","buyTxId":"891541af083c328fbf274b291e236eb0e2839504","sellTxId":"b75120e1756d4fb18c844996eb9e568c9894b7ef"}
{"index": {"_index":"spt","_id":"2617875"}}
	{"id":2617875,"type":"sell","buyer":"stickupcash","seller":"brofi-market","symbol":"SPT","quantity":"0.047217","price":"0.00251000","timestamp":1642911345,"volume":"0.00011851","buyTxId":"891541af083c328fbf274b291e236eb0e2839504","sellTxId":"2666296bae194a738f930351cbcc80b000938ae2"}
{"index": {"_index":"spt","_id":"2617997"}}
	{"id":2617997,"type":"sell","buyer":"stickupcash","seller":"greengineer","symbol":"SPT","quantity":"66.982506","price":"0.00251000","timestamp":1642912065,"volume":"0.16812609","buyTxId":"891541af083c328fbf274b291e236eb0e2839504","sellTxId":"da53711eb30ecbdbe4cc5cddec3ee778366b5900"}
{"index": {"_index":"spt","_id":"2618034"}}
	{"id":2618034,"type":"buy","buyer":"ahmetay","seller":"help.venezuela","symbol":"SPT","quantity":"652.968532","price":"0.00258000","timestamp":1642912338,"volume":"1.68465881","buyTxId":"391bf8a546770e9f1047f4321834b96917130245","sellTxId":"714ed42a85c09f3434a9641e3f64ea7a55cb4a5d"}
{"index": {"_index":"spt","_id":"2618035"}}
	{"id":2618035,"type":"buy","buyer":"ahmetay","seller":"brofi-market","symbol":"SPT","quantity":"0.047217","price":"0.00258000","timestamp":1642912338,"volume":"0.00012182","buyTxId":"391bf8a546770e9f1047f4321834b96917130245","sellTxId":"d711c47a370e516b866d1297e0f116a1fab6b6b8"}
{"index": {"_index":"spt","_id":"2618436"}}
	{"id":2618436,"type":"buy","buyer":"chireerocks","seller":"brofi-market","symbol":"SPT","quantity":"0.144872","price":"0.00259999","timestamp":1642919829,"volume":"0.00037667","buyTxId":"15987f2ba6b36f9b3eb279fc978b774e0676056c","sellTxId":"3a4ea70f6f71d33034a42b0da840a6c9c2a0d957"}
{"index": {"_index":"spt","_id":"2618444"}}
	{"id":2618444,"type":"buy","buyer":"chireerocks","seller":"brofi-market","symbol":"SPT","quantity":"0.083363","price":"0.00268970","timestamp":1642919895,"volume":"0.00022422","buyTxId":"81e5c6d092cda9fc98d3fa0e78176a5573542b80","sellTxId":"da97edb0a94da6eeb10e206c422df7e6ca6082e6"}
{"index": {"_index":"spt","_id":"2618445"}}
	{"id":2618445,"type":"buy","buyer":"chireerocks","seller":"dhedge-drips","symbol":"SPT","quantity":"0.007814","price":"0.00268970","timestamp":1642919895,"volume":"0.00002102","buyTxId":"81e5c6d092cda9fc98d3fa0e78176a5573542b80","sellTxId":"3d93f5745c200cd04e1c8c29f825b1e293d5dd33"}
{"index": {"_index":"spt","_id":"2618473"}}
	{"id":2618473,"type":"sell","buyer":"stickupcash","seller":"dhedge-drips","symbol":"SPT","quantity":"0.004425","price":"0.00251000","timestamp":1642920369,"volume":"0.00001111","buyTxId":"891541af083c328fbf274b291e236eb0e2839504","sellTxId":"141c76a9f64a99bbec2756693f36dab9a3a59fce"}
{"index": {"_index":"spt","_id":"2618491"}}
	{"id":2618491,"type":"buy","buyer":"chireerocks","seller":"dhedge-drips","symbol":"SPT","quantity":"0.063744","price":"0.00268979","timestamp":1642920615,"volume":"0.00017146","buyTxId":"e1fa8268b5d1b615cd063d2c49d3735229fb6675","sellTxId":"dcf2a678a6b29127a4db03d0b9a73f8aac94cdb9"}
{"index": {"_index":"spt","_id":"2618492"}}
	{"id":2618492,"type":"buy","buyer":"chireerocks","seller":"dhedge-drips","symbol":"SPT","quantity":"0.004425","price":"0.00268979","timestamp":1642920615,"volume":"0.00001190","buyTxId":"e1fa8268b5d1b615cd063d2c49d3735229fb6675","sellTxId":"3bcd992e9dac572db657139a428d1cf93e7a4dac"}
{"index": {"_index":"spt","_id":"2618504"}}
	{"id":2618504,"type":"buy","buyer":"chireerocks","seller":"myothuzar","symbol":"SPT","quantity":"5000.000000","price":"0.00268980","timestamp":1642920783,"volume":"13.44900000","buyTxId":"c09b98f21fe8f3eeb7d3e1cae66700aa1838a87d","sellTxId":"c10e8d737f290c3869b53ff6a5d20f402260f0b4"}
{"index": {"_index":"spt","_id":"2618508"}}
	{"id":2618508,"type":"buy","buyer":"chireerocks","seller":"myothuzar","symbol":"SPT","quantity":"5000.000000","price":"0.00268980","timestamp":1642920885,"volume":"13.44900000","buyTxId":"e52fb00665a2b8f4ac76aeaa9aa8ff9b755773c6","sellTxId":"c10e8d737f290c3869b53ff6a5d20f402260f0b4"}
{"index": {"_index":"spt","_id":"2618528"}}
	{"id":2618528,"type":"buy","buyer":"chireerocks","seller":"myothuzar","symbol":"SPT","quantity":"2500.000000","price":"0.00268980","timestamp":1642921191,"volume":"6.72450000","buyTxId":"99542a7f07f8528248ebad308ea1362dd8f75e6d","sellTxId":"c10e8d737f290c3869b53ff6a5d20f402260f0b4"}
{"index": {"_index":"spt","_id":"2618542"}}
	{"id":2618542,"type":"buy","buyer":"chireerocks","seller":"myothuzar","symbol":"SPT","quantity":"49.000000","price":"0.00268980","timestamp":1642921374,"volume":"0.13180020","buyTxId":"4b1f6280c461845cd2407d3eb9cb27dcb8d3f06d","sellTxId":"c10e8d737f290c3869b53ff6a5d20f402260f0b4"}
{"index": {"_index":"spt","_id":"2618752"}}
	{"id":2618752,"type":"sell","buyer":"stickupcash","seller":"knightsunited","symbol":"SPT","quantity":"875.727018","price":"0.00251000","timestamp":1642923780,"volume":"2.19807482","buyTxId":"891541af083c328fbf274b291e236eb0e2839504","sellTxId":"92485c8b356031713e25cf05011457f80eead82c"}
{"index": {"_index":"spt","_id":"2618868"}}
	{"id":2618868,"type":"sell","buyer":"stickupcash","seller":"brofi-market","symbol":"SPT","quantity":"0.482719","price":"0.00251000","timestamp":1642925568,"volume":"0.00121162","buyTxId":"891541af083c328fbf274b291e236eb0e2839504","sellTxId":"08211c74e987aca765d83ba2a74ef49d8e34b0ba"}
{"index": {"_index":"spt","_id":"2618875"}}
	{"id":2618875,"type":"buy","buyer":"captainquack22","seller":"myothuzar","symbol":"SPT","quantity":"132.066960","price":"0.00268980","timestamp":1642925619,"volume":"0.35523371","buyTxId":"44785f92ef1dc41f0622a79b0fb17cb49cdd1059","sellTxId":"c10e8d737f290c3869b53ff6a5d20f402260f0b4"}
{"index": {"_index":"spt","_id":"2619061"}}
	{"id":2619061,"type":"sell","buyer":"stickupcash","seller":"vaporent","symbol":"SPT","quantity":"0.145182","price":"0.00251000","timestamp":1642928322,"volume":"0.00036441","buyTxId":"891541af083c328fbf274b291e236eb0e2839504","sellTxId":"35320bbf66f7e7b88228b264396625bd4f7e9e41"}
{"index": {"_index":"spt","_id":"2619095"}}
	{"id":2619095,"type":"sell","buyer":"stickupcash","seller":"mercurial9","symbol":"SPT","quantity":"666.993076","price":"0.00251000","timestamp":1642928706,"volume":"1.67415262","buyTxId":"891541af083c328fbf274b291e236eb0e2839504","sellTxId":"a087673edd5e9ec6c4724f6c5b0b7c2578e1e083"}
{"index": {"_index":"spt","_id":"2619101"}}
	{"id":2619101,"type":"buy","buyer":"dswap","seller":"myothuzar","symbol":"SPT","quantity":"42.960606","price":"0.00268980","timestamp":1642928769,"volume":"0.11555544","buyTxId":"cc01bfd8895cd14b3a6add51007852ca36890183","sellTxId":"c10e8d737f290c3869b53ff6a5d20f402260f0b4"}
{"index": {"_index":"spt","_id":"2619139"}}
	{"id":2619139,"type":"buy","buyer":"chireerocks","seller":"myothuzar","symbol":"SPT","quantity":"899.000000","price":"0.00268980","timestamp":1642929477,"volume":"2.41813020","buyTxId":"53f6de13925426749411bb56c8fb2640316409a5","sellTxId":"c10e8d737f290c3869b53ff6a5d20f402260f0b4"}
{"index": {"_index":"spt","_id":"2619209"}}
	{"id":2619209,"type":"sell","buyer":"stickupcash","seller":"eghnim","symbol":"SPT","quantity":"12.663549","price":"0.00251000","timestamp":1642930680,"volume":"0.03178551","buyTxId":"891541af083c328fbf274b291e236eb0e2839504","sellTxId":"7ad90d90195a999439d4dfb1f5a1772fdd390843"}
{"index": {"_index":"spt","_id":"2619263"}}
	{"id":2619263,"type":"sell","buyer":"stickupcash","seller":"fieryfootprints","symbol":"SPT","quantity":"112.844644","price":"0.00251000","timestamp":1642931394,"volume":"0.28324006","buyTxId":"891541af083c328fbf274b291e236eb0e2839504","sellTxId":"8a7ec662cf87e9d8886c9baa3fddf8dc62e6513c"}
{"index": {"_index":"spt","_id":"2619335"}}
	{"id":2619335,"type":"sell","buyer":"granddaddies","seller":"bji1203","symbol":"SPT","quantity":"4500.000000","price":"0.00252100","timestamp":1642932918,"volume":"11.34450000","buyTxId":"73b7b0eef6e2d4d01d2a296413e116695526d865","sellTxId":"9a06378a84dc4b26e5720ccc2c7fb54df6678f7e"}
{"index": {"_index":"spt","_id":"2619371"}}
	{"id":2619371,"type":"sell","buyer":"granddaddies","seller":"sketchygamerguy","symbol":"SPT","quantity":"18.433139","price":"0.00252100","timestamp":1642933455,"volume":"0.04646994","buyTxId":"8c10b85172b91c921c88dec47a2dc354e1936a85","sellTxId":"80da057c1febba4d11420544d0d1752b4afb2ab5"}
{"index": {"_index":"spt","_id":"2619467"}}
	{"id":2619467,"type":"sell","buyer":"granddaddies","seller":"mango-juice","symbol":"SPT","quantity":"535.513200","price":"0.00252100","timestamp":1642934814,"volume":"1.35002878","buyTxId":"c1dc6b2d21c2d664fca3ed144af06495d1eaac96","sellTxId":"f625828b4d1ff783ae8c90cb8bf8d2421d5dfc97"}
{"index": {"_index":"spt","_id":"2619750"}}
	{"id":2619750,"type":"sell","buyer":"dechuck","seller":"brofi-market","symbol":"SPT","quantity":"0.610546","price":"0.00253000","timestamp":1642939779,"volume":"0.00154468","buyTxId":"dced45b939b439e9b2dcee4e342e39b1646f98e3","sellTxId":"fe2be38d45c5e070f78915bf4fb212a2e8c87dc3"}
{"index": {"_index":"spt","_id":"2619805"}}
	{"id":2619805,"type":"sell","buyer":"dechuck","seller":"tzoky","symbol":"SPT","quantity":"99.389454","price":"0.00253000","timestamp":1642940433,"volume":"0.25145532","buyTxId":"dced45b939b439e9b2dcee4e342e39b1646f98e3","sellTxId":"09cc960dba2123910cc7e711544cc23bccba47a7"}
{"index": {"_index":"spt","_id":"2619808"}}
	{"id":2619808,"type":"sell","buyer":"jynx5515","seller":"tzoky","symbol":"SPT","quantity":"100.000000","price":"0.00252000","timestamp":1642940460,"volume":"0.25200000","buyTxId":"b9c204f0a382f04b7fcb2adcf790e348d3a5aa2b","sellTxId":"895f5783eb4d72fbe717d470bfaddca22fd4c53a"}
{"index": {"_index":"spt","_id":"2619810"}}
	{"id":2619810,"type":"sell","buyer":"stickupcash","seller":"tzoky","symbol":"SPT","quantity":"800.000000","price":"0.00251000","timestamp":1642940490,"volume":"2.00800000","buyTxId":"891541af083c328fbf274b291e236eb0e2839504","sellTxId":"1ef56d4a41e41e49fa1bdb000b598d86d9090cc9"}
{"index": {"_index":"spt","_id":"2619831"}}
	{"id":2619831,"type":"sell","buyer":"stickupcash","seller":"sublimjester","symbol":"SPT","quantity":"63.521744","price":"0.00251000","timestamp":1642940865,"volume":"0.15943958","buyTxId":"891541af083c328fbf274b291e236eb0e2839504","sellTxId":"a1ef84995bdb662820119e82194275c95b0991b6"}
{"index": {"_index":"spt","_id":"2619913"}}
	{"id":2619913,"type":"sell","buyer":"stickupcash","seller":"dhedge-drips","symbol":"SPT","quantity":"0.079866","price":"0.00251000","timestamp":1642941966,"volume":"0.00020046","buyTxId":"891541af083c328fbf274b291e236eb0e2839504","sellTxId":"168e03641485086b951086b70ed05ee70807d444"}
{"index": {"_index":"spt","_id":"2619935"}}
	{"id":2619935,"type":"sell","buyer":"stickupcash","seller":"xabi","symbol":"SPT","quantity":"153.797587","price":"0.00251000","timestamp":1642942269,"volume":"0.38603194","buyTxId":"891541af083c328fbf274b291e236eb0e2839504","sellTxId":"64b0d0024e1cc9bb2f8ba3ca9962e967d6f9b98e"}
{"index": {"_index":"spt","_id":"2620200"}}
	{"id":2620200,"type":"sell","buyer":"stickupcash","seller":"dswap","symbol":"SPT","quantity":"500","price":"0.00251000","timestamp":1642946181,"volume":"1.25500000","buyTxId":"891541af083c328fbf274b291e236eb0e2839504","sellTxId":"670b288f8573f8690f9a4a767d7365330817dd86"}
{"index": {"_index":"spt","_id":"2620613"}}
	{"id":2620613,"type":"sell","buyer":"stickupcash","seller":"eghnim","symbol":"SPT","quantity":"19.408480","price":"0.00251000","timestamp":1642951296,"volume":"0.04871528","buyTxId":"891541af083c328fbf274b291e236eb0e2839504","sellTxId":"1961bec17b34f37e0212b6524a7356009321dbf9"}
{"index": {"_index":"spt","_id":"2621059"}}
	{"id":2621059,"type":"buy","buyer":"multifurcate","seller":"christislord","symbol":"SPT","quantity":"560.539802","price":"0.00251100","timestamp":1642955622,"volume":"1.40751544","buyTxId":"cefdd46a67ab9c8e9892524544a12292721f7cc2","sellTxId":"98aef047819fb000354d7d937280321d0db53ada"}
{"index": {"_index":"spt","_id":"2621224"}}
	{"id":2621224,"type":"sell","buyer":"multifurcate","seller":"decepticons","symbol":"SPT","quantity":"687.000000","price":"0.00251100","timestamp":1642957140,"volume":"1.72505700","buyTxId":"a1135d6aaeef64f1f67b4ccb1249cdd626b8b3f8","sellTxId":"d8577d3149795f945b0e63834256e36342b71e45"}
{"index": {"_index":"spt","_id":"2621502"}}
	{"id":2621502,"type":"buy","buyer":"olezoom","seller":"beco132","symbol":"SPT","quantity":"290.188679","price":"0.00265000","timestamp":1642959354,"volume":"0.769","buyTxId":"da23d03da747b32699f61e3a4f13dc28afec4277","sellTxId":"81ae256539fb5d63d84349b545de8e4ef149b7f2"}
{"index": {"_index":"spt","_id":"2621833"}}
	{"id":2621833,"type":"buy","buyer":"multifurcate","seller":"catomoon","symbol":"SPT","quantity":"0.657689","price":"0.00251100","timestamp":1642961139,"volume":"0.00165146","buyTxId":"34cfd9a892573fd2f1c94e7ef6fa2c8c180dfee1","sellTxId":"ef25c58edaf977dabf55fbc2afb8416e1fa0d229"}
{"index": {"_index":"spt","_id":"2621987"}}
	{"id":2621987,"type":"sell","buyer":"multifurcate","seller":"themarkymark","symbol":"SPT","quantity":"53.734000","price":"0.00251100","timestamp":1642963245,"volume":"0.13492607","buyTxId":"5519320eb8f316af29ffdb677c925dccd6bfd0a7","sellTxId":"f6b7a86febe24efd0dafb99c563db77933955e43"}
{"index": {"_index":"spt","_id":"2622021"}}
	{"id":2622021,"type":"sell","buyer":"multifurcate","seller":"dhedge-drips","symbol":"SPT","quantity":"0.003485","price":"0.00251100","timestamp":1642963599,"volume":"0.00000875","buyTxId":"a043a926d9a9e861842be9efe3c5f67f29bde998","sellTxId":"c463d21ba6135687ecf64ffc2e8d9b23e05ced95"}
{"index": {"_index":"spt","_id":"2622053"}}
	{"id":2622053,"type":"buy","buyer":"multifurcate","seller":"brofi-market","symbol":"SPT","quantity":"0.037177","price":"0.00251100","timestamp":1642963734,"volume":"0.00009335","buyTxId":"b10507239afb659981bc1204e452fe084f1c2dcc","sellTxId":"527ac7916fc41cbf9911c6e9e4ced80c2398b99d"}
{"index": {"_index":"spt","_id":"2622096"}}
	{"id":2622096,"type":"buy","buyer":"captainquack22","seller":"beco132","symbol":"SPT","quantity":"550.566037","price":"0.00265000","timestamp":1642963998,"volume":"1.459","buyTxId":"a088be8490f303c8d74a822cb170df0fc0e2e503","sellTxId":"81ae256539fb5d63d84349b545de8e4ef149b7f2"}
{"index": {"_index":"spt","_id":"2622135"}}
	{"id":2622135,"type":"buy","buyer":"jongolson","seller":"beco132","symbol":"SPT","quantity":"1000.000000","price":"0.00265000","timestamp":1642964400,"volume":"2.65000000","buyTxId":"085edf846c38f8d50cc27cdd0915eaa31d47ceed","sellTxId":"81ae256539fb5d63d84349b545de8e4ef149b7f2"}
{"index": {"_index":"spt","_id":"2622413"}}
	{"id":2622413,"type":"sell","buyer":"stickupcash","seller":"carlosro","symbol":"SPT","quantity":"895.952081","price":"0.00251000","timestamp":1642966758,"volume":"2.24883972","buyTxId":"891541af083c328fbf274b291e236eb0e2839504","sellTxId":"b6e6b44776dfce0db1ed86dfec30e9c3e0593c6b"}
{"index": {"_index":"spt","_id":"2622449"}}
	{"id":2622449,"type":"buy","buyer":"multifurcate","seller":"freeztag","symbol":"SPT","quantity":"304.809527","price":"0.00251100","timestamp":1642967064,"volume":"0.76537672","buyTxId":"ecd620fef13cd59482f8fabf567d38457c441c29","sellTxId":"918592c2e24f87c38f51cd024a0ea1a296919308"}
{"index": {"_index":"spt","_id":"2622618"}}
	{"id":2622618,"type":"sell","buyer":"multifurcate","seller":"brofi-market","symbol":"SPT","quantity":"0.265841","price":"0.00251100","timestamp":1642968651,"volume":"0.00066753","buyTxId":"d14527b85eb5ec215a73e63ea512ed808d806646","sellTxId":"20b3cc1a93247da758f5068c4ffc079dfc48c84d"}
{"index": {"_index":"spt","_id":"2623078"}}
	{"id":2623078,"type":"buy","buyer":"multifurcate","seller":"godfish","symbol":"SPT","quantity":"13.903541","price":"0.00251100","timestamp":1642973670,"volume":"0.03491179","buyTxId":"c452b1cb4d65197680ca1435c784b38761045f56","sellTxId":"a4211bf004428cd15d3f6fb2b95c4085c0baef19"}
{"index": {"_index":"spt","_id":"2623157"}}
	{"id":2623157,"type":"sell","buyer":"multifurcate","seller":"hiveexplorers","symbol":"SPT","quantity":"17.221731","price":"0.00251100","timestamp":1642974645,"volume":"0.04324377","buyTxId":"d7d11fd9f794e25b20aec5d7b0f897e1cca63922","sellTxId":"dc0783929a26dbf1e9c66e7695f405fb19d1678b"}
{"index": {"_index":"spt","_id":"2623592"}}
	{"id":2623592,"type":"buy","buyer":"multifurcate","seller":"he-index","symbol":"SPT","quantity":"0.048000","price":"0.00251100","timestamp":1642979925,"volume":"0.00012053","buyTxId":"a5316d9dcc06e8ed92ddef70430d3334860e0bf3","sellTxId":"8e9d8ae83f4b2dcc1e8401b978a8ea7ccf2fd968"}
{"index": {"_index":"spt","_id":"2623788"}}
	{"id":2623788,"type":"sell","buyer":"stickupcash","seller":"bananofarmer","symbol":"SPT","quantity":"184.806801","price":"0.00251000","timestamp":1642982157,"volume":"0.46386507","buyTxId":"891541af083c328fbf274b291e236eb0e2839504","sellTxId":"669ee77f028ddb3f0ff8ea0d2721da4103e7b64e"}
{"index": {"_index":"spt","_id":"2623937"}}
	{"id":2623937,"type":"buy","buyer":"multifurcate","seller":"brofi-market","symbol":"SPT","quantity":"4.888991","price":"0.00251100","timestamp":1642983219,"volume":"0.01227626","buyTxId":"95c6c5aced2320e1453f7e96437d97a34929d1ea","sellTxId":"e37ec847cdd57db83f055b6cdd6bc74c7a2edea5"}
{"index": {"_index":"spt","_id":"2624074"}}
	{"id":2624074,"type":"sell","buyer":"stickupcash","seller":"chireerocks","symbol":"SPT","quantity":"48.909394","price":"0.00251000","timestamp":1642983828,"volume":"0.12276258","buyTxId":"891541af083c328fbf274b291e236eb0e2839504","sellTxId":"5468066cd0c5267ccc0a3405ff5bae3f60cc3941"}
{"index": {"_index":"spt","_id":"2624116"}}
	{"id":2624116,"type":"buy","buyer":"thewycher","seller":"laundrywoman","symbol":"SPT","quantity":"12.883668","price":"0.00263900","timestamp":1642984374,"volume":"0.034","buyTxId":"859c668adc1f2d3ffbe698336a8d80fc9ffb394b","sellTxId":"04d4dae379253262a593d9527d6d3bb0dea6679f"}
{"index": {"_index":"spt","_id":"2624132"}}
	{"id":2624132,"type":"sell","buyer":"stickupcash","seller":"fiberfrau","symbol":"SPT","quantity":"2.276482","price":"0.00251000","timestamp":1642984542,"volume":"0.00571397","buyTxId":"891541af083c328fbf274b291e236eb0e2839504","sellTxId":"e4eb93d748b31a0b2f5bae794723d549b2d60b5a"}
{"index": {"_index":"spt","_id":"2624193"}}
	{"id":2624193,"type":"sell","buyer":"stickupcash","seller":"dhedge-drips","symbol":"SPT","quantity":"0.024922","price":"0.00251000","timestamp":1642985181,"volume":"0.00006255","buyTxId":"891541af083c328fbf274b291e236eb0e2839504","sellTxId":"701f845c241f8db7a8e2532525ea8342bf6560c9"}
{"index": {"_index":"spt","_id":"2624265"}}
	{"id":2624265,"type":"buy","buyer":"chireerocks","seller":"laundrywoman","symbol":"SPT","quantity":"920.630606","price":"0.00263900","timestamp":1642985787,"volume":"2.42954417","buyTxId":"f026f1f9f070ae0f4fb46519617221070aafcdb9","sellTxId":"4de4952c20033641fae06d08a3059324b06f9b79"}
{"index": {"_index":"spt","_id":"2624503"}}
	{"id":2624503,"type":"sell","buyer":"chireerocks","seller":"laundrywoman","symbol":"SPT","quantity":"731.224653","price":"0.00263900","timestamp":1642988970,"volume":"1.92970186","buyTxId":"063aa1cd5f9732ac805d13eac329fe0bb8c3a429","sellTxId":"ddd37a6974a55acd2eddb61c0454d91204f6ccfa"}
{"index": {"_index":"spt","_id":"2624685"}}
	{"id":2624685,"type":"sell","buyer":"stickupcash","seller":"xabi","symbol":"SPT","quantity":"210.896232","price":"0.00251000","timestamp":1642990578,"volume":"0.52934954","buyTxId":"891541af083c328fbf274b291e236eb0e2839504","sellTxId":"2ec5c46a18f6047af0623250914726c78466b6cd"}
{"index": {"_index":"spt","_id":"2624972"}}
	{"id":2624972,"type":"sell","buyer":"stickupcash","seller":"dkid14","symbol":"SPT","quantity":"320.953158","price":"0.00251000","timestamp":1642995153,"volume":"0.80559243","buyTxId":"891541af083c328fbf274b291e236eb0e2839504","sellTxId":"1d216b87176e22dceacef2d85de4d61965f60880"}
