{"index": {"_index":"spt","_id":"3683925"}}
	{"id":3683925,"type":"sell","buyer":"multifurcate","seller":"bitcoinflood","symbol":"SPT","quantity":"114.174525","price":"0.00234100","timestamp":1655174193,"volume":"0.26728256","buyTxId":"4f2e90fabad0d465e98a1e74aaa09b9c9dcef84d","sellTxId":"3f2953060bf3fae8b58e360610d952d41efa7f7f"}
{"index": {"_index":"spt","_id":"3684155"}}
	{"id":3684155,"type":"buy","buyer":"pjansen","seller":"saachi","symbol":"SPT","quantity":"1960.784313","price":"0.00255000","timestamp":1655176020,"volume":"5.0000","buyTxId":"c99fe460aedbcb9817a5e176cd6d28ee00e3cf41","sellTxId":"90ad2a6f63c0a9279482a33e923d50adf45905fc"}
{"index": {"_index":"spt","_id":"3684162"}}
	{"id":3684162,"type":"buy","buyer":"pjansen","seller":"saachi","symbol":"SPT","quantity":"39.215687","price":"0.00255000","timestamp":1655176074,"volume":"0.10000000","buyTxId":"97c53ea45bcdbbbae91db0046327ca7eecf73fdc","sellTxId":"90ad2a6f63c0a9279482a33e923d50adf45905fc"}
{"index": {"_index":"spt","_id":"3684163"}}
	{"id":3684163,"type":"buy","buyer":"pjansen","seller":"kitsuki","symbol":"SPT","quantity":"0.038778","price":"0.00257878","timestamp":1655176074,"volume":"0.00010000","buyTxId":"97c53ea45bcdbbbae91db0046327ca7eecf73fdc","sellTxId":"c43dbcef8829de4ec7fe934a4777a7fa22169a85"}
{"index": {"_index":"spt","_id":"3684557"}}
	{"id":3684557,"type":"buy","buyer":"evernoticethat","seller":"dubble.eth","symbol":"SPT","quantity":"77.556354","price":"0.00257877","timestamp":1655178867,"volume":"0.2","buyTxId":"67456142458f1a35ae888275020415ef1c32a400","sellTxId":"9201448db547acd0cf48ac2d15e6bdc82395b9f7"}
{"index": {"_index":"spt","_id":"3684581"}}
	{"id":3684581,"type":"sell","buyer":"multifurcate","seller":"adrian1968","symbol":"SPT","quantity":"45.309530","price":"0.00235100","timestamp":1655179056,"volume":"0.10652271","buyTxId":"cc1773759ce3f2f9955f04ef3b3d10472c99d78e","sellTxId":"8b7a938ed7133d75c2300385a301781636fbf1b6"}
{"index": {"_index":"spt","_id":"3684776"}}
	{"id":3684776,"type":"sell","buyer":"multifurcate","seller":"jnn10","symbol":"SPT","quantity":"0.124627","price":"0.00236100","timestamp":1655181141,"volume":"0.00029424","buyTxId":"bf33211d1cd329b0140e609710fce7ebc761f13f","sellTxId":"9ddc2b04ab9d9a6ab0be2fbd77123a8d8dea373d"}
{"index": {"_index":"spt","_id":"3685033"}}
	{"id":3685033,"type":"sell","buyer":"onlydoge","seller":"kakakk","symbol":"SPT","quantity":"12368.302742","price":"0.00237000","timestamp":1655184171,"volume":"29.31287750","buyTxId":"f9b2b0e7d3932ae77c4477eae494fd6124434cef","sellTxId":"75d2540dab9bd86b38c15d644bfcb51dd50f35d4"}
{"index": {"_index":"spt","_id":"3685112"}}
	{"id":3685112,"type":"sell","buyer":"onlydoge","seller":"felipejoys","symbol":"SPT","quantity":"289.925098","price":"0.00237000","timestamp":1655185014,"volume":"0.68712248","buyTxId":"f9b2b0e7d3932ae77c4477eae494fd6124434cef","sellTxId":"7f66cbea3bc610e5054d69c2c59dcd53bed1656b"}
{"index": {"_index":"spt","_id":"3685113"}}
	{"id":3685113,"type":"sell","buyer":"multifurcate","seller":"felipejoys","symbol":"SPT","quantity":"4720.043063","price":"0.00230100","timestamp":1655185014,"volume":"10.86081909","buyTxId":"0ae264ab440fc29b45069859b5995ef31a68f3cd","sellTxId":"7f66cbea3bc610e5054d69c2c59dcd53bed1656b"}
{"index": {"_index":"spt","_id":"3685134"}}
	{"id":3685134,"type":"buy","buyer":"anomalix","seller":"onlydoge","symbol":"SPT","quantity":"2578.210116","price":"0.00257000","timestamp":1655185407,"volume":"6.626","buyTxId":"20f1466130cb041978c171cf214bd9843e448575","sellTxId":"ac60990f3197cef9757e27533106faa9175aaf32"}
{"index": {"_index":"spt","_id":"3685480"}}
	{"id":3685480,"type":"sell","buyer":"multifurcate","seller":"jnn10","symbol":"SPT","quantity":"0.398824","price":"0.00230100","timestamp":1655189691,"volume":"0.00091769","buyTxId":"3608899dff21e893a4a5f6232704db1ed1376960","sellTxId":"96844dd24b8dcd65068ba52006ce7a2f0169963a"}
{"index": {"_index":"spt","_id":"3685734"}}
	{"id":3685734,"type":"sell","buyer":"multifurcate","seller":"jnn10","symbol":"SPT","quantity":"0.047840","price":"0.00230100","timestamp":1655192844,"volume":"0.00011008","buyTxId":"86f45f0bcd5b47fa510ed0b45e8f9477c46514ea","sellTxId":"fa69c1fb457f9770beb76059493c43d86e46e970"}
{"index": {"_index":"spt","_id":"3685735"}}
	{"id":3685735,"type":"buy","buyer":"pjansen","seller":"onlydoge","symbol":"SPT","quantity":"3891.089494","price":"0.00257000","timestamp":1655192847,"volume":"10.0001","buyTxId":"5380fe2c93aedc0396c9ffc4af8f7ce44ff84f16","sellTxId":"ac60990f3197cef9757e27533106faa9175aaf32"}
{"index": {"_index":"spt","_id":"3685836"}}
	{"id":3685836,"type":"buy","buyer":"pjansen","seller":"onlydoge","symbol":"SPT","quantity":"3891.089494","price":"0.00257000","timestamp":1655194245,"volume":"10.0001","buyTxId":"a0e3a455019bdc2f71f15371162f55a8a99c0260","sellTxId":"ac60990f3197cef9757e27533106faa9175aaf32"}
{"index": {"_index":"spt","_id":"3685847"}}
	{"id":3685847,"type":"buy","buyer":"pjansen","seller":"onlydoge","symbol":"SPT","quantity":"2007.913638","price":"0.00257000","timestamp":1655194293,"volume":"5.16033805","buyTxId":"e315c00b79e465dabc6472ca7c52cc239603bc30","sellTxId":"ac60990f3197cef9757e27533106faa9175aaf32"}
{"index": {"_index":"spt","_id":"3685848"}}
	{"id":3685848,"type":"buy","buyer":"pjansen","seller":"dubble.eth","symbol":"SPT","quantity":"0.062801","price":"0.00257877","timestamp":1655194293,"volume":"0.00016195","buyTxId":"e315c00b79e465dabc6472ca7c52cc239603bc30","sellTxId":"9201448db547acd0cf48ac2d15e6bdc82395b9f7"}
{"index": {"_index":"spt","_id":"3685985"}}
	{"id":3685985,"type":"buy","buyer":"pjansen","seller":"onlydoge","symbol":"SPT","quantity":"289.925098","price":"0.00257000","timestamp":1655196534,"volume":"0.74510750","buyTxId":"a319b42ef65aa05ea32e4eef9cc5cd50619c6ae6","sellTxId":"7a6e70c88a422db94bb7640c49eaa6ac39d56ac0"}
{"index": {"_index":"spt","_id":"3685986"}}
	{"id":3685986,"type":"buy","buyer":"pjansen","seller":"dubble.eth","symbol":"SPT","quantity":"0.074647","price":"0.00257877","timestamp":1655196534,"volume":"0.00019250","buyTxId":"a319b42ef65aa05ea32e4eef9cc5cd50619c6ae6","sellTxId":"9201448db547acd0cf48ac2d15e6bdc82395b9f7"}
{"index": {"_index":"spt","_id":"3686101"}}
	{"id":3686101,"type":"sell","buyer":"multifurcate","seller":"tt88","symbol":"SPT","quantity":"2314.706906","price":"0.00230100","timestamp":1655198784,"volume":"5.32614059","buyTxId":"86f45f0bcd5b47fa510ed0b45e8f9477c46514ea","sellTxId":"b82351794c61105f50a6dc789372ad6d08188cd2"}
{"index": {"_index":"spt","_id":"3686119"}}
	{"id":3686119,"type":"buy","buyer":"pjansen","seller":"dubble.eth","symbol":"SPT","quantity":"2347.916215","price":"0.00257877","timestamp":1655199042,"volume":"6.05473590","buyTxId":"ecff6b40232501b046a142c76590da2862a920b2","sellTxId":"9201448db547acd0cf48ac2d15e6bdc82395b9f7"}
{"index": {"_index":"spt","_id":"3686120"}}
	{"id":3686120,"type":"buy","buyer":"pjansen","seller":"kitsuki","symbol":"SPT","quantity":"499.961222","price":"0.00257878","timestamp":1655199042,"volume":"1.28929000","buyTxId":"ecff6b40232501b046a142c76590da2862a920b2","sellTxId":"c43dbcef8829de4ec7fe934a4777a7fa22169a85"}
{"index": {"_index":"spt","_id":"3686121"}}
	{"id":3686121,"type":"buy","buyer":"pjansen","seller":"greengineer","symbol":"SPT","quantity":"1029.965138","price":"0.00257880","timestamp":1655199042,"volume":"2.65607410","buyTxId":"ecff6b40232501b046a142c76590da2862a920b2","sellTxId":"5b1fbda7d84eac6a096231288a9ead1d27d0ac6e"}
{"index": {"_index":"spt","_id":"3686128"}}
	{"id":3686128,"type":"buy","buyer":"pjansen","seller":"greengineer","symbol":"SPT","quantity":"1236.969107","price":"0.00257880","timestamp":1655199087,"volume":"3.18989593","buyTxId":"28168b285a1110c1efd6177b753c9273fa9cb418","sellTxId":"5b1fbda7d84eac6a096231288a9ead1d27d0ac6e"}
{"index": {"_index":"spt","_id":"3686129"}}
	{"id":3686129,"type":"buy","buyer":"pjansen","seller":"kitsuki","symbol":"SPT","quantity":"183.467673","price":"0.00257890","timestamp":1655199087,"volume":"0.47314478","buyTxId":"28168b285a1110c1efd6177b753c9273fa9cb418","sellTxId":"e5241198cfe7805d14bca83dd2052596fdb9f3f1"}
{"index": {"_index":"spt","_id":"3686130"}}
	{"id":3686130,"type":"buy","buyer":"pjansen","seller":"aurelia181","symbol":"SPT","quantity":"14.000000","price":"0.00257890","timestamp":1655199087,"volume":"0.03610460","buyTxId":"28168b285a1110c1efd6177b753c9273fa9cb418","sellTxId":"295eb3c72eea770352113bf2bff38a98d5a240f2"}
{"index": {"_index":"spt","_id":"3686131"}}
	{"id":3686131,"type":"buy","buyer":"pjansen","seller":"thranax","symbol":"SPT","quantity":"0.021034","price":"0.00260000","timestamp":1655199087,"volume":"0.00005469","buyTxId":"28168b285a1110c1efd6177b753c9273fa9cb418","sellTxId":"c6ab535fcbfa63ee70b329732f7bb5015b462704"}
{"index": {"_index":"spt","_id":"3686205"}}
	{"id":3686205,"type":"sell","buyer":"multifurcate","seller":"achim03","symbol":"SPT","quantity":"430.000000","price":"0.00231100","timestamp":1655200083,"volume":"0.99373000","buyTxId":"6e47bedd065f66f9b5121826a9155d0429a21b93","sellTxId":"acb0aa75632a2c982d952ec7a5f87e1309bdc333"}
{"index": {"_index":"spt","_id":"3686264"}}
	{"id":3686264,"type":"buy","buyer":"pjansen","seller":"thranax","symbol":"SPT","quantity":"49.978966","price":"0.00260000","timestamp":1655200896,"volume":"0.12994531","buyTxId":"8213151ad53c7e209d5abf8a53e86a85ae88118d","sellTxId":"c6ab535fcbfa63ee70b329732f7bb5015b462704"}
{"index": {"_index":"spt","_id":"3686265"}}
	{"id":3686265,"type":"buy","buyer":"pjansen","seller":"thranax","symbol":"SPT","quantity":"0.020874","price":"0.00261999","timestamp":1655200896,"volume":"0.00005469","buyTxId":"8213151ad53c7e209d5abf8a53e86a85ae88118d","sellTxId":"f8ba6bfb254ca9933c8a175ab31459280dd0aca3"}
{"index": {"_index":"spt","_id":"3686369"}}
	{"id":3686369,"type":"sell","buyer":"multifurcate","seller":"karmaa13","symbol":"SPT","quantity":"26.347083","price":"0.00231100","timestamp":1655202597,"volume":"0.06088811","buyTxId":"6e47bedd065f66f9b5121826a9155d0429a21b93","sellTxId":"6d692b0171681e8f772f51940b06e0925e5dd2f7"}
{"index": {"_index":"spt","_id":"3686395"}}
	{"id":3686395,"type":"sell","buyer":"multifurcate","seller":"myfreebtc","symbol":"SPT","quantity":"2660.839819","price":"0.00231100","timestamp":1655202876,"volume":"6.14920082","buyTxId":"6e47bedd065f66f9b5121826a9155d0429a21b93","sellTxId":"23ab3cd246bf3e7fc5c5765bd5f6d8c326255ee5"}
{"index": {"_index":"spt","_id":"3686740"}}
	{"id":3686740,"type":"sell","buyer":"multifurcate","seller":"faquan","symbol":"SPT","quantity":"2103.115476","price":"0.00232100","timestamp":1655206452,"volume":"4.88133102","buyTxId":"588654c6643a4e4b929bd7f5fee41332df69513b","sellTxId":"401562137619e97f1715d1b99a2665da20ebec0f"}
{"index": {"_index":"spt","_id":"3686803"}}
	{"id":3686803,"type":"buy","buyer":"dbooster","seller":"thranax","symbol":"SPT","quantity":"49.979126","price":"0.00261999","timestamp":1655207094,"volume":"0.13094481","buyTxId":"9413a6b247cdf25f96109227dba5df84a0e9dd43","sellTxId":"f8ba6bfb254ca9933c8a175ab31459280dd0aca3"}
{"index": {"_index":"spt","_id":"3686804"}}
	{"id":3686804,"type":"buy","buyer":"dbooster","seller":"cryptofiloz","symbol":"SPT","quantity":"263.331555","price":"0.00269777","timestamp":1655207094,"volume":"0.71040797","buyTxId":"9413a6b247cdf25f96109227dba5df84a0e9dd43","sellTxId":"feb48c6d6f7b3682766b77d715cba6abb6d9aec9"}
{"index": {"_index":"spt","_id":"3686805"}}
	{"id":3686805,"type":"buy","buyer":"dbooster","seller":"kojiri","symbol":"SPT","quantity":"186.689319","price":"0.00269900","timestamp":1655207094,"volume":"0.50387447","buyTxId":"9413a6b247cdf25f96109227dba5df84a0e9dd43","sellTxId":"5b647a10d2e336736e09e465abdb5d604b6fce1a"}
{"index": {"_index":"spt","_id":"3686858"}}
	{"id":3686858,"type":"sell","buyer":"thranax","seller":"myvest","symbol":"SPT","quantity":"8.272197","price":"0.00232160","timestamp":1655207556,"volume":"0.01920473","buyTxId":"73147114b62882ff35d4a0146bd0fc5e1bdd8c7a","sellTxId":"9ffc91dd4bda300dca320cc5667888398712a9a9"}
{"index": {"_index":"spt","_id":"3686985"}}
	{"id":3686985,"type":"buy","buyer":"evernoticethat","seller":"kojiri","symbol":"SPT","quantity":"111.152278","price":"0.00269900","timestamp":1655209149,"volume":"0.3","buyTxId":"c2384fbceb0da77918720106e26532ec752bcd52","sellTxId":"5b647a10d2e336736e09e465abdb5d604b6fce1a"}
{"index": {"_index":"spt","_id":"3686990"}}
	{"id":3686990,"type":"sell","buyer":"thranax","seller":"stea90","symbol":"SPT","quantity":"10.000000","price":"0.00233270","timestamp":1655209191,"volume":"0.02332700","buyTxId":"95dd9cd332ae5b9eef42d4c74d03a3bb1ba23034","sellTxId":"cb55df10c9aa590e30670a834e1854dba220a560"}
{"index": {"_index":"spt","_id":"3686991"}}
	{"id":3686991,"type":"sell","buyer":"thranax","seller":"stea90","symbol":"SPT","quantity":"10.000000","price":"0.00233260","timestamp":1655209191,"volume":"0.02332600","buyTxId":"4dfb0f5038bd18e686c9ae40754b96a3c1283f57","sellTxId":"cb55df10c9aa590e30670a834e1854dba220a560"}
{"index": {"_index":"spt","_id":"3687005"}}
	{"id":3687005,"type":"buy","buyer":"thranax","seller":"stea90","symbol":"SPT","quantity":"23.320685","price":"0.00233260","timestamp":1655209449,"volume":"0.05439783","buyTxId":"8f13a0a91d94c83ec12c919fdda9db42ee85a333","sellTxId":"cb55df10c9aa590e30670a834e1854dba220a560"}
{"index": {"_index":"spt","_id":"3687093"}}
	{"id":3687093,"type":"sell","buyer":"thranax","seller":"apoloo1","symbol":"SPT","quantity":"0.950604","price":"0.00233300","timestamp":1655211003,"volume":"0.00221776","buyTxId":"a8c720eb84c3da6ed6a7f079a35c6112dab6e286","sellTxId":"cc5bfca86b0da19517a632fb08f38a456da569f8"}
{"index": {"_index":"spt","_id":"3687342"}}
	{"id":3687342,"type":"sell","buyer":"multifurcate","seller":"archon-drips","symbol":"SPT","quantity":"51.401951","price":"0.00234100","timestamp":1655212800,"volume":"0.12033197","buyTxId":"8802596aa2a11405393164cbd31e51491b460448","sellTxId":"f23b0508b9b66295ff64b0b323934f0195fad9d6"}
{"index": {"_index":"spt","_id":"3687944"}}
	{"id":3687944,"type":"sell","buyer":"thranax","seller":"siberian12","symbol":"SPT","quantity":"20.000000","price":"0.00235120","timestamp":1655218407,"volume":"0.04702400","buyTxId":"ca95b6fb4745ed53edcec1c1acc43d79b4e97e70","sellTxId":"201759ee74990e9419f9f817bab3be7708bdf9b4"}
{"index": {"_index":"spt","_id":"3687945"}}
	{"id":3687945,"type":"sell","buyer":"thranax","seller":"siberian12","symbol":"SPT","quantity":"20.000000","price":"0.00235110","timestamp":1655218407,"volume":"0.04702200","buyTxId":"67c2c89059aa76c70c8079af65d7d76374211040","sellTxId":"201759ee74990e9419f9f817bab3be7708bdf9b4"}
{"index": {"_index":"spt","_id":"3687946"}}
	{"id":3687946,"type":"sell","buyer":"thranax","seller":"siberian12","symbol":"SPT","quantity":"50.000000","price":"0.00235101","timestamp":1655218407,"volume":"0.11755050","buyTxId":"97afad89a96e21751a6a57fbd070b3f433b81917","sellTxId":"201759ee74990e9419f9f817bab3be7708bdf9b4"}
{"index": {"_index":"spt","_id":"3687953"}}
	{"id":3687953,"type":"sell","buyer":"multifurcate","seller":"themarkymark","symbol":"SPT","quantity":"8.441885","price":"0.00235100","timestamp":1655218467,"volume":"0.01984687","buyTxId":"3bbf19776c164f8413e126677707abe17f9306c6","sellTxId":"430cd3ecee43e390368c1cb560ba5c7c204d683a"}
{"index": {"_index":"spt","_id":"3687961"}}
	{"id":3687961,"type":"buy","buyer":"thranax","seller":"siberian12","symbol":"SPT","quantity":"345.300881","price":"0.00235101","timestamp":1655218512,"volume":"0.81180582","buyTxId":"c0ccbd02eb05949ed470eada75789d3e0aa969eb","sellTxId":"201759ee74990e9419f9f817bab3be7708bdf9b4"}
{"index": {"_index":"spt","_id":"3687962"}}
	{"id":3687962,"type":"buy","buyer":"pjansen","seller":"underlock","symbol":"SPT","quantity":"301.810341","price":"0.00269010","timestamp":1655218518,"volume":"0.8119","buyTxId":"bf5e36910bbfac018594eb3017fb2f0b55f15b7c","sellTxId":"356c6fc594afa0915b8885c833ba1f40ccaa40ba"}
{"index": {"_index":"spt","_id":"3688189"}}
	{"id":3688189,"type":"sell","buyer":"thranax","seller":"sephiwolf","symbol":"SPT","quantity":"20.000000","price":"0.00235120","timestamp":1655219037,"volume":"0.04702400","buyTxId":"6f74e68e1088624449fbfed945dc49eed16faf34","sellTxId":"2abccca877fd2762c9bd7f3c8a2097b94922b874"}
{"index": {"_index":"spt","_id":"3688190"}}
	{"id":3688190,"type":"sell","buyer":"thranax","seller":"sephiwolf","symbol":"SPT","quantity":"20.000000","price":"0.00235110","timestamp":1655219037,"volume":"0.04702200","buyTxId":"0fc44fe54b29fb920e04faaac152dda039e118b9","sellTxId":"2abccca877fd2762c9bd7f3c8a2097b94922b874"}
{"index": {"_index":"spt","_id":"3688191"}}
	{"id":3688191,"type":"sell","buyer":"thranax","seller":"sephiwolf","symbol":"SPT","quantity":"50.000000","price":"0.00235101","timestamp":1655219037,"volume":"0.11755050","buyTxId":"1a4acb65fe81b0b6ecf054827008bf6ab67fe449","sellTxId":"2abccca877fd2762c9bd7f3c8a2097b94922b874"}
{"index": {"_index":"spt","_id":"3688192"}}
	{"id":3688192,"type":"sell","buyer":"multifurcate","seller":"sephiwolf","symbol":"SPT","quantity":"2153.341921","price":"0.00235100","timestamp":1655219037,"volume":"5.06250686","buyTxId":"3bbf19776c164f8413e126677707abe17f9306c6","sellTxId":"2abccca877fd2762c9bd7f3c8a2097b94922b874"}
{"index": {"_index":"spt","_id":"3688354"}}
	{"id":3688354,"type":"buy","buyer":"fnvdesigns","seller":"ukyron3","symbol":"SPT","quantity":"245.324426","price":"0.00268600","timestamp":1655220639,"volume":"0.65894141","buyTxId":"59023a66b3f51ad6d86af10deb786c3921fef0d8","sellTxId":"da8f24c827b1b310eaf65b986752e341297274d8"}
{"index": {"_index":"spt","_id":"3688391"}}
	{"id":3688391,"type":"buy","buyer":"fnvdesigns","seller":"ukyron3","symbol":"SPT","quantity":"664.007398","price":"0.00268600","timestamp":1655221089,"volume":"1.78352387","buyTxId":"ebc0229a2b62e4a3b7790aaff84c14326f8b6778","sellTxId":"da8f24c827b1b310eaf65b986752e341297274d8"}
{"index": {"_index":"spt","_id":"3688392"}}
	{"id":3688392,"type":"buy","buyer":"fnvdesigns","seller":"ukyron3","symbol":"SPT","quantity":"998.000000","price":"0.00268900","timestamp":1655221089,"volume":"2.68362200","buyTxId":"ebc0229a2b62e4a3b7790aaff84c14326f8b6778","sellTxId":"8cb0a2ad731efbb77d7bfc043f76c967269f61df"}
{"index": {"_index":"spt","_id":"3688393"}}
	{"id":3688393,"type":"buy","buyer":"fnvdesigns","seller":"underlock","symbol":"SPT","quantity":"434.879314","price":"0.00269010","timestamp":1655221089,"volume":"1.16986884","buyTxId":"ebc0229a2b62e4a3b7790aaff84c14326f8b6778","sellTxId":"356c6fc594afa0915b8885c833ba1f40ccaa40ba"}
{"index": {"_index":"spt","_id":"3688394"}}
	{"id":3688394,"type":"buy","buyer":"fnvdesigns","seller":"underlock","symbol":"SPT","quantity":"998.000000","price":"0.00269210","timestamp":1655221089,"volume":"2.68671580","buyTxId":"ebc0229a2b62e4a3b7790aaff84c14326f8b6778","sellTxId":"37efb6b0b58715207b733d2de84a0f23c492045b"}
{"index": {"_index":"spt","_id":"3688395"}}
	{"id":3688395,"type":"buy","buyer":"fnvdesigns","seller":"underlock","symbol":"SPT","quantity":"361.772338","price":"0.00269500","timestamp":1655221089,"volume":"0.97497645","buyTxId":"ebc0229a2b62e4a3b7790aaff84c14326f8b6778","sellTxId":"319338174fbed8556325ae268df3868427da6213"}
{"index": {"_index":"spt","_id":"3688397"}}
	{"id":3688397,"type":"buy","buyer":"fnvdesigns","seller":"underlock","symbol":"SPT","quantity":"6.303962","price":"0.00269500","timestamp":1655221125,"volume":"0.01698918","buyTxId":"5d6c56528f88129a40c54663ad83ad714c561637","sellTxId":"319338174fbed8556325ae268df3868427da6213"}
{"index": {"_index":"spt","_id":"3688434"}}
	{"id":3688434,"type":"buy","buyer":"vagabond42069","seller":"underlock","symbol":"SPT","quantity":"629.923700","price":"0.00269500","timestamp":1655221728,"volume":"1.69764437","buyTxId":"d3a97f1bf51ece66f22691b3ef9bf971ddcf4c51","sellTxId":"319338174fbed8556325ae268df3868427da6213"}
{"index": {"_index":"spt","_id":"3688435"}}
	{"id":3688435,"type":"buy","buyer":"vagabond42069","seller":"agglutinogenic","symbol":"SPT","quantity":"286.375836","price":"0.00269700","timestamp":1655221728,"volume":"0.77235563","buyTxId":"d3a97f1bf51ece66f22691b3ef9bf971ddcf4c51","sellTxId":"ca936035dbf0fe70fe3ac2085c64b64de2e3178e"}
{"index": {"_index":"spt","_id":"3688444"}}
	{"id":3688444,"type":"sell","buyer":"multifurcate","seller":"tst-cautionfun","symbol":"SPT","quantity":"3725.738087","price":"0.00236100","timestamp":1655221932,"volume":"8.79646762","buyTxId":"fc2fe87b7e3b009388db75204db4ff2259120dd5","sellTxId":"4dd1dfc58e49cf7cd962fd96ff671832e6271a15"}
{"index": {"_index":"spt","_id":"3688511"}}
	{"id":3688511,"type":"buy","buyer":"druidsblood","seller":"libertycrypto27","symbol":"SPT","quantity":"2619.189070","price":"0.00269800","timestamp":1655222460,"volume":"7.06657211","buyTxId":"861ca66f1c9b43b1c270b593e2e9cfdba596d047","sellTxId":"e0dbd845a66fe437eeb2a8f9e3eaaaacea264559"}
{"index": {"_index":"spt","_id":"3688512"}}
	{"id":3688512,"type":"buy","buyer":"druidsblood","seller":"archon-drips","symbol":"SPT","quantity":"51.401951","price":"0.00269800","timestamp":1655222460,"volume":"0.13868246","buyTxId":"861ca66f1c9b43b1c270b593e2e9cfdba596d047","sellTxId":"3d9fad5688f6dc7175c56722c193c67480555a36"}
{"index": {"_index":"spt","_id":"3688513"}}
	{"id":3688513,"type":"buy","buyer":"druidsblood","seller":"kojiri","symbol":"SPT","quantity":"202.158403","price":"0.00269900","timestamp":1655222460,"volume":"0.54562553","buyTxId":"861ca66f1c9b43b1c270b593e2e9cfdba596d047","sellTxId":"5b647a10d2e336736e09e465abdb5d604b6fce1a"}
{"index": {"_index":"spt","_id":"3688514"}}
	{"id":3688514,"type":"buy","buyer":"druidsblood","seller":"kojiri","symbol":"SPT","quantity":"1000.000000","price":"0.00269900","timestamp":1655222460,"volume":"2.69900000","buyTxId":"861ca66f1c9b43b1c270b593e2e9cfdba596d047","sellTxId":"e058b51078113d4771d4cc0cb00e3e77da88488c"}
{"index": {"_index":"spt","_id":"3688515"}}
	{"id":3688515,"type":"buy","buyer":"druidsblood","seller":"kryptofire","symbol":"SPT","quantity":"24.912640","price":"0.00269900","timestamp":1655222460,"volume":"0.06723922","buyTxId":"861ca66f1c9b43b1c270b593e2e9cfdba596d047","sellTxId":"65719add10e3e820c995fb83080f25df3954b84e"}
{"index": {"_index":"spt","_id":"3688516"}}
	{"id":3688516,"type":"buy","buyer":"druidsblood","seller":"nathu1","symbol":"SPT","quantity":"888.000000","price":"0.00269900","timestamp":1655222460,"volume":"2.39671200","buyTxId":"861ca66f1c9b43b1c270b593e2e9cfdba596d047","sellTxId":"fe008f86901bd90f1e72873678db045677bc51c0"}
{"index": {"_index":"spt","_id":"3688517"}}
	{"id":3688517,"type":"buy","buyer":"druidsblood","seller":"sbi-tokens","symbol":"SPT","quantity":"316.337936","price":"0.00270000","timestamp":1655222460,"volume":"0.85411243","buyTxId":"861ca66f1c9b43b1c270b593e2e9cfdba596d047","sellTxId":"f4e809ab5423ffd0964ebfac37d31954c9b9ece2"}
{"index": {"_index":"spt","_id":"3688521"}}
	{"id":3688521,"type":"buy","buyer":"druidsblood","seller":"sbi-tokens","symbol":"SPT","quantity":"1567.000000","price":"0.00270000","timestamp":1655222520,"volume":"4.23090000","buyTxId":"45c66a3968a3876728b7ec5a4061d684ffe86d71","sellTxId":"f4e809ab5423ffd0964ebfac37d31954c9b9ece2"}
{"index": {"_index":"spt","_id":"3688527"}}
	{"id":3688527,"type":"buy","buyer":"druidsblood","seller":"sbi-tokens","symbol":"SPT","quantity":"0.515273","price":"0.00270000","timestamp":1655222559,"volume":"0.00139124","buyTxId":"b254617272d754b80fb7f87d79148f984cd94915","sellTxId":"f4e809ab5423ffd0964ebfac37d31954c9b9ece2"}
{"index": {"_index":"spt","_id":"3688528"}}
	{"id":3688528,"type":"buy","buyer":"druidsblood","seller":"muzehan","symbol":"SPT","quantity":"1000.000000","price":"0.00270000","timestamp":1655222559,"volume":"2.70000000","buyTxId":"b254617272d754b80fb7f87d79148f984cd94915","sellTxId":"707d4c1fcfc336b8eb114707d55b5d071cf16344"}
{"index": {"_index":"spt","_id":"3688529"}}
	{"id":3688529,"type":"buy","buyer":"druidsblood","seller":"thranax","symbol":"SPT","quantity":"50.000000","price":"0.00270000","timestamp":1655222559,"volume":"0.13500000","buyTxId":"b254617272d754b80fb7f87d79148f984cd94915","sellTxId":"ea1cf2137a36824d5a90561cf64d38dc2349a771"}
{"index": {"_index":"spt","_id":"3688530"}}
	{"id":3688530,"type":"buy","buyer":"druidsblood","seller":"thranax","symbol":"SPT","quantity":"50.000000","price":"0.00270000","timestamp":1655222559,"volume":"0.13500000","buyTxId":"b254617272d754b80fb7f87d79148f984cd94915","sellTxId":"de2c6e06bd2e50e1436b526e70c542e9f7bb683e"}
{"index": {"_index":"spt","_id":"3688546"}}
	{"id":3688546,"type":"sell","buyer":"druidsblood","seller":"axrho","symbol":"SPT","quantity":"30.929130","price":"0.00270000","timestamp":1655222742,"volume":"0.08350865","buyTxId":"b254617272d754b80fb7f87d79148f984cd94915","sellTxId":"3190cc27fe973c443de49a553dfded1f4afb4680"}
{"index": {"_index":"spt","_id":"3688701"}}
	{"id":3688701,"type":"sell","buyer":"druidsblood","seller":"laritheghost","symbol":"SPT","quantity":"5.517336","price":"0.00270000","timestamp":1655224113,"volume":"0.01489681","buyTxId":"b254617272d754b80fb7f87d79148f984cd94915","sellTxId":"02874669e623c007e6af262f399a540daf3ea912"}
{"index": {"_index":"spt","_id":"3688741"}}
	{"id":3688741,"type":"sell","buyer":"druidsblood","seller":"thranax","symbol":"SPT","quantity":"430.038261","price":"0.00270000","timestamp":1655224404,"volume":"1.16110330","buyTxId":"b254617272d754b80fb7f87d79148f984cd94915","sellTxId":"6b8435e352a002e36c6e21be726972396af90d25"}
{"index": {"_index":"spt","_id":"3688861"}}
	{"id":3688861,"type":"sell","buyer":"thranax","seller":"mawit07","symbol":"SPT","quantity":"120.000000","price":"0.00236121","timestamp":1655225028,"volume":"0.28334520","buyTxId":"fbcbbf32888cbb64a4083ab70cac3b7ded97dc8e","sellTxId":"8f0aafc62adcb26fad0d946e4185e96a7b9effa5"}
{"index": {"_index":"spt","_id":"3688868"}}
	{"id":3688868,"type":"buy","buyer":"onlydoge","seller":"mawit07","symbol":"SPT","quantity":"677.100541","price":"0.00236121","timestamp":1655225049,"volume":"1.59877657","buyTxId":"5ecf037a59fda53dc7bcaf200ab3472f99828290","sellTxId":"8f0aafc62adcb26fad0d946e4185e96a7b9effa5"}
{"index": {"_index":"spt","_id":"3688923"}}
	{"id":3688923,"type":"buy","buyer":"russia-btc","seller":"norseland","symbol":"SPT","quantity":"893.947115","price":"0.00270899","timestamp":1655225322,"volume":"2.42169380","buyTxId":"1848665a33fb28c51e231c084b918f245a6bb34f","sellTxId":"e1c68b28ae7be0f00b2971dc8598b850bc7eca9e"}
{"index": {"_index":"spt","_id":"3688924"}}
	{"id":3688924,"type":"buy","buyer":"russia-btc","seller":"norseland","symbol":"SPT","quantity":"998.000000","price":"0.00270899","timestamp":1655225322,"volume":"2.70357202","buyTxId":"1848665a33fb28c51e231c084b918f245a6bb34f","sellTxId":"fbf361647d43664e860d1566f9300a03299d0bbf"}
{"index": {"_index":"spt","_id":"3688925"}}
	{"id":3688925,"type":"buy","buyer":"russia-btc","seller":"norseland","symbol":"SPT","quantity":"998.000000","price":"0.00270899","timestamp":1655225322,"volume":"2.70357202","buyTxId":"1848665a33fb28c51e231c084b918f245a6bb34f","sellTxId":"c1235c43d36cb18fa0d1def1980ea68eda3f5d5a"}
{"index": {"_index":"spt","_id":"3688926"}}
	{"id":3688926,"type":"buy","buyer":"russia-btc","seller":"norseland","symbol":"SPT","quantity":"998.000000","price":"0.00270899","timestamp":1655225322,"volume":"2.70357202","buyTxId":"1848665a33fb28c51e231c084b918f245a6bb34f","sellTxId":"d887a79e4d4b11a5f191a8b7fedf67b44bc86a4c"}
{"index": {"_index":"spt","_id":"3688928"}}
	{"id":3688928,"type":"buy","buyer":"russia-btc","seller":"he-index","symbol":"SPT","quantity":"0.026000","price":"0.00272900","timestamp":1655225346,"volume":"0.00007095","buyTxId":"087b53b233583aa46cc435061c78e3b9c61f5a0d","sellTxId":"b55f76f542f624d6161519dd56562bbfafb39919"}
{"index": {"_index":"spt","_id":"3688929"}}
	{"id":3688929,"type":"buy","buyer":"russia-btc","seller":"thranax","symbol":"SPT","quantity":"360.707939","price":"0.00272900","timestamp":1655225346,"volume":"0.98437197","buyTxId":"087b53b233583aa46cc435061c78e3b9c61f5a0d","sellTxId":"a838aeab781e50a16c5d7f3a811063c8dab21790"}
{"index": {"_index":"spt","_id":"3688932"}}
	{"id":3688932,"type":"buy","buyer":"russia-btc","seller":"agglutinogenic","symbol":"SPT","quantity":"25000.000000","price":"0.00289900","timestamp":1655225409,"volume":"72.47500000","buyTxId":"186ac7d7c9ea1a40e03473aa74f6247d5d149824","sellTxId":"b6f886350fee9e8e134b7ad72b063d990f10f960"}
{"index": {"_index":"spt","_id":"3689270"}}
	{"id":3689270,"type":"sell","buyer":"thranax","seller":"catomoon","symbol":"SPT","quantity":"4.417302","price":"0.00237110","timestamp":1655227743,"volume":"0.01047386","buyTxId":"8ae72e4a2387aae6a3580eae27569ec7020557bb","sellTxId":"3bdedea156dd95b6ba72e20e2eb7b72d978de64e"}
{"index": {"_index":"spt","_id":"3690036"}}
	{"id":3690036,"type":"buy","buyer":"jongolson","seller":"yameen","symbol":"SPT","quantity":"45.267837","price":"0.00279000","timestamp":1655232885,"volume":"0.12629727","buyTxId":"4e8c1ad9f28316e00fb89cdf2d32c326ce242191","sellTxId":"da1e344071512809b2edfdefaf33aa27627b2baf"}
{"index": {"_index":"spt","_id":"3690037"}}
	{"id":3690037,"type":"buy","buyer":"jongolson","seller":"onlydoge","symbol":"SPT","quantity":"677.100541","price":"0.00289000","timestamp":1655232885,"volume":"1.95682056","buyTxId":"4e8c1ad9f28316e00fb89cdf2d32c326ce242191","sellTxId":"67a857e8ead46aba725237994ae653a5be3206e0"}
{"index": {"_index":"spt","_id":"3690038"}}
	{"id":3690038,"type":"buy","buyer":"jongolson","seller":"agglutinogenic","symbol":"SPT","quantity":"277.631622","price":"0.00289900","timestamp":1655232885,"volume":"0.80485407","buyTxId":"4e8c1ad9f28316e00fb89cdf2d32c326ce242191","sellTxId":"b6f886350fee9e8e134b7ad72b063d990f10f960"}
{"index": {"_index":"spt","_id":"3690094"}}
	{"id":3690094,"type":"sell","buyer":"thranax","seller":"theia7","symbol":"SPT","quantity":"11.922697","price":"0.00237110","timestamp":1655233635,"volume":"0.02826991","buyTxId":"8ae72e4a2387aae6a3580eae27569ec7020557bb","sellTxId":"7e9bac70e647ae66d93c9f5f5cdc2eb30ed579a7"}
{"index": {"_index":"spt","_id":"3690375"}}
	{"id":3690375,"type":"buy","buyer":"sathross","seller":"agglutinogenic","symbol":"SPT","quantity":"358.134401","price":"0.00289900","timestamp":1655236281,"volume":"1.03823163","buyTxId":"81ba579b06ef8ccfcf17b82b6d343443753d3a1a","sellTxId":"b6f886350fee9e8e134b7ad72b063d990f10f960"}
{"index": {"_index":"spt","_id":"3690839"}}
	{"id":3690839,"type":"sell","buyer":"kitsuki","seller":"mightyrocklee","symbol":"SPT","quantity":"100.000000","price":"0.00237112","timestamp":1655242476,"volume":"0.23711200","buyTxId":"a5662c8377282aea22731e7f5c24099b53d97b5a","sellTxId":"251864856902e3ceb54f8851a1d5acf7b544ba16"}
{"index": {"_index":"spt","_id":"3690878"}}
	{"id":3690878,"type":"buy","buyer":"pjansen","seller":"mightyrocklee","symbol":"SPT","quantity":"925.978040","price":"0.00237112","timestamp":1655242836,"volume":"2.19560505","buyTxId":"aca4888594cfd607a47621a4b627290f7c1a0db7","sellTxId":"251864856902e3ceb54f8851a1d5acf7b544ba16"}
{"index": {"_index":"spt","_id":"3690879"}}
	{"id":3690879,"type":"buy","buyer":"pjansen","seller":"kitsuki","symbol":"SPT","quantity":"0.034660","price":"0.00273940","timestamp":1655242836,"volume":"0.00009495","buyTxId":"aca4888594cfd607a47621a4b627290f7c1a0db7","sellTxId":"22d10c909979489fb75caba2c232f62342328d3f"}
{"index": {"_index":"spt","_id":"3691676"}}
	{"id":3691676,"type":"sell","buyer":"thranax","seller":"noblebright","symbol":"SPT","quantity":"7.492049","price":"0.00236121","timestamp":1655249385,"volume":"0.01769030","buyTxId":"4a04e4ce8bf09ca217997b6038770a5dc27b9339","sellTxId":"ce3db8281ead3f6078253b1d9350bb0c9efc394b"}
{"index": {"_index":"spt","_id":"3691838"}}
	{"id":3691838,"type":"sell","buyer":"thranax","seller":"wlffreitas","symbol":"SPT","quantity":"112.507951","price":"0.00236121","timestamp":1655251608,"volume":"0.26565490","buyTxId":"4a04e4ce8bf09ca217997b6038770a5dc27b9339","sellTxId":"c229f6caf1b177d57ce3491473d4910febf2c7cf"}
{"index": {"_index":"spt","_id":"3691839"}}
	{"id":3691839,"type":"sell","buyer":"thranax","seller":"wlffreitas","symbol":"SPT","quantity":"20.000000","price":"0.00236120","timestamp":1655251608,"volume":"0.04722400","buyTxId":"0e462b7a2388e1bb939738657b1256ea7970868b","sellTxId":"c229f6caf1b177d57ce3491473d4910febf2c7cf"}
{"index": {"_index":"spt","_id":"3691840"}}
	{"id":3691840,"type":"sell","buyer":"thranax","seller":"wlffreitas","symbol":"SPT","quantity":"20.000000","price":"0.00236110","timestamp":1655251608,"volume":"0.04722200","buyTxId":"b3ec57dc731494e2de2b3f1b3df18e63d67b4086","sellTxId":"c229f6caf1b177d57ce3491473d4910febf2c7cf"}
{"index": {"_index":"spt","_id":"3691841"}}
	{"id":3691841,"type":"sell","buyer":"multifurcate","seller":"wlffreitas","symbol":"SPT","quantity":"2170.378930","price":"0.00234100","timestamp":1655251608,"volume":"5.08085708","buyTxId":"4f924d7198a34cd8ba21717728c92660b9a6a0d1","sellTxId":"c229f6caf1b177d57ce3491473d4910febf2c7cf"}
{"index": {"_index":"spt","_id":"3691912"}}
	{"id":3691912,"type":"sell","buyer":"thranax","seller":"deepspiral","symbol":"SPT","quantity":"93.732246","price":"0.00234110","timestamp":1655252385,"volume":"0.21943656","buyTxId":"2f73a8435efca7b0172ebae2895841a5780f3f11","sellTxId":"1dbef694fa2e6f0aaf044824182296a3d2a9fef6"}
{"index": {"_index":"spt","_id":"3692171"}}
	{"id":3692171,"type":"sell","buyer":"multifurcate","seller":"liuke96player","symbol":"SPT","quantity":"874.828079","price":"0.00235100","timestamp":1655253657,"volume":"2.05672081","buyTxId":"f056968f8c487e731133cae94541275f1b54f4d7","sellTxId":"c8107f6bd00c6d85992fda3c58a8dc6cd9b5bba8"}
{"index": {"_index":"spt","_id":"3692180"}}
	{"id":3692180,"type":"buy","buyer":"fnvdesigns","seller":"megamariano","symbol":"SPT","quantity":"226.572459","price":"0.00273700","timestamp":1655253714,"volume":"0.62012882","buyTxId":"456575b90d911e912d666389beec998615c15588","sellTxId":"10d374cb8dfd654fe3b8b7c2365ba3fe75b1d6ae"}
{"index": {"_index":"spt","_id":"3692181"}}
	{"id":3692181,"type":"buy","buyer":"fnvdesigns","seller":"abcor","symbol":"SPT","quantity":"1900.637747","price":"0.00273700","timestamp":1655253714,"volume":"5.20204551","buyTxId":"456575b90d911e912d666389beec998615c15588","sellTxId":"601c7c74499f1bdd41e6f424b2d1be5d77e33533"}
{"index": {"_index":"spt","_id":"3692182"}}
	{"id":3692182,"type":"buy","buyer":"fnvdesigns","seller":"megamariano","symbol":"SPT","quantity":"998.000000","price":"0.00273800","timestamp":1655253762,"volume":"2.73252400","buyTxId":"b4567eee05df0f078d11861c00ef64b404c66dee","sellTxId":"56302553029c42c5b22144a874e2bae643a3642e"}
{"index": {"_index":"spt","_id":"3692183"}}
	{"id":3692183,"type":"buy","buyer":"fnvdesigns","seller":"megamariano","symbol":"SPT","quantity":"401.465710","price":"0.00273900","timestamp":1655253780,"volume":"1.09961458","buyTxId":"0c58a5e2d06bad46cdfeba6cd064c4ec317c5da2","sellTxId":"29c26308176e0ce44c0ac78a97a402be7d4e1ec5"}
{"index": {"_index":"spt","_id":"3692328"}}
	{"id":3692328,"type":"sell","buyer":"multifurcate","seller":"myfreebtc","symbol":"SPT","quantity":"1.044126","price":"0.00235100","timestamp":1655255109,"volume":"0.00245474","buyTxId":"f056968f8c487e731133cae94541275f1b54f4d7","sellTxId":"46e8b18b140f7b96a369b2f8eb9c381a819cb3ae"}
{"index": {"_index":"spt","_id":"3692390"}}
	{"id":3692390,"type":"sell","buyer":"thewycher","seller":"durlan","symbol":"SPT","quantity":"499.999999","price":"0.00235101","timestamp":1655255910,"volume":"1.17550500","buyTxId":"900dc976bb3b87789539625589faa2602479ada4","sellTxId":"01551a04810c7b503743931ecc19fb77481490bf"}
{"index": {"_index":"spt","_id":"3692391"}}
	{"id":3692391,"type":"sell","buyer":"thewycher","seller":"durlan","symbol":"SPT","quantity":"499.999999","price":"0.00235101","timestamp":1655255910,"volume":"1.17550500","buyTxId":"0dd3566c6acd63a14000e5c4bcd9e5725848c3f7","sellTxId":"01551a04810c7b503743931ecc19fb77481490bf"}
{"index": {"_index":"spt","_id":"3692392"}}
	{"id":3692392,"type":"sell","buyer":"thewycher","seller":"durlan","symbol":"SPT","quantity":"499.999999","price":"0.00235101","timestamp":1655255910,"volume":"1.17550500","buyTxId":"b8e1a4995d166a5d0e1c9b33ff4b06ad67e81514","sellTxId":"01551a04810c7b503743931ecc19fb77481490bf"}
{"index": {"_index":"spt","_id":"3692393"}}
	{"id":3692393,"type":"sell","buyer":"thewycher","seller":"durlan","symbol":"SPT","quantity":"499.999999","price":"0.00235101","timestamp":1655255910,"volume":"1.17550500","buyTxId":"5f8f3b778c2f3d5f921e60173a0d74399c7bd64a","sellTxId":"01551a04810c7b503743931ecc19fb77481490bf"}
{"index": {"_index":"spt","_id":"3692394"}}
	{"id":3692394,"type":"sell","buyer":"thewycher","seller":"durlan","symbol":"SPT","quantity":"62.292300","price":"0.00235101","timestamp":1655255910,"volume":"0.14644982","buyTxId":"348aff17d2df3ca81daad40200b1d6c1ee997ff8","sellTxId":"01551a04810c7b503743931ecc19fb77481490bf"}
{"index": {"_index":"spt","_id":"3692735"}}
	{"id":3692735,"type":"buy","buyer":"bigfungus","seller":"saachi","symbol":"SPT","quantity":"150.000000","price":"0.00270000","timestamp":1655260578,"volume":"0.40500000","buyTxId":"4710b470ebcf869719ff88e4c79dcb4e992e1cf0","sellTxId":"dbfd9f02e07f368947851beab989323746de67ac"}
{"index": {"_index":"spt","_id":"3692736"}}
	{"id":3692736,"type":"buy","buyer":"bigfungus","seller":"megamariano","symbol":"SPT","quantity":"596.534290","price":"0.00273900","timestamp":1655260578,"volume":"1.63390742","buyTxId":"4710b470ebcf869719ff88e4c79dcb4e992e1cf0","sellTxId":"29c26308176e0ce44c0ac78a97a402be7d4e1ec5"}
{"index": {"_index":"spt","_id":"3692737"}}
	{"id":3692737,"type":"buy","buyer":"bigfungus","seller":"kitsuki","symbol":"SPT","quantity":"249.965340","price":"0.00273940","timestamp":1655260578,"volume":"0.68475505","buyTxId":"4710b470ebcf869719ff88e4c79dcb4e992e1cf0","sellTxId":"22d10c909979489fb75caba2c232f62342328d3f"}
{"index": {"_index":"spt","_id":"3692738"}}
	{"id":3692738,"type":"buy","buyer":"bigfungus","seller":"uyobong","symbol":"SPT","quantity":"679.182204","price":"0.00274000","timestamp":1655260578,"volume":"1.86095924","buyTxId":"4710b470ebcf869719ff88e4c79dcb4e992e1cf0","sellTxId":"a7cdc6fe526ee50794089738c0722af583c9269e"}
{"index": {"_index":"spt","_id":"3692739"}}
	{"id":3692739,"type":"buy","buyer":"bigfungus","seller":"thranax","symbol":"SPT","quantity":"85.810152","price":"0.00274000","timestamp":1655260578,"volume":"0.23511982","buyTxId":"4710b470ebcf869719ff88e4c79dcb4e992e1cf0","sellTxId":"f227fac48e075be71b42d5c4fafe8095eab42da5"}
{"index": {"_index":"spt","_id":"3692740"}}
	{"id":3692740,"type":"buy","buyer":"bigfungus","seller":"agglutinogenic","symbol":"SPT","quantity":"1860.725025","price":"0.00278400","timestamp":1655260578,"volume":"5.18025847","buyTxId":"4710b470ebcf869719ff88e4c79dcb4e992e1cf0","sellTxId":"e74f67bb0f81decc02e26fb2180cd5110bfddbbb"}
