{"index": {"_index":"spt","_id":"1618560"}}
	{"id":1618560,"type":"sell","buyer":"pi-trader","seller":"vempromundo.pob","symbol":"SPT","quantity":"121.000000","price":"0.01691007","timestamp":1633058370,"volume":"2.04611847","buyTxId":"620b436b8030ca545660f254776557952fe31738-3","sellTxId":"0d680800ffd6db56cef6a1f342666f4aaff5d858"}
{"index": {"_index":"spt","_id":"1618725"}}
	{"id":1618725,"type":"sell","buyer":"kitsuki","seller":"snitzelbun","symbol":"SPT","quantity":"100.000000","price":"0.01691000","timestamp":1633061019,"volume":"1.69100000","buyTxId":"1cc1b9bc03adfef7440078cb10b96d0ecf8693d5","sellTxId":"73336fb6f51e5239c8d72aa83f1cdea21559d98e"}
{"index": {"_index":"spt","_id":"1618726"}}
	{"id":1618726,"type":"sell","buyer":"solovey6o2","seller":"finnx","symbol":"SPT","quantity":"914.478937","price":"0.01632102","timestamp":1633061043,"volume":"14.92522902","buyTxId":"3da75af9cc00bbb7eeca5459eeabfc610695c946","sellTxId":"2711857d609ff2476fa20aa478075a41a8b91619"}
{"index": {"_index":"spt","_id":"1618728"}}
	{"id":1618728,"type":"sell","buyer":"pi-trader","seller":"snitzelbun","symbol":"SPT","quantity":"1550.000000","price":"0.01632103","timestamp":1633061088,"volume":"25.29759650","buyTxId":"dbd83c49987bcbea55543506dcfb51a5dea8d0eb-4","sellTxId":"1e9497432cf5f693265631942a43411a3e1cedef"}
{"index": {"_index":"spt","_id":"1618788"}}
	{"id":1618788,"type":"sell","buyer":"pi-trader","seller":"pogier","symbol":"SPT","quantity":"1555.179932","price":"0.01632121","timestamp":1633061925,"volume":"25.38241826","buyTxId":"345eef3e47ab6d1f29c672aa036fc81615313a82-3","sellTxId":"e4ce28fa83b83ac56b3697bb785c24e72cc3336a"}
{"index": {"_index":"spt","_id":"1618811"}}
	{"id":1618811,"type":"sell","buyer":"pi-trader","seller":"spt-shturm","symbol":"SPT","quantity":"396.851765","price":"0.01632110","timestamp":1633062192,"volume":"6.47705734","buyTxId":"8a643489e999e24b4f41e82c9da61e401cb416cb-3","sellTxId":"49d065f962b78bef33d3b3fb29563be02603ba9a"}
{"index": {"_index":"spt","_id":"1618860"}}
	{"id":1618860,"type":"sell","buyer":"dardrey","seller":"knightsunited","symbol":"SPT","quantity":"705.314924","price":"0.01632100","timestamp":1633063566,"volume":"11.51144487","buyTxId":"5a9e003178e20da866d6ac9cd827874279c3a284","sellTxId":"f0d6561e541f16e88afdda5525ba45ec26a4382e"}
{"index": {"_index":"spt","_id":"1618916"}}
	{"id":1618916,"type":"sell","buyer":"zero14","seller":"anadolu","symbol":"SPT","quantity":"374.844135","price":"0.01661099","timestamp":1633064313,"volume":"6.22653218","buyTxId":"1feb21160632fef051df51af86d3eef7c1dbbf8e","sellTxId":"MM-P-10910611-57895574-3-19-0"}
{"index": {"_index":"spt","_id":"1618954"}}
	{"id":1618954,"type":"sell","buyer":"dardrey","seller":"themarkymark","symbol":"SPT","quantity":"79.836000","price":"0.01632100","timestamp":1633064895,"volume":"1.30300336","buyTxId":"5a9e003178e20da866d6ac9cd827874279c3a284","sellTxId":"09f222f9a9014e87af621369878f7c953d6633bf"}
{"index": {"_index":"spt","_id":"1619009"}}
	{"id":1619009,"type":"sell","buyer":"anadolu","seller":"rosiew","symbol":"SPT","quantity":"3044.881554","price":"0.01642100","timestamp":1633065939,"volume":"50.00000000","buyTxId":"MM-P-10910811-57895774-3-19-0","sellTxId":"f2ca928eb095a2eb5a758ea7cf599b8a3c505411"}
{"index": {"_index":"spt","_id":"1619073"}}
	{"id":1619073,"type":"sell","buyer":"dardrey","seller":"scooter77","symbol":"SPT","quantity":"104.849076","price":"0.01632100","timestamp":1633066773,"volume":"1.71124177","buyTxId":"5a9e003178e20da866d6ac9cd827874279c3a284","sellTxId":"c6134b550df558950ed10d8f9b074ec84db89de3"}
{"index": {"_index":"spt","_id":"1619074"}}
	{"id":1619074,"type":"sell","buyer":"myothuzar","seller":"scooter77","symbol":"SPT","quantity":"467.008231","price":"0.01632000","timestamp":1633066773,"volume":"7.62157433","buyTxId":"4844a3cb32c4bfa4374119ea1523944a053f3a32","sellTxId":"c6134b550df558950ed10d8f9b074ec84db89de3"}
{"index": {"_index":"spt","_id":"1619139"}}
	{"id":1619139,"type":"sell","buyer":"myothuzar","seller":"trumpman","symbol":"SPT","quantity":"28.781000","price":"0.01632000","timestamp":1633068219,"volume":"0.46970592","buyTxId":"4844a3cb32c4bfa4374119ea1523944a053f3a32","sellTxId":"94d599c2ad0b8666f360bfb6c3ca6eb1a36b1680"}
{"index": {"_index":"spt","_id":"1619157"}}
	{"id":1619157,"type":"sell","buyer":"myothuzar","seller":"anadolu","symbol":"SPT","quantity":"2504.210769","price":"0.01632000","timestamp":1633068621,"volume":"40.86871975","buyTxId":"4844a3cb32c4bfa4374119ea1523944a053f3a32","sellTxId":"2e15c731083558681b46e083e34915e4694ecb4c"}
{"index": {"_index":"spt","_id":"1619158"}}
	{"id":1619158,"type":"sell","buyer":"myothuzar","seller":"anadolu","symbol":"SPT","quantity":"3000.000000","price":"0.01632000","timestamp":1633068621,"volume":"48.96000000","buyTxId":"ba8007e1422496152cb9fb31aca59fd02f2c6f0b","sellTxId":"2e15c731083558681b46e083e34915e4694ecb4c"}
{"index": {"_index":"spt","_id":"1619199"}}
	{"id":1619199,"type":"buy","buyer":"anadolu","seller":"anadolu","symbol":"SPT","quantity":"28.781000","price":"0.01632000","timestamp":1633069713,"volume":"0.46970592","buyTxId":"MM-P-10912405-57897370-3-20-0","sellTxId":"2e15c731083558681b46e083e34915e4694ecb4c"}
{"index": {"_index":"spt","_id":"1619205"}}
	{"id":1619205,"type":"sell","buyer":"anadolu","seller":"informal","symbol":"SPT","quantity":"363.677309","price":"0.01639000","timestamp":1633070004,"volume":"5.96067109","buyTxId":"MM-P-10912405-57897370-3-20-0","sellTxId":"4b9874f5fedc9aee61bba6b2784ef78dd76a3951"}
{"index": {"_index":"spt","_id":"1619250"}}
	{"id":1619250,"type":"sell","buyer":"anadolu","seller":"ramires","symbol":"SPT","quantity":"2658.182326","price":"0.01639000","timestamp":1633070583,"volume":"43.56760832","buyTxId":"MM-P-10912405-57897370-3-20-0","sellTxId":"e9eb54ced778ce90ba7710054527d66b64897ea5"}
{"index": {"_index":"spt","_id":"1619251"}}
	{"id":1619251,"type":"sell","buyer":"lulu-the-fizzgig","seller":"ramires","symbol":"SPT","quantity":"52.204619","price":"0.01629050","timestamp":1633070583,"volume":"0.85043935","buyTxId":"1deefa676854dd5aa9a15eaa5841ad5c325cdf79","sellTxId":"e9eb54ced778ce90ba7710054527d66b64897ea5"}
{"index": {"_index":"spt","_id":"1619252"}}
	{"id":1619252,"type":"sell","buyer":"kitsuki","seller":"ramires","symbol":"SPT","quantity":"200.000000","price":"0.01629000","timestamp":1633070583,"volume":"3.25800000","buyTxId":"0a7a0da0a8ff20322819a044da19056529a5d675","sellTxId":"e9eb54ced778ce90ba7710054527d66b64897ea5"}
{"index": {"_index":"spt","_id":"1619253"}}
	{"id":1619253,"type":"sell","buyer":"kennysgaminglife","seller":"ramires","symbol":"SPT","quantity":"165.009746","price":"0.01629000","timestamp":1633070583,"volume":"2.68800876","buyTxId":"586e77a5fc69def01d79140721559cf88f60a62b","sellTxId":"e9eb54ced778ce90ba7710054527d66b64897ea5"}
{"index": {"_index":"spt","_id":"1619254"}}
	{"id":1619254,"type":"sell","buyer":"enm1","seller":"ramires","symbol":"SPT","quantity":"27100.000000","price":"0.01629000","timestamp":1633070583,"volume":"441.45900000","buyTxId":"f9f23716ed103e2196431396d04679a96ba413cf","sellTxId":"e9eb54ced778ce90ba7710054527d66b64897ea5"}
{"index": {"_index":"spt","_id":"1619255"}}
	{"id":1619255,"type":"sell","buyer":"kitsuki","seller":"ramires","symbol":"SPT","quantity":"200.000000","price":"0.01598000","timestamp":1633070583,"volume":"3.19600000","buyTxId":"4f9b7480e0446c68861a3c1cb0ddd12b417d8742","sellTxId":"e9eb54ced778ce90ba7710054527d66b64897ea5"}
{"index": {"_index":"spt","_id":"1619256"}}
	{"id":1619256,"type":"sell","buyer":"kitsuki","seller":"ramires","symbol":"SPT","quantity":"500.000000","price":"0.01597000","timestamp":1633070583,"volume":"7.98500000","buyTxId":"b71458e69912b27990f784b78fc122c15d8eb9cc","sellTxId":"e9eb54ced778ce90ba7710054527d66b64897ea5"}
{"index": {"_index":"spt","_id":"1619257"}}
	{"id":1619257,"type":"sell","buyer":"solovey6o2","seller":"ramires","symbol":"SPT","quantity":"10635.000000","price":"0.01496008","timestamp":1633070583,"volume":"159.10045080","buyTxId":"de670a3d42208ced75df55e485842c07db6a6f51","sellTxId":"e9eb54ced778ce90ba7710054527d66b64897ea5"}
{"index": {"_index":"spt","_id":"1619258"}}
	{"id":1619258,"type":"sell","buyer":"granddaddies","seller":"ramires","symbol":"SPT","quantity":"108489.603309","price":"0.01496007","timestamp":1633070583,"volume":"1623.01205977","buyTxId":"06f23227124e2db1aeff706bdcb664c7437a9c6f","sellTxId":"e9eb54ced778ce90ba7710054527d66b64897ea5"}
{"index": {"_index":"spt","_id":"1619380"}}
	{"id":1619380,"type":"sell","buyer":"anadolu","seller":"mawit07","symbol":"SPT","quantity":"1180.523747","price":"0.01560010","timestamp":1633072296,"volume":"18.41628851","buyTxId":"MM-P-10913204-57898170-3-20-0","sellTxId":"d6bed8e2b5d496d6dab88c928b3b486523ff44a0"}
{"index": {"_index":"spt","_id":"1619485"}}
	{"id":1619485,"type":"buy","buyer":"captainquack22","seller":"laundrywoman","symbol":"SPT","quantity":"42.184104","price":"0.01630984","timestamp":1633073865,"volume":"0.68801599","buyTxId":"3f405106fc484355e09324ee2602bb0a7ea97e35","sellTxId":"9303fe3fcc4759ac0e328c3e57d0bb81690c242c"}
{"index": {"_index":"spt","_id":"1619489"}}
	{"id":1619489,"type":"sell","buyer":"pi-trader","seller":"bashadow","symbol":"SPT","quantity":"0.997000","price":"0.01526028","timestamp":1633073889,"volume":"0.01521450","buyTxId":"d703292e1e6cdd1c9b825c4ba3f3a1364c1381a2-5","sellTxId":"c97304b911ae797e981a2b52487d3593d747a5df"}
{"index": {"_index":"spt","_id":"1619509"}}
	{"id":1619509,"type":"sell","buyer":"pi-trader","seller":"belemo","symbol":"SPT","quantity":"3387.400292","price":"0.01536031","timestamp":1633074063,"volume":"52.03151858","buyTxId":"63e94a7e7e4ff43164ac1a66ee9626d6c4f9b429-5","sellTxId":"89d79fdcd1d262e8781548a750ee78547b825698"}
{"index": {"_index":"spt","_id":"1619783"}}
	{"id":1619783,"type":"sell","buyer":"hojak","seller":"antonym.splinter","symbol":"SPT","quantity":"90.318806","price":"0.01590000","timestamp":1633080264,"volume":"1.43606902","buyTxId":"8ae547245583ec4677a05b1665850973e7ba1b8f","sellTxId":"4caeb4c5c57b8141a245769e27599cbf15697c6b"}
{"index": {"_index":"spt","_id":"1619819"}}
	{"id":1619819,"type":"buy","buyer":"hojak","seller":"anadolu","symbol":"SPT","quantity":"2000.000000","price":"0.01631997","timestamp":1633080750,"volume":"32.63994000","buyTxId":"d673f9fd45b02a2a280b0be82a65aabee84984ec","sellTxId":"MM-P-10915891-57900862-3-20-1"}
{"index": {"_index":"spt","_id":"1619930"}}
	{"id":1619930,"type":"sell","buyer":"pi-trader","seller":"reward.app","symbol":"SPT","quantity":"4000.000000","price":"0.01526022","timestamp":1633082859,"volume":"61.04088000","buyTxId":"e9ef699a5420455e3528b336520c9ab89d217678-1","sellTxId":"b32a7a3f0b2c0f99da3bec46e3b2c0f9f1332d0c"}
{"index": {"_index":"spt","_id":"1619931"}}
	{"id":1619931,"type":"sell","buyer":"granddaddies","seller":"reward.app","symbol":"SPT","quantity":"24807.000000","price":"0.01526021","timestamp":1633082859,"volume":"378.56002947","buyTxId":"d3102d2c038b45f583f8db0de1af2304ae5c1dcc","sellTxId":"b32a7a3f0b2c0f99da3bec46e3b2c0f9f1332d0c"}
{"index": {"_index":"spt","_id":"1620050"}}
	{"id":1620050,"type":"buy","buyer":"catomoon","seller":"anadolu","symbol":"SPT","quantity":"6.780120","price":"0.01601979","timestamp":1633085142,"volume":"0.10861610","buyTxId":"5a3808a1a2e17b27c788feacee702086341976d7","sellTxId":"MM-P-10917486-57902457-3-20-0"}
{"index": {"_index":"spt","_id":"1620095"}}
	{"id":1620095,"type":"sell","buyer":"granddaddies","seller":"tehox","symbol":"SPT","quantity":"7254.200000","price":"0.01496010","timestamp":1633086222,"volume":"108.52355742","buyTxId":"5e33921f7d54c2d4e3f678e9b6f68a30d364a907","sellTxId":"fd6151894d70f242451919c92ef7a4d16625b156"}
{"index": {"_index":"spt","_id":"1620232"}}
	{"id":1620232,"type":"sell","buyer":"pi-trader","seller":"asmaniasmu","symbol":"SPT","quantity":"4000.000000","price":"0.01557014","timestamp":1633089141,"volume":"62.28056000","buyTxId":"7a0c3627cd5571d45ea3c5f4563f731fc11fb1a0-7","sellTxId":"1ed98cc1a2d5ab1d16fe52c513ccb1fdd79070a4"}
{"index": {"_index":"spt","_id":"1620233"}}
	{"id":1620233,"type":"sell","buyer":"anadolu","seller":"asmaniasmu","symbol":"SPT","quantity":"10.575487","price":"0.01557013","timestamp":1633089141,"volume":"0.16466171","buyTxId":"MM-P-10918785-57903756-3-20-0","sellTxId":"1ed98cc1a2d5ab1d16fe52c513ccb1fdd79070a4"}
{"index": {"_index":"spt","_id":"1620297"}}
	{"id":1620297,"type":"sell","buyer":"anadolu","seller":"najlive","symbol":"SPT","quantity":"5.159543","price":"0.01607026","timestamp":1633090434,"volume":"0.08291520","buyTxId":"MM-P-10919283-57904255-3-20-0","sellTxId":"6987eff15f600bea7b46d3611fbf223794349f00"}
{"index": {"_index":"spt","_id":"1620396"}}
	{"id":1620396,"type":"buy","buyer":"anadolu","seller":"mango-juice","symbol":"SPT","quantity":"1409.051800","price":"0.01615000","timestamp":1633092024,"volume":"22.75618657","buyTxId":"00a2db720ea197a3949871df8231fa38d5aac7ff","sellTxId":"81ff27edbd97c326441b5c82cd4857e55777aba8"}
{"index": {"_index":"spt","_id":"1620550"}}
	{"id":1620550,"type":"buy","buyer":"nyxlabs","seller":"solovey6o2","symbol":"SPT","quantity":"100.000000","price":"0.01590994","timestamp":1633093968,"volume":"1.59099400","buyTxId":"8b8a13d8f071e9476bc362f4814aa075bd4e85cc","sellTxId":"ed9e7bdcb130df7bfd692ee959be3f909b3b1132"}
{"index": {"_index":"spt","_id":"1620584"}}
	{"id":1620584,"type":"sell","buyer":"pi-trader","seller":"limka","symbol":"SPT","quantity":"759.922834","price":"0.01557015","timestamp":1633094373,"volume":"11.83211251","buyTxId":"c6fa734193ae0a7d1844a409058268d2bd792837-9","sellTxId":"0750ea8c7e635d2126c682ce3901d9976879246e"}
{"index": {"_index":"spt","_id":"1620601"}}
	{"id":1620601,"type":"buy","buyer":"mad-runner","seller":"anadolu","symbol":"SPT","quantity":"77.000000","price":"0.01630999","timestamp":1633094664,"volume":"1.25586923","buyTxId":"a69b885c75b38cc85e6db51dc6c966885c4c78f0","sellTxId":"MM-P-10920677-57905650-3-20-1"}
{"index": {"_index":"spt","_id":"1620619"}}
	{"id":1620619,"type":"sell","buyer":"pi-trader","seller":"najlive","symbol":"SPT","quantity":"10.908917","price":"0.01577019","timestamp":1633095174,"volume":"0.17203569","buyTxId":"694faf845be44ddb29207bd9a01572d9c98d2f52-5","sellTxId":"a8a8890eb842763570952834450e7510a20cdaa8"}
{"index": {"_index":"spt","_id":"1620638"}}
	{"id":1620638,"type":"sell","buyer":"pi-trader","seller":"dsc-r2cornell","symbol":"SPT","quantity":"19.088073","price":"0.01587021","timestamp":1633095588,"volume":"0.30293173","buyTxId":"fe59428951dea5d825b3528522f542a476a516ad-7","sellTxId":"91c598d662725d434d1c53f54fd6fdd5b84076c0"}
{"index": {"_index":"spt","_id":"1620648"}}
	{"id":1620648,"type":"sell","buyer":"pi-trader","seller":"spt-curate","symbol":"SPT","quantity":"439.951226","price":"0.01577022","timestamp":1633095834,"volume":"6.93812762","buyTxId":"8525fd4c6b7e4af292e9ee90f80b64a9cd188eb1-5","sellTxId":"821c7430351de901902425123cf6b004991c26c0"}
{"index": {"_index":"spt","_id":"1620700"}}
	{"id":1620700,"type":"buy","buyer":"eldrenora","seller":"master-lamps","symbol":"SPT","quantity":"0.258000","price":"0.01620900","timestamp":1633096833,"volume":"0.00418192","buyTxId":"01dfcdfb40fd2e1f66019e1a90484cfb4dbd5da5","sellTxId":"0199f023aa42b1331035371261beb085db8ee706"}
{"index": {"_index":"spt","_id":"1620806"}}
	{"id":1620806,"type":"sell","buyer":"eldrenora","seller":"anadolu","symbol":"SPT","quantity":"219.742000","price":"0.01620900","timestamp":1633098513,"volume":"3.56179808","buyTxId":"01dfcdfb40fd2e1f66019e1a90484cfb4dbd5da5","sellTxId":"MM-P-10921974-57906948-3-20-1"}
{"index": {"_index":"spt","_id":"1620826"}}
	{"id":1620826,"type":"sell","buyer":"pi-trader","seller":"spt-curate","symbol":"SPT","quantity":"4000.000000","price":"0.01597023","timestamp":1633098654,"volume":"63.88092000","buyTxId":"633e513b7a372cac834be9bb8544bf991438a63c-1","sellTxId":"4e53718481a5bf1216af460c4774e7a4634dfa4d"}
{"index": {"_index":"spt","_id":"1620827"}}
	{"id":1620827,"type":"sell","buyer":"granddaddies","seller":"spt-curate","symbol":"SPT","quantity":"1090.384049","price":"0.01597022","timestamp":1633098654,"volume":"17.41367315","buyTxId":"12bd8917a9b8c76515e2fc270aa34398bdc9543d","sellTxId":"4e53718481a5bf1216af460c4774e7a4634dfa4d"}
{"index": {"_index":"spt","_id":"1620828"}}
	{"id":1620828,"type":"sell","buyer":"anadolu","seller":"ramires","symbol":"SPT","quantity":"3130.831173","price":"0.01597020","timestamp":1633098660,"volume":"50.00000000","buyTxId":"MM-P-10921974-57906948-3-20-0","sellTxId":"a5354f6292523df7a5d9e7320feeeb6a91092ff1"}
{"index": {"_index":"spt","_id":"1620829"}}
	{"id":1620829,"type":"sell","buyer":"master-lamps","seller":"ramires","symbol":"SPT","quantity":"0.258000","price":"0.01578000","timestamp":1633098660,"volume":"0.00407124","buyTxId":"1c407eef73b5f2a60344ff18d3d912465906edd8","sellTxId":"a5354f6292523df7a5d9e7320feeeb6a91092ff1"}
{"index": {"_index":"spt","_id":"1620830"}}
	{"id":1620830,"type":"sell","buyer":"splinterest","seller":"ramires","symbol":"SPT","quantity":"4658.524372","price":"0.01577019","timestamp":1633098660,"volume":"73.46581447","buyTxId":"6b864952ea210f48e198826206e377d87d743ace","sellTxId":"a5354f6292523df7a5d9e7320feeeb6a91092ff1"}
{"index": {"_index":"spt","_id":"1620835"}}
	{"id":1620835,"type":"buy","buyer":"granddaddies","seller":"ramires","symbol":"SPT","quantity":"126472.000000","price":"0.01577000","timestamp":1633098690,"volume":"1994.46344000","buyTxId":"90a91ddb369f4ec394b51072a89b6b26aff10def","sellTxId":"a5354f6292523df7a5d9e7320feeeb6a91092ff1"}
{"index": {"_index":"spt","_id":"1620836"}}
	{"id":1620836,"type":"buy","buyer":"anadolu","seller":"ramires","symbol":"SPT","quantity":"5738.386455","price":"0.01577000","timestamp":1633098711,"volume":"90.49435440","buyTxId":"1698e2b2ae18e72733d963b5486ea3193940aca9","sellTxId":"a5354f6292523df7a5d9e7320feeeb6a91092ff1"}
{"index": {"_index":"spt","_id":"1620837"}}
	{"id":1620837,"type":"buy","buyer":"anadolu","seller":"anadolu","symbol":"SPT","quantity":"2980.258000","price":"0.01611000","timestamp":1633098711,"volume":"48.01195638","buyTxId":"1698e2b2ae18e72733d963b5486ea3193940aca9","sellTxId":"MM-P-10921974-57906948-3-20-1"}
{"index": {"_index":"spt","_id":"1620838"}}
	{"id":1620838,"type":"buy","buyer":"anadolu","seller":"kitsuki","symbol":"SPT","quantity":"100.000000","price":"0.01641000","timestamp":1633098711,"volume":"1.64100000","buyTxId":"1698e2b2ae18e72733d963b5486ea3193940aca9","sellTxId":"8fe49c2a9c10f65390c95bf5a7bf1893cf14005e"}
{"index": {"_index":"spt","_id":"1620839"}}
	{"id":1620839,"type":"buy","buyer":"anadolu","seller":"rosiew","symbol":"SPT","quantity":"0.118446","price":"0.01642000","timestamp":1633098711,"volume":"0.00194488","buyTxId":"1698e2b2ae18e72733d963b5486ea3193940aca9","sellTxId":"f2ca928eb095a2eb5a758ea7cf599b8a3c505411"}
{"index": {"_index":"spt","_id":"1620840"}}
	{"id":1620840,"type":"buy","buyer":"anadolu","seller":"syyed","symbol":"SPT","quantity":"61.000000","price":"0.01642000","timestamp":1633098711,"volume":"1.00162000","buyTxId":"1698e2b2ae18e72733d963b5486ea3193940aca9","sellTxId":"c0c1b8c173783e3ae00ca5553a94cbdf69cb2fd7"}
{"index": {"_index":"spt","_id":"1620841"}}
	{"id":1620841,"type":"buy","buyer":"anadolu","seller":"rosiew","symbol":"SPT","quantity":"13205.836686","price":"0.01661000","timestamp":1633098711,"volume":"219.34894735","buyTxId":"1698e2b2ae18e72733d963b5486ea3193940aca9","sellTxId":"bf6aa6b48dee3919e45153728641217cf15f17b7"}
{"index": {"_index":"spt","_id":"1620842"}}
	{"id":1620842,"type":"buy","buyer":"anadolu","seller":"laundrywoman","symbol":"SPT","quantity":"862.541527","price":"0.01681099","timestamp":1633098711,"volume":"14.50017699","buyTxId":"1698e2b2ae18e72733d963b5486ea3193940aca9","sellTxId":"813e92d0ac81303cecbc67c5f0f11730fc9f4ca1"}
{"index": {"_index":"spt","_id":"1620863"}}
	{"id":1620863,"type":"sell","buyer":"pi-trader","seller":"ramires","symbol":"SPT","quantity":"4000.000000","price":"0.01517007","timestamp":1633099413,"volume":"60.68028000","buyTxId":"1703043aeff3cc1166fb231427547966bb9bb1cc-5","sellTxId":"13dee2b16237c4b7b8b5453382a72055bc5928ea"}
{"index": {"_index":"spt","_id":"1620864"}}
	{"id":1620864,"type":"sell","buyer":"anadolu","seller":"ramires","symbol":"SPT","quantity":"3295.970215","price":"0.01517004","timestamp":1633099413,"volume":"50.00000000","buyTxId":"MM-P-10922174-57907148-3-20-0","sellTxId":"13dee2b16237c4b7b8b5453382a72055bc5928ea"}
{"index": {"_index":"spt","_id":"1620869"}}
	{"id":1620869,"type":"buy","buyer":"granddaddies","seller":"ramires","symbol":"SPT","quantity":"30322.760772","price":"0.01517000","timestamp":1633099443,"volume":"459.99628091","buyTxId":"fd810200789e507dbf930ae4371abfa14e76f5e4","sellTxId":"13dee2b16237c4b7b8b5453382a72055bc5928ea"}
{"index": {"_index":"spt","_id":"1620892"}}
	{"id":1620892,"type":"sell","buyer":"anadolu","seller":"djharmless","symbol":"SPT","quantity":"177","price":"0.01507005","timestamp":1633099731,"volume":"2.66739885","buyTxId":"MM-P-10922374-57907348-3-20-0","sellTxId":"8d56146cc034d8db2f4cd56aa272e60675ea26d2"}
{"index": {"_index":"spt","_id":"1621003"}}
	{"id":1621003,"type":"sell","buyer":"pi-trader","seller":"mastergerund","symbol":"SPT","quantity":"4000.000000","price":"0.01557016","timestamp":1633101375,"volume":"62.28064000","buyTxId":"5c843a353ebd2e8dfd24eac80abfe364dcec0ceb-9","sellTxId":"911dd6520cacf2ed9b0991c467b1975e28030ea3"}
{"index": {"_index":"spt","_id":"1621004"}}
	{"id":1621004,"type":"sell","buyer":"granddaddies","seller":"mastergerund","symbol":"SPT","quantity":"50524.432335","price":"0.01557016","timestamp":1633101375,"volume":"786.67349537","buyTxId":"5925138943093504c689eefb8a45fe5e628310a6","sellTxId":"911dd6520cacf2ed9b0991c467b1975e28030ea3"}
{"index": {"_index":"spt","_id":"1621024"}}
	{"id":1621024,"type":"sell","buyer":"anadolu","seller":"geom","symbol":"SPT","quantity":"25.985800","price":"0.01567019","timestamp":1633101762,"volume":"0.40720242","buyTxId":"MM-P-10922972-57907946-3-20-0","sellTxId":"8ed59dbb7c107fea1fe7f11cd6d7efb55b33b17a"}
{"index": {"_index":"spt","_id":"1621045"}}
	{"id":1621045,"type":"sell","buyer":"samarek69","seller":"anadolu","symbol":"SPT","quantity":"1.868800","price":"0.01621000","timestamp":1633102113,"volume":"0.03029325","buyTxId":"c3fe10a0adda4d9f92926c511e7db9507769ead8","sellTxId":"MM-P-10923172-57908146-3-20-1"}
{"index": {"_index":"spt","_id":"1621117"}}
	{"id":1621117,"type":"sell","buyer":"pi-trader","seller":"finguru","symbol":"SPT","quantity":"2000.000000","price":"0.01555001","timestamp":1633102893,"volume":"31.10002000","buyTxId":"553aff9fb16e29de0587ba23bc1632eeabda6e50-5","sellTxId":"94c8d428bdd88205cc173592828317b80d4a7447"}
{"index": {"_index":"spt","_id":"1621167"}}
	{"id":1621167,"type":"sell","buyer":"anadolu","seller":"lisbethseijas","symbol":"SPT","quantity":"776.368512","price":"0.01575005","timestamp":1633103508,"volume":"12.22784288","buyTxId":"MM-P-10923571-57908545-3-20-0","sellTxId":"9cb806764e89d42d4585dfc2b87aa16fc215917a"}
{"index": {"_index":"spt","_id":"1621261"}}
	{"id":1621261,"type":"sell","buyer":"anadolu","seller":"brofi-market","symbol":"SPT","quantity":"0.137721","price":"0.01585009","timestamp":1633104603,"volume":"0.00218289","buyTxId":"MM-P-10923971-57908945-3-20-0","sellTxId":"573633421be02aff9f2b001441f0e88dd978318b"}
{"index": {"_index":"spt","_id":"1621329"}}
	{"id":1621329,"type":"sell","buyer":"nyxlabs","seller":"anadolu","symbol":"SPT","quantity":"100.000000","price":"0.01610000","timestamp":1633105413,"volume":"1.61000000","buyTxId":"f29c9c4cb6c0833aab8cdec60b5971e4e7c34001","sellTxId":"MM-P-10924270-57909244-3-20-1"}
{"index": {"_index":"spt","_id":"1621622"}}
	{"id":1621622,"type":"buy","buyer":"lemeonna","seller":"brofi-market","symbol":"SPT","quantity":"0.137721","price":"0.01631077","timestamp":1633106847,"volume":"0.00224634","buyTxId":"c942d9f797e8388072f7bc72a128a06d88c14bad","sellTxId":"65e8d89bad8b2fada4dc89f54aac1d86c12adb1d"}
{"index": {"_index":"spt","_id":"1621623"}}
	{"id":1621623,"type":"buy","buyer":"lemeonna","seller":"master-lamps","symbol":"SPT","quantity":"0.258000","price":"0.01661082","timestamp":1633106847,"volume":"0.00428559","buyTxId":"c942d9f797e8388072f7bc72a128a06d88c14bad","sellTxId":"d9016835d4d57e991d35c6440c624fa91442fdb7"}
{"index": {"_index":"spt","_id":"1621632"}}
	{"id":1621632,"type":"sell","buyer":"lemeonna","seller":"anadolu","symbol":"SPT","quantity":"1670.604279","price":"0.01671000","timestamp":1633106913,"volume":"27.91579750","buyTxId":"c942d9f797e8388072f7bc72a128a06d88c14bad","sellTxId":"MM-P-10924767-57909741-3-20-1"}
{"index": {"_index":"spt","_id":"1621675"}}
	{"id":1621675,"type":"sell","buyer":"lemeonna","seller":"anadolu","symbol":"SPT","quantity":"1.362676","price":"0.01661000","timestamp":1633107213,"volume":"0.02263405","buyTxId":"c3373dfe74012ecc8cb5ab61d861e3e12027d1ab","sellTxId":"MM-P-10924867-57909841-3-20-1"}
{"index": {"_index":"spt","_id":"1621699"}}
	{"id":1621699,"type":"sell","buyer":"pi-trader","seller":"cloudblade","symbol":"SPT","quantity":"25.014109","price":"0.01547012","timestamp":1633107441,"volume":"0.38697127","buyTxId":"5dedec6cc68ba4560fcff41979c4ff14f4e9f495-7","sellTxId":"c1ef8d18fdc8d9b433523c30404041fc151c16f5"}
{"index": {"_index":"spt","_id":"1621707"}}
	{"id":1621707,"type":"sell","buyer":"anadolu","seller":"leevermoon","symbol":"SPT","quantity":"593","price":"0.01557013","timestamp":1633107528,"volume":"9.23308709","buyTxId":"MM-P-10924967-57909941-3-20-0","sellTxId":"3fcf35a426a94ec957f88a1911f5799e8e553992"}
{"index": {"_index":"spt","_id":"1622041"}}
	{"id":1622041,"type":"sell","buyer":"pi-trader","seller":"automaton","symbol":"SPT","quantity":"4000.000000","price":"0.01577027","timestamp":1633109730,"volume":"63.08108000","buyTxId":"a798117499487f5b1e07171efe1a00eea70f1200-9","sellTxId":"76c764834a364bef747f48d1db7ddacadd9ec6f3"}
{"index": {"_index":"spt","_id":"1622042"}}
	{"id":1622042,"type":"sell","buyer":"granddaddies","seller":"automaton","symbol":"SPT","quantity":"23000.000000","price":"0.01577027","timestamp":1633109730,"volume":"362.71621000","buyTxId":"24223efc07ce4c9df89a50509aa5f381cdb69b3f","sellTxId":"76c764834a364bef747f48d1db7ddacadd9ec6f3"}
{"index": {"_index":"spt","_id":"1622050"}}
	{"id":1622050,"type":"buy","buyer":"anadolu","seller":"luizeba","symbol":"SPT","quantity":"6318.257613","price":"0.01597008","timestamp":1633109829,"volume":"100.90307954","buyTxId":"ce198c143d4e9cde343bfe9d663af4c27159212b","sellTxId":"a7eed7f165d1185189386ad440441d796491690b"}
{"index": {"_index":"spt","_id":"1622062"}}
	{"id":1622062,"type":"sell","buyer":"pi-trader","seller":"automaton","symbol":"SPT","quantity":"579.635844","price":"0.01577030","timestamp":1633109907,"volume":"9.14103115","buyTxId":"20eca3542ddab786d081439eaca75aabf630746f-5","sellTxId":"5ce9188097c6455c7c68f42ba684e26d82148462"}
{"index": {"_index":"spt","_id":"1622203"}}
	{"id":1622203,"type":"sell","buyer":"pi-trader","seller":"revisesociology","symbol":"SPT","quantity":"1120.000000","price":"0.01548010","timestamp":1633111185,"volume":"17.33771200","buyTxId":"ca3599fac48d8c9c8085406ef2bad3b6566e802a-7","sellTxId":"e99ada150a4cfe691f9b778b945a9e11149aebb1"}
{"index": {"_index":"spt","_id":"1622222"}}
	{"id":1622222,"type":"sell","buyer":"granddaddies","seller":"bitcoinflood","symbol":"SPT","quantity":"6.020923","price":"0.01548016","timestamp":1633111392,"volume":"0.09320485","buyTxId":"aa8199e44f56df5034b3f76d73cc1aa3b5f8551a","sellTxId":"bcbd769b24bc072be9b75e695cc5f9738344a9b8"}
{"index": {"_index":"spt","_id":"1622264"}}
	{"id":1622264,"type":"sell","buyer":"pi-trader","seller":"diverse","symbol":"SPT","quantity":"4000.000000","price":"0.01558017","timestamp":1633111659,"volume":"62.32068000","buyTxId":"5d239ab7ed7c3157eafff5af34881c17aabb1f0c-5","sellTxId":"c02830b012c4262e2b8d79dac01f921f7bf941de"}
{"index": {"_index":"spt","_id":"1622265"}}
	{"id":1622265,"type":"sell","buyer":"granddaddies","seller":"diverse","symbol":"SPT","quantity":"19000.000000","price":"0.01558017","timestamp":1633111659,"volume":"296.02323000","buyTxId":"80598dc8af2155436f335795abfbfd10b4fddb55","sellTxId":"c02830b012c4262e2b8d79dac01f921f7bf941de"}
{"index": {"_index":"spt","_id":"1622303"}}
	{"id":1622303,"type":"sell","buyer":"pi-trader","seller":"cflclosers","symbol":"SPT","quantity":"96.272735","price":"0.01558018","timestamp":1633112172,"volume":"1.49994654","buyTxId":"a273ec8c39ca22c278de2d5decfab145e301e759-7","sellTxId":"f8a5602a172afc0f063dccd3a4ad952c9c37d4a5"}
{"index": {"_index":"spt","_id":"1622321"}}
	{"id":1622321,"type":"buy","buyer":"jongolson","seller":"laundrywoman","symbol":"SPT","quantity":"833.000000","price":"0.01661093","timestamp":1633112397,"volume":"13.83690469","buyTxId":"1775672835b6132a3020c344807a7ef53eec75e7","sellTxId":"c87a7e8ee1328c88fcdace2bd180558af114e138"}
{"index": {"_index":"spt","_id":"1622328"}}
	{"id":1622328,"type":"sell","buyer":"pi-trader","seller":"chekohler","symbol":"SPT","quantity":"2.656294","price":"0.01528003","timestamp":1633112475,"volume":"0.04058825","buyTxId":"da87252c0e3f36f26d6cdb10c7fa81950f350673-7","sellTxId":"68484c47cf5ff17474289eb441a4a208d42019b2"}
{"index": {"_index":"spt","_id":"1622343"}}
	{"id":1622343,"type":"sell","buyer":"samarek69","seller":"anadolu","symbol":"SPT","quantity":"79.108274","price":"0.01661000","timestamp":1633112613,"volume":"1.31398843","buyTxId":"49c5e852f726f8359722b28d0b7c52424ef462e2","sellTxId":"MM-P-10926661-57911635-3-20-1"}
{"index": {"_index":"spt","_id":"1622359"}}
	{"id":1622359,"type":"sell","buyer":"anadolu","seller":"razam","symbol":"SPT","quantity":"0.012000","price":"0.01538006","timestamp":1633112766,"volume":"0.00018456","buyTxId":"MM-P-10926661-57911635-3-20-0","sellTxId":"5bed2bad2a285b3df29190b39f8b3f878043f158"}
{"index": {"_index":"spt","_id":"1622370"}}
	{"id":1622370,"type":"buy","buyer":"protosphere","seller":"anadolu","symbol":"SPT","quantity":"725.128253","price":"0.01641089","timestamp":1633112919,"volume":"11.9","buyTxId":"ef2b32a21bd665f11b8977eee70bd91409441a68","sellTxId":"MM-P-10926761-57911735-3-20-0"}
{"index": {"_index":"spt","_id":"1622394"}}
	{"id":1622394,"type":"sell","buyer":"granddaddies","seller":"ravenxbr","symbol":"SPT","quantity":"60","price":"0.01518005","timestamp":1633113117,"volume":"0.91080300","buyTxId":"622784f1a703946831bd8d0d664aa54d6b9a46af","sellTxId":"2d204b92029dca5304241507561c1fac5c226a25"}
{"index": {"_index":"spt","_id":"1622508"}}
	{"id":1622508,"type":"sell","buyer":"samarek69","seller":"anadolu","symbol":"SPT","quantity":"548.977998","price":"0.01601000","timestamp":1633114413,"volume":"8.78913775","buyTxId":"f7e49914d64334970a79f77a432b05e5f7a26346","sellTxId":"MM-P-10927258-57912232-3-20-1"}
{"index": {"_index":"spt","_id":"1622581"}}
	{"id":1622581,"type":"buy","buyer":"ravenxbr","seller":"anadolu","symbol":"SPT","quantity":"57.973493","price":"0.01571068","timestamp":1633115256,"volume":"0.910803","buyTxId":"c8cc81b5dc628fdd305a56b0455f500c9b6f5660","sellTxId":"MM-P-10927458-57912432-3-20-1"}
{"index": {"_index":"spt","_id":"1622605"}}
	{"id":1622605,"type":"sell","buyer":"granddaddies","seller":"ravenxbr","symbol":"SPT","quantity":"58.938366","price":"0.01518001","timestamp":1633115637,"volume":"0.89468499","buyTxId":"3c4e1a9d49b6245bb939fb4ae2bafa8ed87c8222","sellTxId":"5dd873afff502fdca44d4db350b1e33ec209db1b"}
{"index": {"_index":"spt","_id":"1622636"}}
	{"id":1622636,"type":"sell","buyer":"pi-trader","seller":"catharsis","symbol":"SPT","quantity":"88.038955","price":"0.01528010","timestamp":1633116147,"volume":"1.34524404","buyTxId":"8e7fd54dd564cb309c50d2032ec996efc0d93bad-7","sellTxId":"96ac11a66ba1c1809331ec2eaba35bc2a2de885d"}
{"index": {"_index":"spt","_id":"1622647"}}
	{"id":1622647,"type":"sell","buyer":"anadolu","seller":"chireerocks","symbol":"SPT","quantity":"129.918118","price":"0.01538011","timestamp":1633116276,"volume":"1.99815495","buyTxId":"MM-P-10927856-57912830-3-20-0","sellTxId":"36603cdd1193d32b07971697e828e4d32216522e"}
{"index": {"_index":"spt","_id":"1622752"}}
	{"id":1622752,"type":"sell","buyer":"granddaddies","seller":"bitcoinflood","symbol":"SPT","quantity":"320.656760","price":"0.01518003","timestamp":1633117506,"volume":"4.86757924","buyTxId":"7b3fa8da3d06c7a1f33c51c83172677916e7a1fa","sellTxId":"eb80c9db66c91315da8c9cb6a50281fbc95407bf"}
{"index": {"_index":"spt","_id":"1622965"}}
	{"id":1622965,"type":"sell","buyer":"anadolu","seller":"bitcoinflood","symbol":"SPT","quantity":"18.699572","price":"0.01548009","timestamp":1633119402,"volume":"0.28947106","buyTxId":"MM-P-10928855-57913829-3-20-0","sellTxId":"f5144a20b9526a3c44162f1f990e6cd3c47bdf27"}
{"index": {"_index":"spt","_id":"1623014"}}
	{"id":1623014,"type":"sell","buyer":"pi-trader","seller":"knightsunited","symbol":"SPT","quantity":"200.880050","price":"0.01528010","timestamp":1633120245,"volume":"3.06946725","buyTxId":"1da80fa9518e5856d61e7b08665fff817d2fba95-7","sellTxId":"f0473f465e7b2d9e150e555d1fd90838f9849c3d"}
{"index": {"_index":"spt","_id":"1623205"}}
	{"id":1623205,"type":"buy","buyer":"samarek69","seller":"laundrywoman","symbol":"SPT","quantity":"0.170000","price":"0.01651083","timestamp":1633123353,"volume":"0.00280684","buyTxId":"de327bf40e0e6e455cc33a9fc9b2b48df90f2948","sellTxId":"05c2357926cbafad6a86c6891f56ed37cc244ecb"}
{"index": {"_index":"spt","_id":"1623375"}}
	{"id":1623375,"type":"sell","buyer":"anadolu","seller":"resiliencia","symbol":"SPT","quantity":"153.833123","price":"0.01591000","timestamp":1633125726,"volume":"2.44748499","buyTxId":"MM-P-10930153-57915127-3-20-0","sellTxId":"0df67807137624c9432832c967ed011614c5ccb4"}
{"index": {"_index":"spt","_id":"1623483"}}
	{"id":1623483,"type":"buy","buyer":"peeholder","seller":"laundrywoman","symbol":"SPT","quantity":"1300.000000","price":"0.01599987","timestamp":1633127424,"volume":"20.79983100","buyTxId":"2e1a277ce6070f15b708e733c10d89c822d5f6d8","sellTxId":"c015a1407171d32fb61161d42e413a0710d58daf"}
{"index": {"_index":"spt","_id":"1623484"}}
	{"id":1623484,"type":"sell","buyer":"anadolu","seller":"iceman23","symbol":"SPT","quantity":"83.652319","price":"0.01591000","timestamp":1633127427,"volume":"1.33090840","buyTxId":"MM-P-10930153-57915127-3-20-0","sellTxId":"970621b9387962e4df4a64b6cee1b85be5e33785"}
{"index": {"_index":"spt","_id":"1623498"}}
	{"id":1623498,"type":"sell","buyer":"anadolu","seller":"iceman23","symbol":"SPT","quantity":"500.000000","price":"0.01591000","timestamp":1633127613,"volume":"7.95500000","buyTxId":"MM-P-10930153-57915127-3-20-0","sellTxId":"5de365e4c882a68078a4b42500e997e98f495019"}
{"index": {"_index":"spt","_id":"1623524"}}
	{"id":1623524,"type":"sell","buyer":"anadolu","seller":"cflclosers","symbol":"SPT","quantity":"59.362778","price":"0.01591000","timestamp":1633127841,"volume":"0.94446180","buyTxId":"MM-P-10930153-57915127-3-20-0","sellTxId":"4c900da36dc912d9f58c939b454bf911244f1e2f"}
{"index": {"_index":"spt","_id":"1623554"}}
	{"id":1623554,"type":"sell","buyer":"anadolu","seller":"thranax","symbol":"SPT","quantity":"111.011239","price":"0.01591000","timestamp":1633128159,"volume":"1.76618881","buyTxId":"MM-P-10930153-57915127-3-20-0","sellTxId":"8813aba52b25c2173adaeb0d8b50dcc8a2af4415"}
{"index": {"_index":"spt","_id":"1623569"}}
	{"id":1623569,"type":"sell","buyer":"anadolu","seller":"juanmiguelsalas","symbol":"SPT","quantity":"11.194120","price":"0.01591000","timestamp":1633128258,"volume":"0.17809845","buyTxId":"MM-P-10930153-57915127-3-20-0","sellTxId":"6754ce0068b78dd29e06710ee7102624ea6cbd4f"}
{"index": {"_index":"spt","_id":"1623654"}}
	{"id":1623654,"type":"sell","buyer":"anadolu","seller":"travelgirl","symbol":"SPT","quantity":"2000.000000","price":"0.01591000","timestamp":1633130586,"volume":"31.82000000","buyTxId":"MM-P-10930153-57915127-3-20-0","sellTxId":"82a90a694597716af06d88411bb5ea2960b4c09e"}
{"index": {"_index":"spt","_id":"1623773"}}
	{"id":1623773,"type":"buy","buyer":"hive-124542","seller":"laundrywoman","symbol":"SPT","quantity":"500.000000","price":"0.01599988","timestamp":1633132539,"volume":"7.99994000","buyTxId":"fab7a5aa556b56078d7aa3a2897d53e30c9826c7","sellTxId":"d2701e07519ae7b136cae6519b56e8e166d44e08"}
{"index": {"_index":"spt","_id":"1623795"}}
	{"id":1623795,"type":"buy","buyer":"successchar","seller":"solovey6o2","symbol":"SPT","quantity":"1000.000000","price":"0.01599993","timestamp":1633133139,"volume":"15.99993000","buyTxId":"229d764bcc06d39e9ee540c6ed4e84c97d5eca31","sellTxId":"5b3dccb3a41340a9360dad0cdbbc193b373ddec1"}
{"index": {"_index":"spt","_id":"1623846"}}
	{"id":1623846,"type":"sell","buyer":"anadolu","seller":"ahmetay","symbol":"SPT","quantity":"223.623982","price":"0.01591000","timestamp":1633133517,"volume":"3.55785755","buyTxId":"MM-P-10930153-57915127-3-20-0","sellTxId":"5e585c668d059a76ad1d68a6c9be7b75df02bf36"}
{"index": {"_index":"spt","_id":"1623848"}}
	{"id":1623848,"type":"sell","buyer":"wanli","seller":"brofi-market","symbol":"SPT","quantity":"5.640490","price":"0.01581000","timestamp":1633133529,"volume":"0.08917615","buyTxId":"f8f1e4ff9baf96cbf55333766e45a10402f23eaa","sellTxId":"0749339a1b1cf7fad2174045c45eb0336b76f882"}
{"index": {"_index":"spt","_id":"1623855"}}
	{"id":1623855,"type":"sell","buyer":"wanli","seller":"ahmetay","symbol":"SPT","quantity":"194.359510","price":"0.01581000","timestamp":1633133547,"volume":"3.07282385","buyTxId":"f8f1e4ff9baf96cbf55333766e45a10402f23eaa","sellTxId":"bcc8baf0189e987329625366e77442be3a088395"}
{"index": {"_index":"spt","_id":"1623912"}}
	{"id":1623912,"type":"buy","buyer":"ahmetay","seller":"anadolu","symbol":"SPT","quantity":"3250.000000","price":"0.01559994","timestamp":1633134762,"volume":"50.69980500","buyTxId":"0179558df6302bf20492bbf96d59796c520d9931","sellTxId":"MM-P-10933946-57918920-3-20-0"}
{"index": {"_index":"spt","_id":"1623931"}}
	{"id":1623931,"type":"sell","buyer":"pi-trader","seller":"cccf","symbol":"SPT","quantity":"1.127000","price":"0.01518013","timestamp":1633135107,"volume":"0.01710801","buyTxId":"2ea367a68d3733401086e61a938de3be3c11db3a-3","sellTxId":"73acaad12a4517797ff1b11d520be9452c4ec3f6"}
{"index": {"_index":"spt","_id":"1623991"}}
	{"id":1623991,"type":"sell","buyer":"pi-trader","seller":"dhedge-drips","symbol":"SPT","quantity":"0.050000","price":"0.01518025","timestamp":1633135617,"volume":"0.00075901","buyTxId":"41f0698e80f54019dea7c27633e356fe0eb903a3-5","sellTxId":"0814004db22e702926528d6d297abb8dfc4a1b07"}
{"index": {"_index":"spt","_id":"1623994"}}
	{"id":1623994,"type":"sell","buyer":"granddaddies","seller":"dudeontheweb","symbol":"SPT","quantity":"146.000000","price":"0.01518026","timestamp":1633135638,"volume":"2.21631796","buyTxId":"fa446931a8819d8a5c1845c2ec3c2695261d880c","sellTxId":"794a4af6bf75c114b684e7b6436b84714a9d67ec"}
{"index": {"_index":"spt","_id":"1624113"}}
	{"id":1624113,"type":"sell","buyer":"pi-trader","seller":"bitcoinflood","symbol":"SPT","quantity":"11.937925","price":"0.01538011","timestamp":1633137873,"volume":"0.18360660","buyTxId":"14c92125d89063bb7c4665c4640fc173d8a730b5-5","sellTxId":"e45f4a763cd8be30c568888c9aaa641a48fd3ddc"}
{"index": {"_index":"spt","_id":"1624126"}}
	{"id":1624126,"type":"sell","buyer":"anadolu","seller":"cliffagreen","symbol":"SPT","quantity":"3.498016","price":"0.01548017","timestamp":1633138122,"volume":"0.05414988","buyTxId":"MM-P-10935145-57920119-3-20-0","sellTxId":"3738d1a72efad4953ec94802006a179d31218fd0"}
{"index": {"_index":"spt","_id":"1624190"}}
	{"id":1624190,"type":"buy","buyer":"roguecrane","seller":"dhedge-drips","symbol":"SPT","quantity":"0.028518","price":"0.01569989","timestamp":1633139769,"volume":"0.00044773","buyTxId":"a13d5498381905b90d79ec6da661f6c86b9cfa5b","sellTxId":"7cd7ef1ddcad69d54711765c553cc63f58472890"}
{"index": {"_index":"spt","_id":"1624222"}}
	{"id":1624222,"type":"sell","buyer":"anadolu","seller":"bitcoinflood","symbol":"SPT","quantity":"17.617098","price":"0.01548023","timestamp":1633140615,"volume":"0.27271673","buyTxId":"MM-P-10935942-57920917-3-20-0","sellTxId":"242e3275f366d97bc82a72a14938ce5d03ec568d"}
{"index": {"_index":"spt","_id":"1624306"}}
	{"id":1624306,"type":"sell","buyer":"pi-trader","seller":"ultm8x","symbol":"SPT","quantity":"833.974620","price":"0.01518017","timestamp":1633141743,"volume":"12.65987651","buyTxId":"1adae805c422d692a61f59f388f8a4411dfab0ff-9","sellTxId":"6db30ac7957c5896ac3a2112936548bbe12b2705"}
{"index": {"_index":"spt","_id":"1624315"}}
	{"id":1624315,"type":"buy","buyer":"pi-trader","seller":"deathfool","symbol":"SPT","quantity":"12.714069","price":"0.01518022","timestamp":1633141941,"volume":"0.19300236","buyTxId":"e96e7dd5f32d02dae128eb7fdda5954b35d3f7f1-7","sellTxId":"c9b0d92113e9871913d54e5a3481ab9ba1542e0b"}
{"index": {"_index":"spt","_id":"1624336"}}
	{"id":1624336,"type":"buy","buyer":"roguecrane","seller":"dhedge-drips","symbol":"SPT","quantity":"0.021482","price":"0.01569989","timestamp":1633142283,"volume":"0.00033727","buyTxId":"ce9d9e1c2d4ff9c0a33053a6cf5c6a12b19ca1ed","sellTxId":"7cd7ef1ddcad69d54711765c553cc63f58472890"}
{"index": {"_index":"spt","_id":"1624343"}}
	{"id":1624343,"type":"buy","buyer":"roguecrane","seller":"laundrywoman","symbol":"SPT","quantity":"78.745533","price":"0.01599996","timestamp":1633142388,"volume":"1.25992538","buyTxId":"30e99d749b05316617270c6b37d10d8b8912c3e9","sellTxId":"06f5bf3a527e36c5844c50ebfb12e55325d06daa"}
