{"index": {"_index":"spt","_id":"2930631"}}
	{"id":2930631,"type":"sell","buyer":"myothuzar","seller":"misterabaddon","symbol":"SPT","quantity":"0.092800","price":"0.00271000","timestamp":1646712888,"volume":"0.00025149","buyTxId":"3c4d55a8221c9476488e974feb0d2ba2df2a2e94","sellTxId":"9ef85254507482a686a858544aede76333ecfed5"}
{"index": {"_index":"spt","_id":"2930673"}}
	{"id":2930673,"type":"sell","buyer":"myothuzar","seller":"isnochys","symbol":"SPT","quantity":"0.000036","price":"0.00271000","timestamp":1646713305,"volume":"0.00000010","buyTxId":"3c4d55a8221c9476488e974feb0d2ba2df2a2e94","sellTxId":"f2885640e70023089a00adb0ce6b05fb9f21e37d"}
{"index": {"_index":"spt","_id":"2930891"}}
	{"id":2930891,"type":"buy","buyer":"lipe100dedos","seller":"catotenor","symbol":"SPT","quantity":"1.296080","price":"0.00279000","timestamp":1646716848,"volume":"0.00361606","buyTxId":"94143efeea8e4063a0eba4800a7890eb08719a13","sellTxId":"8ca91fb2e5b58855755c00c2472e1b6f963333da"}
{"index": {"_index":"spt","_id":"2930898"}}
	{"id":2930898,"type":"buy","buyer":"lipe100dedos","seller":"master-lamps","symbol":"SPT","quantity":"1.165000","price":"0.00282795","timestamp":1646716935,"volume":"0.00329456","buyTxId":"4931308ed5c98770fd6390f0e46b782c3d93f79b","sellTxId":"aa26023e4c31ce8e4e33768173ba37d48c05bda2"}
{"index": {"_index":"spt","_id":"2930920"}}
	{"id":2930920,"type":"sell","buyer":"lipe100dedos","seller":"elenkar","symbol":"SPT","quantity":"1.150372","price":"0.00282795","timestamp":1646717229,"volume":"0.00325319","buyTxId":"4931308ed5c98770fd6390f0e46b782c3d93f79b","sellTxId":"5da699667939a1ec8b2667ae2b62b15179d07643"}
{"index": {"_index":"spt","_id":"2930921"}}
	{"id":2930921,"type":"buy","buyer":"lipe100dedos","seller":"laundrywoman","symbol":"SPT","quantity":"1211.537833","price":"0.00282900","timestamp":1646717238,"volume":"3.42744053","buyTxId":"41e6a78480c4eb6b3f0cbf63de360f49f4066740","sellTxId":"b149e908e4a0f0087b1ab082afc7179281e4922b"}
{"index": {"_index":"spt","_id":"2930948"}}
	{"id":2930948,"type":"buy","buyer":"lipe100dedos","seller":"laundrywoman","symbol":"SPT","quantity":"100.000000","price":"0.00282900","timestamp":1646717496,"volume":"0.28290000","buyTxId":"610ee0073700250f5c676a83c49fa1686b788c7c","sellTxId":"b149e908e4a0f0087b1ab082afc7179281e4922b"}
{"index": {"_index":"spt","_id":"2931127"}}
	{"id":2931127,"type":"sell","buyer":"myothuzar","seller":"nrg","symbol":"SPT","quantity":"1939.754696","price":"0.00271000","timestamp":1646720463,"volume":"5.25673523","buyTxId":"3c4d55a8221c9476488e974feb0d2ba2df2a2e94","sellTxId":"3c5ca6c0194993dc38833c455725164b8f8d9386-11"}
{"index": {"_index":"spt","_id":"2931248"}}
	{"id":2931248,"type":"sell","buyer":"myothuzar","seller":"dhedge-drips","symbol":"SPT","quantity":"0.033374","price":"0.00271000","timestamp":1646722011,"volume":"0.00009044","buyTxId":"3c4d55a8221c9476488e974feb0d2ba2df2a2e94","sellTxId":"55611abe23d8b744d070c74311543c63c076379a"}
{"index": {"_index":"spt","_id":"2931333"}}
	{"id":2931333,"type":"sell","buyer":"myothuzar","seller":"frawdielp2","symbol":"SPT","quantity":"19.085363","price":"0.00271000","timestamp":1646723031,"volume":"0.05172133","buyTxId":"3c4d55a8221c9476488e974feb0d2ba2df2a2e94","sellTxId":"bc5dab6f40fe6b8318f81302af85eb46b931a48d"}
{"index": {"_index":"spt","_id":"2931404"}}
	{"id":2931404,"type":"sell","buyer":"myothuzar","seller":"josediccus","symbol":"SPT","quantity":"1000.000000","price":"0.00271000","timestamp":1646723979,"volume":"2.71000000","buyTxId":"3c4d55a8221c9476488e974feb0d2ba2df2a2e94","sellTxId":"2814a52f619fca5f774840f974f477e09d2843a4"}
{"index": {"_index":"spt","_id":"2931506"}}
	{"id":2931506,"type":"buy","buyer":"alente","seller":"laundrywoman","symbol":"SPT","quantity":"2000.000000","price":"0.00282900","timestamp":1646724813,"volume":"5.65800000","buyTxId":"5a8a6b5461601df138f11c8b177dcd0a9e5a2acd","sellTxId":"b149e908e4a0f0087b1ab082afc7179281e4922b"}
{"index": {"_index":"spt","_id":"2931530"}}
	{"id":2931530,"type":"sell","buyer":"myothuzar","seller":"frawdielp","symbol":"SPT","quantity":"0.987257","price":"0.00271000","timestamp":1646725302,"volume":"0.00267547","buyTxId":"3c4d55a8221c9476488e974feb0d2ba2df2a2e94","sellTxId":"bdbf5ef6c022bc8ff30aefc8f8cf9d79ca2dc25a"}
{"index": {"_index":"spt","_id":"2931589"}}
	{"id":2931589,"type":"buy","buyer":"jongolson","seller":"laundrywoman","symbol":"SPT","quantity":"1000.000000","price":"0.00282900","timestamp":1646726085,"volume":"2.82900000","buyTxId":"05b08ae1ea256ab1e3d7fb2aa49a62e69b3354c0","sellTxId":"b149e908e4a0f0087b1ab082afc7179281e4922b"}
{"index": {"_index":"spt","_id":"2931647"}}
	{"id":2931647,"type":"sell","buyer":"myothuzar","seller":"brofi-market","symbol":"SPT","quantity":"0.242120","price":"0.00271000","timestamp":1646727042,"volume":"0.00065615","buyTxId":"3c4d55a8221c9476488e974feb0d2ba2df2a2e94","sellTxId":"6d89c816d2c55616a184308cc69315e396c79a63"}
{"index": {"_index":"spt","_id":"2931739"}}
	{"id":2931739,"type":"sell","buyer":"myothuzar","seller":"dswap","symbol":"SPT","quantity":"1806","price":"0.00271000","timestamp":1646728419,"volume":"4.89426000","buyTxId":"3c4d55a8221c9476488e974feb0d2ba2df2a2e94","sellTxId":"29bd2a2976723bba7b233ed068628370a2f556da"}
{"index": {"_index":"spt","_id":"2931875"}}
	{"id":2931875,"type":"sell","buyer":"myothuzar","seller":"decepticons","symbol":"SPT","quantity":"843.000000","price":"0.00271000","timestamp":1646730075,"volume":"2.28453000","buyTxId":"3c4d55a8221c9476488e974feb0d2ba2df2a2e94","sellTxId":"835c2c6f5aabe092dae76bd2b698a55bb2e4e4ee"}
{"index": {"_index":"spt","_id":"2932047"}}
	{"id":2932047,"type":"sell","buyer":"myothuzar","seller":"rzc24-nftbbg","symbol":"SPT","quantity":"5.574965","price":"0.00271000","timestamp":1646733117,"volume":"0.01510816","buyTxId":"3c4d55a8221c9476488e974feb0d2ba2df2a2e94","sellTxId":"6ef198450767c29e374949b2a296b468286cdcc5"}
{"index": {"_index":"spt","_id":"2932193"}}
	{"id":2932193,"type":"sell","buyer":"myothuzar","seller":"karamyog","symbol":"SPT","quantity":"50.062544","price":"0.00271000","timestamp":1646735985,"volume":"0.13566949","buyTxId":"3c4d55a8221c9476488e974feb0d2ba2df2a2e94","sellTxId":"52fa38784a579553e2948088d9e453d1de15534b"}
{"index": {"_index":"spt","_id":"2932208"}}
	{"id":2932208,"type":"sell","buyer":"myothuzar","seller":"greengineer","symbol":"SPT","quantity":"40.538160","price":"0.00271000","timestamp":1646736219,"volume":"0.10985841","buyTxId":"3c4d55a8221c9476488e974feb0d2ba2df2a2e94","sellTxId":"5e34e903e5c10a5f2189c78ac6b9f9088f7facee"}
{"index": {"_index":"spt","_id":"2932230"}}
	{"id":2932230,"type":"sell","buyer":"myothuzar","seller":"arnob23","symbol":"SPT","quantity":"1850","price":"0.00271000","timestamp":1646736624,"volume":"5.01350000","buyTxId":"3c4d55a8221c9476488e974feb0d2ba2df2a2e94","sellTxId":"0895ae0048bf1582a81848894667a967382c2e93"}
{"index": {"_index":"spt","_id":"2932248"}}
	{"id":2932248,"type":"buy","buyer":"captainquack22","seller":"dhedge-drips","symbol":"SPT","quantity":"0.033374","price":"0.00282900","timestamp":1646736780,"volume":"0.00009442","buyTxId":"b8f723dd0bc6c8af0ba699fca15ab3c1669ced39","sellTxId":"10b8c307ebd6edbb9de381493c18b21080d36429"}
{"index": {"_index":"spt","_id":"2932249"}}
	{"id":2932249,"type":"buy","buyer":"captainquack22","seller":"brofi-market","symbol":"SPT","quantity":"0.242120","price":"0.00282900","timestamp":1646736780,"volume":"0.00068496","buyTxId":"b8f723dd0bc6c8af0ba699fca15ab3c1669ced39","sellTxId":"d7ac17d69372245c639ea500a7a335e3b340d64e"}
{"index": {"_index":"spt","_id":"2932250"}}
	{"id":2932250,"type":"buy","buyer":"captainquack22","seller":"laundrywoman","symbol":"SPT","quantity":"1794.337723","price":"0.00282900","timestamp":1646736780,"volume":"5.07618142","buyTxId":"b8f723dd0bc6c8af0ba699fca15ab3c1669ced39","sellTxId":"3acac88c4c9e08634151f733ee69928732567ef9"}
{"index": {"_index":"spt","_id":"2932366"}}
	{"id":2932366,"type":"sell","buyer":"myothuzar","seller":"fedesox","symbol":"SPT","quantity":"2203.236580","price":"0.00271000","timestamp":1646738850,"volume":"5.97077113","buyTxId":"3c4d55a8221c9476488e974feb0d2ba2df2a2e94","sellTxId":"8273e93b8f5d7c28af359ee8020ef3978bd46162"}
{"index": {"_index":"spt","_id":"2932572"}}
	{"id":2932572,"type":"sell","buyer":"myothuzar","seller":"brofi-market","symbol":"SPT","quantity":"0.030052","price":"0.00271000","timestamp":1646741841,"volume":"0.00008144","buyTxId":"3c4d55a8221c9476488e974feb0d2ba2df2a2e94","sellTxId":"ae6b742feeebc0b18140ee7e3e148e1e1f0e88b8"}
{"index": {"_index":"spt","_id":"2932611"}}
	{"id":2932611,"type":"sell","buyer":"myothuzar","seller":"tarazkp","symbol":"SPT","quantity":"5296.417800","price":"0.00271000","timestamp":1646742570,"volume":"14.35329223","buyTxId":"3c4d55a8221c9476488e974feb0d2ba2df2a2e94","sellTxId":"d1c487ceac149a7343e98aa18fb98a590ee83e9f"}
{"index": {"_index":"spt","_id":"2932612"}}
	{"id":2932612,"type":"sell","buyer":"cryptochikkin","seller":"tarazkp","symbol":"SPT","quantity":"200.000000","price":"0.00271000","timestamp":1646742570,"volume":"0.54200000","buyTxId":"e69c2c8a0faef7af8712e8d56ea72be58989f036","sellTxId":"d1c487ceac149a7343e98aa18fb98a590ee83e9f"}
{"index": {"_index":"spt","_id":"2932613"}}
	{"id":2932613,"type":"sell","buyer":"jacobpeacock","seller":"tarazkp","symbol":"SPT","quantity":"22.599999","price":"0.00271000","timestamp":1646742570,"volume":"0.06124600","buyTxId":"768fc35edd56d65afc156a0202712ff0515d5c4f","sellTxId":"d1c487ceac149a7343e98aa18fb98a590ee83e9f"}
{"index": {"_index":"spt","_id":"2932614"}}
	{"id":2932614,"type":"sell","buyer":"muzehan","seller":"tarazkp","symbol":"SPT","quantity":"1000.000000","price":"0.00270000","timestamp":1646742570,"volume":"2.70000000","buyTxId":"1700e1d715518b73aa044fa94d1ac13bfe521280","sellTxId":"d1c487ceac149a7343e98aa18fb98a590ee83e9f"}
{"index": {"_index":"spt","_id":"2932615"}}
	{"id":2932615,"type":"sell","buyer":"dechuck","seller":"tarazkp","symbol":"SPT","quantity":"33.517864","price":"0.00266100","timestamp":1646742570,"volume":"0.08919103","buyTxId":"2331e3e975c078abb1ee0bfceddf48c880eb70c1","sellTxId":"d1c487ceac149a7343e98aa18fb98a590ee83e9f"}
{"index": {"_index":"spt","_id":"2932616"}}
	{"id":2932616,"type":"sell","buyer":"kitsuki","seller":"tarazkp","symbol":"SPT","quantity":"628.816526","price":"0.00266000","timestamp":1646742570,"volume":"1.67265196","buyTxId":"98b39330e0521bce0dcfe13574cfa913c12b1e50","sellTxId":"d1c487ceac149a7343e98aa18fb98a590ee83e9f"}
{"index": {"_index":"spt","_id":"2932617"}}
	{"id":2932617,"type":"sell","buyer":"kitsuki","seller":"tarazkp","symbol":"SPT","quantity":"900.000000","price":"0.00265000","timestamp":1646742570,"volume":"2.38500000","buyTxId":"7f98474be375edcd4edc40592f0489316bbbda4a","sellTxId":"d1c487ceac149a7343e98aa18fb98a590ee83e9f"}
{"index": {"_index":"spt","_id":"2932618"}}
	{"id":2932618,"type":"sell","buyer":"karuna21","seller":"tarazkp","symbol":"SPT","quantity":"903.000000","price":"0.00265000","timestamp":1646742570,"volume":"2.39295000","buyTxId":"7c25f18c29365ff1fdaa07baa85b9e56f7f3e494","sellTxId":"d1c487ceac149a7343e98aa18fb98a590ee83e9f"}
{"index": {"_index":"spt","_id":"2932686"}}
	{"id":2932686,"type":"sell","buyer":"mobi72","seller":"dhedge-drips","symbol":"SPT","quantity":"0.025515","price":"0.00236000","timestamp":1646743605,"volume":"0.00006022","buyTxId":"73de92b4d117b27c0c9852efc547fc90a596a90c","sellTxId":"2f2d0c53ad97cf44bf85c4c55bfb3a4e5270eabd"}
{"index": {"_index":"spt","_id":"2932799"}}
	{"id":2932799,"type":"sell","buyer":"mobi72","seller":"mercurial9","symbol":"SPT","quantity":"251.980230","price":"0.00236000","timestamp":1646745162,"volume":"0.59467334","buyTxId":"73de92b4d117b27c0c9852efc547fc90a596a90c","sellTxId":"b4b67b88f60bd0066630a966927ae426b0d44e1d"}
{"index": {"_index":"spt","_id":"2932821"}}
	{"id":2932821,"type":"sell","buyer":"dechuck","seller":"photosnap","symbol":"SPT","quantity":"100.000000","price":"0.00235999","timestamp":1646745744,"volume":"0.23599900","buyTxId":"4886e061c635431b249d118d6de6d41bd90a1d28","sellTxId":"3c365aa5d0031060f5123369b5347e9611968efe"}
{"index": {"_index":"spt","_id":"2932826"}}
	{"id":2932826,"type":"buy","buyer":"sabosuke","seller":"mercurial9","symbol":"SPT","quantity":"876.000000","price":"0.00236000","timestamp":1646745921,"volume":"2.06736000","buyTxId":"0798d7317d6ad40f941948dae1840e3dcbd0d9aa","sellTxId":"b4b67b88f60bd0066630a966927ae426b0d44e1d"}
{"index": {"_index":"spt","_id":"2932847"}}
	{"id":2932847,"type":"buy","buyer":"danna23","seller":"mercurial9","symbol":"SPT","quantity":"83.363678","price":"0.00236000","timestamp":1646746119,"volume":"0.19673828","buyTxId":"323d1c22c28f18cf9b25b39a8cf0e84599c44f48","sellTxId":"b4b67b88f60bd0066630a966927ae426b0d44e1d"}
{"index": {"_index":"spt","_id":"2933185"}}
	{"id":2933185,"type":"buy","buyer":"ahmetay","seller":"mercurial9","symbol":"SPT","quantity":"45.475067","price":"0.00236000","timestamp":1646751381,"volume":"0.10732116","buyTxId":"0ba0a3f251dfe57dee5cf8e6bd2b7c0b61eaf184","sellTxId":"b4b67b88f60bd0066630a966927ae426b0d44e1d"}
{"index": {"_index":"spt","_id":"2933186"}}
	{"id":2933186,"type":"buy","buyer":"ahmetay","seller":"kojiri","symbol":"SPT","quantity":"1000.000000","price":"0.00245000","timestamp":1646751381,"volume":"2.45000000","buyTxId":"0ba0a3f251dfe57dee5cf8e6bd2b7c0b61eaf184","sellTxId":"3f5c458ec3b8f0045ca64782c6fbf025341c82fb"}
{"index": {"_index":"spt","_id":"2933187"}}
	{"id":2933187,"type":"buy","buyer":"ahmetay","seller":"tarazkp","symbol":"SPT","quantity":"167.048618","price":"0.00265000","timestamp":1646751381,"volume":"0.44267884","buyTxId":"0ba0a3f251dfe57dee5cf8e6bd2b7c0b61eaf184","sellTxId":"d1c487ceac149a7343e98aa18fb98a590ee83e9f"}
{"index": {"_index":"spt","_id":"2933595"}}
	{"id":2933595,"type":"sell","buyer":"multifurcate","seller":"obmop","symbol":"SPT","quantity":"446.582500","price":"0.00201100","timestamp":1646755695,"volume":"0.89807741","buyTxId":"d05c93467b65dc213569ce44e05f609c011cdbb6","sellTxId":"399d1423953af59cbf7ce50f988ab117988543dc"}
{"index": {"_index":"spt","_id":"2933632"}}
	{"id":2933632,"type":"sell","buyer":"multifurcate","seller":"brofi-market","symbol":"SPT","quantity":"0.464774","price":"0.00201100","timestamp":1646756133,"volume":"0.00093466","buyTxId":"d05c93467b65dc213569ce44e05f609c011cdbb6","sellTxId":"5be9fb4a06a6a76ef0b6ab7786b000f858bff139"}
{"index": {"_index":"spt","_id":"2933722"}}
	{"id":2933722,"type":"sell","buyer":"multifurcate","seller":"bearbear613","symbol":"SPT","quantity":"10.640917","price":"0.00201100","timestamp":1646756904,"volume":"0.02139888","buyTxId":"d05c93467b65dc213569ce44e05f609c011cdbb6","sellTxId":"2a2d36487ae9b4fe6e662d813c82b8da7746b80e"}
{"index": {"_index":"spt","_id":"2933819"}}
	{"id":2933819,"type":"buy","buyer":"captainquack22","seller":"tarazkp","symbol":"SPT","quantity":"620.000000","price":"0.00265000","timestamp":1646757963,"volume":"1.643","buyTxId":"57fd48f7e502fe82e4b9b8c1768576f583aa8bb3","sellTxId":"d1c487ceac149a7343e98aa18fb98a590ee83e9f"}
{"index": {"_index":"spt","_id":"2933878"}}
	{"id":2933878,"type":"buy","buyer":"druidsblood","seller":"tarazkp","symbol":"SPT","quantity":"1576.510173","price":"0.00265000","timestamp":1646758308,"volume":"4.17775196","buyTxId":"20f3e52a7a59b2cca3c0a5007b65ff5a9e5ca416","sellTxId":"d1c487ceac149a7343e98aa18fb98a590ee83e9f"}
{"index": {"_index":"spt","_id":"2933879"}}
	{"id":2933879,"type":"buy","buyer":"druidsblood","seller":"dhedge-drips","symbol":"SPT","quantity":"0.025515","price":"0.00265000","timestamp":1646758308,"volume":"0.00006761","buyTxId":"20f3e52a7a59b2cca3c0a5007b65ff5a9e5ca416","sellTxId":"40860fb6b8c0f3cfa466ef4f305c9541d4626374"}
{"index": {"_index":"spt","_id":"2933880"}}
	{"id":2933880,"type":"buy","buyer":"druidsblood","seller":"brofi-market","symbol":"SPT","quantity":"0.464774","price":"0.00265000","timestamp":1646758308,"volume":"0.00123165","buyTxId":"20f3e52a7a59b2cca3c0a5007b65ff5a9e5ca416","sellTxId":"4769d2c6282c7e64eb0f15f95d688fc75b5c129c"}
{"index": {"_index":"spt","_id":"2933881"}}
	{"id":2933881,"type":"buy","buyer":"druidsblood","seller":"brofi-market","symbol":"SPT","quantity":"0.030052","price":"0.00282900","timestamp":1646758308,"volume":"0.00008502","buyTxId":"20f3e52a7a59b2cca3c0a5007b65ff5a9e5ca416","sellTxId":"70b2b5d406c00addfcf6da59cca8f03738ab1928"}
{"index": {"_index":"spt","_id":"2933882"}}
	{"id":2933882,"type":"buy","buyer":"druidsblood","seller":"laundrywoman","symbol":"SPT","quantity":"11637.969486","price":"0.00282900","timestamp":1646758308,"volume":"32.92381568","buyTxId":"20f3e52a7a59b2cca3c0a5007b65ff5a9e5ca416","sellTxId":"b4c096970cbd099f97f17eed4bc4bcc123058145"}
{"index": {"_index":"spt","_id":"2933950"}}
	{"id":2933950,"type":"sell","buyer":"multifurcate","seller":"futuremind","symbol":"SPT","quantity":"25047.968712","price":"0.00201100","timestamp":1646758755,"volume":"50.37146508","buyTxId":"442854d7ddb686e040a9d1266c984bb28561f0d0","sellTxId":"347c4954ff89afc63416e8c21793128c90a74b25"}
{"index": {"_index":"spt","_id":"2934193"}}
	{"id":2934193,"type":"sell","buyer":"multifurcate","seller":"teenagecrypto","symbol":"SPT","quantity":"218.786020","price":"0.00201201","timestamp":1646761383,"volume":"0.44019966","buyTxId":"341416c24f695c8f4350ff949b38354d7a814c96","sellTxId":"06ebda2b3ae039bc57421693436a3e2d366ec046"}
{"index": {"_index":"spt","_id":"2934237"}}
	{"id":2934237,"type":"sell","buyer":"multifurcate","seller":"catomoon","symbol":"SPT","quantity":"3.072760","price":"0.00201201","timestamp":1646761872,"volume":"0.00618242","buyTxId":"341416c24f695c8f4350ff949b38354d7a814c96","sellTxId":"1a166cb698dbb442f366a802502b491b9bd7907a"}
{"index": {"_index":"spt","_id":"2934250"}}
	{"id":2934250,"type":"sell","buyer":"multifurcate","seller":"ketcom","symbol":"SPT","quantity":"1645.495503","price":"0.00201201","timestamp":1646761914,"volume":"3.31075341","buyTxId":"341416c24f695c8f4350ff949b38354d7a814c96","sellTxId":"56e7a488daf19f9fcaf9a85505d85bdee90bbf39"}
{"index": {"_index":"spt","_id":"2934282"}}
	{"id":2934282,"type":"buy","buyer":"jongolson","seller":"laundrywoman","symbol":"SPT","quantity":"1000.000000","price":"0.00279900","timestamp":1646762247,"volume":"2.79900000","buyTxId":"a082cf78dfce43326fa689ecc6c7fdc20733e62b","sellTxId":"70274d46ca8d5497d8fab12265b336332fccb0f3"}
{"index": {"_index":"spt","_id":"2934551"}}
	{"id":2934551,"type":"sell","buyer":"kitsuki","seller":"dhedge-drips","symbol":"SPT","quantity":"0.043572","price":"0.00201202","timestamp":1646765169,"volume":"0.00008767","buyTxId":"6eeaa8830da4382caae260883d0865f56700f098","sellTxId":"1557a3cb983c34da670f4d5b61fcc8b81ed887a9"}
{"index": {"_index":"spt","_id":"2934601"}}
	{"id":2934601,"type":"sell","buyer":"kitsuki","seller":"ninjazillaz","symbol":"SPT","quantity":"125.000000","price":"0.00201202","timestamp":1646765739,"volume":"0.25150250","buyTxId":"6eeaa8830da4382caae260883d0865f56700f098","sellTxId":"a3aa27c4e02cf538b02ca662622aa5ebf201873a"}
{"index": {"_index":"spt","_id":"2934893"}}
	{"id":2934893,"type":"sell","buyer":"kitsuki","seller":"rphspinheiro","symbol":"SPT","quantity":"3.658322","price":"0.00201202","timestamp":1646769000,"volume":"0.00736062","buyTxId":"6eeaa8830da4382caae260883d0865f56700f098","sellTxId":"9a1c04700a6da7f6232963f06ef603b1d6ef1ba7"}
{"index": {"_index":"spt","_id":"2934975"}}
	{"id":2934975,"type":"sell","buyer":"kitsuki","seller":"brofi-market","symbol":"SPT","quantity":"0.004439","price":"0.00201202","timestamp":1646770299,"volume":"0.00000893","buyTxId":"6eeaa8830da4382caae260883d0865f56700f098","sellTxId":"6d4c0bbabd11828d039f8503f7b01b40e0d9d92a"}
{"index": {"_index":"spt","_id":"2935173"}}
	{"id":2935173,"type":"sell","buyer":"kitsuki","seller":"cynano","symbol":"SPT","quantity":"88.433243","price":"0.00201202","timestamp":1646773530,"volume":"0.17792945","buyTxId":"6eeaa8830da4382caae260883d0865f56700f098","sellTxId":"b254457d1c2157b5ab5668eb5f166ddbf79d40f1"}
{"index": {"_index":"spt","_id":"2935568"}}
	{"id":2935568,"type":"sell","buyer":"cardshrine","seller":"trashyomen","symbol":"SPT","quantity":"2128.650000","price":"0.00208000","timestamp":1646777886,"volume":"4.42759200","buyTxId":"981ae186f64c26352c722562830a9871eb59ede6","sellTxId":"d8e85644a276f647a513e91dfc6a2f3f3bfd73f5"}
{"index": {"_index":"spt","_id":"2935817"}}
	{"id":2935817,"type":"buy","buyer":"kitsuki","seller":"he-index","symbol":"SPT","quantity":"0.059000","price":"0.00208000","timestamp":1646780574,"volume":"0.00012272","buyTxId":"50d5ad176c4a9d26f5f41653e4f553fca8a360e6","sellTxId":"952d52b081d187e68c6bb675fc98f1d94e6b05c8"}
{"index": {"_index":"spt","_id":"2936156"}}
	{"id":2936156,"type":"sell","buyer":"kitsuki","seller":"brofi-market","symbol":"SPT","quantity":"3.239593","price":"0.00203000","timestamp":1646784972,"volume":"0.00657637","buyTxId":"cd8d85808c72be6c2844b96289b58cd276a36119","sellTxId":"75182d9f482eec28f8766a1ac072ba978aebc20d"}
{"index": {"_index":"spt","_id":"2936189"}}
	{"id":2936189,"type":"sell","buyer":"kitsuki","seller":"chireerocks","symbol":"SPT","quantity":"82.244170","price":"0.00203000","timestamp":1646785260,"volume":"0.16695567","buyTxId":"cd8d85808c72be6c2844b96289b58cd276a36119","sellTxId":"4d9382b86024f1bcf8958b83ae64d47ca611d02c"}
{"index": {"_index":"spt","_id":"2936265"}}
	{"id":2936265,"type":"sell","buyer":"kitsuki","seller":"mih.arts","symbol":"SPT","quantity":"414.516237","price":"0.00203000","timestamp":1646786658,"volume":"0.84146796","buyTxId":"cd8d85808c72be6c2844b96289b58cd276a36119","sellTxId":"b309b1b0cf5da6479f58428fd7b138b6dcfd77c1"}
{"index": {"_index":"spt","_id":"2936266"}}
	{"id":2936266,"type":"sell","buyer":"multifurcate","seller":"mih.arts","symbol":"SPT","quantity":"1656.483763","price":"0.00201600","timestamp":1646786658,"volume":"3.33947127","buyTxId":"e3f4f8ea5635983cc52118c875b6cf1b117c1a69","sellTxId":"b309b1b0cf5da6479f58428fd7b138b6dcfd77c1"}
{"index": {"_index":"spt","_id":"2936281"}}
	{"id":2936281,"type":"sell","buyer":"multifurcate","seller":"dhedge-drips","symbol":"SPT","quantity":"0.012988","price":"0.00201600","timestamp":1646786811,"volume":"0.00002618","buyTxId":"e3f4f8ea5635983cc52118c875b6cf1b117c1a69","sellTxId":"584e21a314a788d7a163d136bc9950f9b2fb44c9"}
{"index": {"_index":"spt","_id":"2936283"}}
	{"id":2936283,"type":"sell","buyer":"multifurcate","seller":"iceman23","symbol":"SPT","quantity":"0.589486","price":"0.00201600","timestamp":1646786820,"volume":"0.00118840","buyTxId":"e3f4f8ea5635983cc52118c875b6cf1b117c1a69","sellTxId":"cbae1aa6e2b01f3171d219f3c0cdc1f13c01f495"}
{"index": {"_index":"spt","_id":"2936335"}}
	{"id":2936335,"type":"buy","buyer":"riverstort","seller":"kitsuki","symbol":"SPT","quantity":"100.000000","price":"0.00274800","timestamp":1646787375,"volume":"0.27480000","buyTxId":"84c670825f65efba88bfe895d0aae5cf9b1b2dc5","sellTxId":"60cd63b489bee523dab8cf510b598ee2584d49bf"}
{"index": {"_index":"spt","_id":"2936336"}}
	{"id":2936336,"type":"buy","buyer":"riverstort","seller":"brofi-market","symbol":"SPT","quantity":"3.239593","price":"0.00274800","timestamp":1646787375,"volume":"0.00890240","buyTxId":"84c670825f65efba88bfe895d0aae5cf9b1b2dc5","sellTxId":"3df431bef4f952afd1ada82a159b02859d1edcda"}
{"index": {"_index":"spt","_id":"2936337"}}
	{"id":2936337,"type":"buy","buyer":"riverstort","seller":"dhedge-drips","symbol":"SPT","quantity":"0.012988","price":"0.00274800","timestamp":1646787375,"volume":"0.00003569","buyTxId":"84c670825f65efba88bfe895d0aae5cf9b1b2dc5","sellTxId":"7fed6ffc19a92e958a595e49cb01670ec8f0dcca"}
{"index": {"_index":"spt","_id":"2936358"}}
	{"id":2936358,"type":"sell","buyer":"riverstort","seller":"ahmetay","symbol":"SPT","quantity":"711.549313","price":"0.00274800","timestamp":1646787840,"volume":"1.95533751","buyTxId":"84c670825f65efba88bfe895d0aae5cf9b1b2dc5","sellTxId":"8954fc3c11f3bf786137b0ee693788e83a78f91b"}
{"index": {"_index":"spt","_id":"2936412"}}
	{"id":2936412,"type":"sell","buyer":"riverstort","seller":"kitsuki","symbol":"SPT","quantity":"26.833226","price":"0.00274800","timestamp":1646788635,"volume":"0.07373771","buyTxId":"84c670825f65efba88bfe895d0aae5cf9b1b2dc5","sellTxId":"d743bb08d0cfd6f18bf5c418938780e6ebe0649d"}
{"index": {"_index":"spt","_id":"2936419"}}
	{"id":2936419,"type":"sell","buyer":"kitsuki","seller":"eythorphoto","symbol":"SPT","quantity":"2.861230","price":"0.00201900","timestamp":1646788770,"volume":"0.00577682","buyTxId":"067c481193e06349511d66feb08c6e4e8b70e41b","sellTxId":"38f54972004c377461b6a96f6825b6d9c649bf72"}
{"index": {"_index":"spt","_id":"2936846"}}
	{"id":2936846,"type":"sell","buyer":"nastyforce","seller":"supremo8369","symbol":"SPT","quantity":"0.800000","price":"0.00203000","timestamp":1646795028,"volume":"0.00162400","buyTxId":"3269138aef6badb8fb90991243e9eb3c8b9c3464","sellTxId":"5c48aa9c93ce8657f18732707ad5fd6734755222"}
