{"index": {"_index":"spt","_id":"2889006"}}
	{"id":2889006,"type":"sell","buyer":"sbi-tokens","seller":"badtripz","symbol":"SPT","quantity":"1911.03402","price":"0.00290000","timestamp":1646194242,"volume":"5.54199866","buyTxId":"6db760fd738322828c62f54d511e678e3edc847e","sellTxId":"14adfd76c1f488e199d8e6e0e847223a673b3dc0"}
{"index": {"_index":"spt","_id":"2889013"}}
	{"id":2889013,"type":"sell","buyer":"sbi-tokens","seller":"brofi-market","symbol":"SPT","quantity":"0.005680","price":"0.00290000","timestamp":1646194284,"volume":"0.00001647","buyTxId":"6db760fd738322828c62f54d511e678e3edc847e","sellTxId":"633dbdaaa4f61240f907e66a8474dc1508b0f8e6"}
{"index": {"_index":"spt","_id":"2889215"}}
	{"id":2889215,"type":"sell","buyer":"sbi-tokens","seller":"bronko","symbol":"SPT","quantity":"38.876447","price":"0.00290000","timestamp":1646197530,"volume":"0.11274170","buyTxId":"6db760fd738322828c62f54d511e678e3edc847e","sellTxId":"4841c6c0b54ade4e3000a0fc74686c658094dfc9"}
{"index": {"_index":"spt","_id":"2889678"}}
	{"id":2889678,"type":"sell","buyer":"sbi-tokens","seller":"elenkar","symbol":"SPT","quantity":"0.657576","price":"0.00290000","timestamp":1646202852,"volume":"0.00190697","buyTxId":"6db760fd738322828c62f54d511e678e3edc847e","sellTxId":"ff2565000107a982f58320a71d239c33764e9dd3"}
{"index": {"_index":"spt","_id":"2889752"}}
	{"id":2889752,"type":"sell","buyer":"sbi-tokens","seller":"hazmatic","symbol":"SPT","quantity":"30.367296","price":"0.00290000","timestamp":1646204157,"volume":"0.08806516","buyTxId":"6db760fd738322828c62f54d511e678e3edc847e","sellTxId":"210c6e775de1d2f928e62a69cf718c15075b0fcb"}
{"index": {"_index":"spt","_id":"2890029"}}
	{"id":2890029,"type":"sell","buyer":"sbi-tokens","seller":"mahtabansari370","symbol":"SPT","quantity":"2762.000000","price":"0.00290000","timestamp":1646207619,"volume":"8.00980000","buyTxId":"6db760fd738322828c62f54d511e678e3edc847e","sellTxId":"a8b9ec0d9af53397dad1c5d7da0c6e9349d0379c"}
{"index": {"_index":"spt","_id":"2890049"}}
	{"id":2890049,"type":"buy","buyer":"adrianus","seller":"shauner","symbol":"SPT","quantity":"24.495693","price":"0.00300000","timestamp":1646207871,"volume":"0.07348708","buyTxId":"0b7e4fc087cdbd214b74c836e57b7773b4e0fa0e","sellTxId":"5fddda60a324fe5d7e1660b54ba2ee5862a5ba9c"}
{"index": {"_index":"spt","_id":"2890220"}}
	{"id":2890220,"type":"sell","buyer":"sbi-tokens","seller":"siberian12","symbol":"SPT","quantity":"45.989371","price":"0.00290000","timestamp":1646209749,"volume":"0.13336918","buyTxId":"6db760fd738322828c62f54d511e678e3edc847e","sellTxId":"40c65576daa2f6ab131e5d18be90171fa258bfa7"}
{"index": {"_index":"spt","_id":"2890402"}}
	{"id":2890402,"type":"sell","buyer":"sbi-tokens","seller":"moeenali","symbol":"SPT","quantity":"14284.860597","price":"0.00290000","timestamp":1646212743,"volume":"41.42609573","buyTxId":"6db760fd738322828c62f54d511e678e3edc847e","sellTxId":"ce0db79a25579a984c325214c38f154a1aaf8255"}
{"index": {"_index":"spt","_id":"2890425"}}
	{"id":2890425,"type":"sell","buyer":"sbi-tokens","seller":"photosnap","symbol":"SPT","quantity":"267.747369","price":"0.00290000","timestamp":1646213067,"volume":"0.77646737","buyTxId":"6db760fd738322828c62f54d511e678e3edc847e","sellTxId":"8cbd42ead760d72dca21d47c5c601dd8e3410fcf"}
{"index": {"_index":"spt","_id":"2890433"}}
	{"id":2890433,"type":"sell","buyer":"sbi-tokens","seller":"yameen","symbol":"SPT","quantity":"163.263236","price":"0.00290000","timestamp":1646213130,"volume":"0.47346338","buyTxId":"6db760fd738322828c62f54d511e678e3edc847e","sellTxId":"38c1ee74512817ca2b7baddc44b917165615b3fc"}
{"index": {"_index":"spt","_id":"2890440"}}
	{"id":2890440,"type":"sell","buyer":"sbi-tokens","seller":"miniwash","symbol":"SPT","quantity":"1.870952","price":"0.00290000","timestamp":1646213223,"volume":"0.00542576","buyTxId":"6db760fd738322828c62f54d511e678e3edc847e","sellTxId":"e4f4e98082b3d168b37b94f100a5979fd5de3335"}
{"index": {"_index":"spt","_id":"2890805"}}
	{"id":2890805,"type":"sell","buyer":"sbi-tokens","seller":"cynano","symbol":"SPT","quantity":"49.770658","price":"0.00290000","timestamp":1646218635,"volume":"0.14433491","buyTxId":"6db760fd738322828c62f54d511e678e3edc847e","sellTxId":"e951d10aabe99fae912cb1d1e526205cbf930de6"}
{"index": {"_index":"spt","_id":"2890834"}}
	{"id":2890834,"type":"sell","buyer":"sbi-tokens","seller":"fedesox","symbol":"SPT","quantity":"370.725896","price":"0.00290000","timestamp":1646218998,"volume":"1.07510510","buyTxId":"6db760fd738322828c62f54d511e678e3edc847e","sellTxId":"d76c39a75d85ddb368c75eac25e6ae8a23a3df34"}
{"index": {"_index":"spt","_id":"2891180"}}
	{"id":2891180,"type":"sell","buyer":"sbi-tokens","seller":"fiiii","symbol":"SPT","quantity":"0.018206","price":"0.00290000","timestamp":1646222817,"volume":"0.00005280","buyTxId":"6db760fd738322828c62f54d511e678e3edc847e","sellTxId":"fe3e53f69b40918700ac57b9c56679b8fbde5ead"}
{"index": {"_index":"spt","_id":"2891544"}}
	{"id":2891544,"type":"sell","buyer":"sbi-tokens","seller":"underlock","symbol":"SPT","quantity":"1963.876612","price":"0.00290000","timestamp":1646226297,"volume":"5.69524217","buyTxId":"6db760fd738322828c62f54d511e678e3edc847e","sellTxId":"c4d23af5ab9b5f10213ae61699e58825818a722c"}
{"index": {"_index":"spt","_id":"2891858"}}
	{"id":2891858,"type":"buy","buyer":"diegordo112","seller":"skymin","symbol":"SPT","quantity":"50.000000","price":"0.00298800","timestamp":1646229276,"volume":"0.14940000","buyTxId":"b5cfca4f37ec0d9a15bef9ca5816b4c1dad5f52b","sellTxId":"4c0e1e6f741d92e35e16f013c8ace134b69957f8"}
{"index": {"_index":"spt","_id":"2891921"}}
	{"id":2891921,"type":"buy","buyer":"nata86","seller":"skymin","symbol":"SPT","quantity":"240.000000","price":"0.00298800","timestamp":1646230104,"volume":"0.71712000","buyTxId":"10cfea64608fe76a489bfdf4a20ab3a7902b7909","sellTxId":"4c0e1e6f741d92e35e16f013c8ace134b69957f8"}
{"index": {"_index":"spt","_id":"2892012"}}
	{"id":2892012,"type":"sell","buyer":"sbi-tokens","seller":"stev3","symbol":"SPT","quantity":"2062.260975","price":"0.00290000","timestamp":1646230725,"volume":"5.98055683","buyTxId":"6db760fd738322828c62f54d511e678e3edc847e","sellTxId":"853c7248ee71ab32b7a0039309b47e75382f994b"}
{"index": {"_index":"spt","_id":"2892066"}}
	{"id":2892066,"type":"buy","buyer":"adrianus","seller":"skymin","symbol":"SPT","quantity":"1.709695","price":"0.00298800","timestamp":1646231367,"volume":"0.00510857","buyTxId":"4459acf6e36e7552357965e46c9f748202219059","sellTxId":"4c0e1e6f741d92e35e16f013c8ace134b69957f8"}
{"index": {"_index":"spt","_id":"2892104"}}
	{"id":2892104,"type":"buy","buyer":"dswap","seller":"skymin","symbol":"SPT","quantity":"130.166044","price":"0.00298800","timestamp":1646231892,"volume":"0.38893614","buyTxId":"1f75464e6946d8e6d49bae4a210796a7e0af1a4e","sellTxId":"4c0e1e6f741d92e35e16f013c8ace134b69957f8"}
{"index": {"_index":"spt","_id":"2892148"}}
	{"id":2892148,"type":"sell","buyer":"sbi-tokens","seller":"itachi24","symbol":"SPT","quantity":"6.631327","price":"0.00290000","timestamp":1646232564,"volume":"0.01923085","buyTxId":"6db760fd738322828c62f54d511e678e3edc847e","sellTxId":"525eaf51da22490e16454d3348d2b3e642bd0ab0"}
{"index": {"_index":"spt","_id":"2892604"}}
	{"id":2892604,"type":"sell","buyer":"multifurcate","seller":"brofi-market","symbol":"SPT","quantity":"0.225904","price":"0.00290100","timestamp":1646237514,"volume":"0.00065535","buyTxId":"090fc6d4cf2182ab1762d21799dfec052cc07b97","sellTxId":"20827b3edee354efdad33538e8a3feae408b299c"}
{"index": {"_index":"spt","_id":"2892611"}}
	{"id":2892611,"type":"buy","buyer":"jackramsey","seller":"skymin","symbol":"SPT","quantity":"1000.000000","price":"0.00298800","timestamp":1646237565,"volume":"2.98800000","buyTxId":"2ef2bd2321b0fd3615a71eb196797e2591fcee48","sellTxId":"4c0e1e6f741d92e35e16f013c8ace134b69957f8"}
{"index": {"_index":"spt","_id":"2892642"}}
	{"id":2892642,"type":"buy","buyer":"jackramsey","seller":"skymin","symbol":"SPT","quantity":"282.124261","price":"0.00298800","timestamp":1646237910,"volume":"0.84298729","buyTxId":"aeadae34959ad51d80a1ecb8854db36ba800753f","sellTxId":"4c0e1e6f741d92e35e16f013c8ace134b69957f8"}
{"index": {"_index":"spt","_id":"2892643"}}
	{"id":2892643,"type":"buy","buyer":"jackramsey","seller":"brofi-market","symbol":"SPT","quantity":"0.225904","price":"0.00298800","timestamp":1646237910,"volume":"0.00067500","buyTxId":"aeadae34959ad51d80a1ecb8854db36ba800753f","sellTxId":"c7253ac2463ea550688b1b581f1ff18442b5f8d7"}
{"index": {"_index":"spt","_id":"2892644"}}
	{"id":2892644,"type":"buy","buyer":"jackramsey","seller":"greengineer","symbol":"SPT","quantity":"1217.649835","price":"0.00299900","timestamp":1646237910,"volume":"3.65173186","buyTxId":"aeadae34959ad51d80a1ecb8854db36ba800753f","sellTxId":"1dd08a3de5e2c47192eebe4fd99c961345cd0311"}
{"index": {"_index":"spt","_id":"2892741"}}
	{"id":2892741,"type":"sell","buyer":"multifurcate","seller":"ninjazillaz","symbol":"SPT","quantity":"75.000000","price":"0.00290100","timestamp":1646238687,"volume":"0.21757500","buyTxId":"5c5b2b17139480e3a23be44cf2d7943cb6aba741","sellTxId":"bffb739c0fe0ee77c081a5af10108584528572bf"}
{"index": {"_index":"spt","_id":"2892829"}}
	{"id":2892829,"type":"buy","buyer":"nixin","seller":"greengineer","symbol":"SPT","quantity":"690.210941","price":"0.00299900","timestamp":1646239581,"volume":"2.06994261","buyTxId":"0eac3bb226cb171720c511a2184a5c36f9c92a68","sellTxId":"1dd08a3de5e2c47192eebe4fd99c961345cd0311"}
{"index": {"_index":"spt","_id":"2892830"}}
	{"id":2892830,"type":"buy","buyer":"nixin","seller":"shauner","symbol":"SPT","quantity":"125.529455","price":"0.00300000","timestamp":1646239581,"volume":"0.37658837","buyTxId":"0eac3bb226cb171720c511a2184a5c36f9c92a68","sellTxId":"5fddda60a324fe5d7e1660b54ba2ee5862a5ba9c"}
{"index": {"_index":"spt","_id":"2892831"}}
	{"id":2892831,"type":"buy","buyer":"nixin","seller":"brofi-market","symbol":"SPT","quantity":"0.005680","price":"0.00300000","timestamp":1646239581,"volume":"0.00001704","buyTxId":"0eac3bb226cb171720c511a2184a5c36f9c92a68","sellTxId":"47e0d0b5eeff371a7b8a73079f3eed6d1493cbbd"}
{"index": {"_index":"spt","_id":"2892832"}}
	{"id":2892832,"type":"buy","buyer":"nixin","seller":"saachi","symbol":"SPT","quantity":"280.000000","price":"0.00300000","timestamp":1646239581,"volume":"0.84000000","buyTxId":"0eac3bb226cb171720c511a2184a5c36f9c92a68","sellTxId":"c7475237f0c433ddfa421f94c957d659a752df6c"}
{"index": {"_index":"spt","_id":"2892833"}}
	{"id":2892833,"type":"buy","buyer":"nixin","seller":"saachi","symbol":"SPT","quantity":"92.000000","price":"0.00300000","timestamp":1646239581,"volume":"0.27600000","buyTxId":"0eac3bb226cb171720c511a2184a5c36f9c92a68","sellTxId":"95323a4d667f9a6d7f199a7f34215d7742b8a239"}
{"index": {"_index":"spt","_id":"2892834"}}
	{"id":2892834,"type":"buy","buyer":"nixin","seller":"yugure","symbol":"SPT","quantity":"1681.284985","price":"0.00300000","timestamp":1646239581,"volume":"5.04385496","buyTxId":"0eac3bb226cb171720c511a2184a5c36f9c92a68","sellTxId":"7dafb7ba507fa24244acd79cd378470a9254713f"}
{"index": {"_index":"spt","_id":"2893029"}}
	{"id":2893029,"type":"sell","buyer":"nixin","seller":"fiberfrau","symbol":"SPT","quantity":"3.938941","price":"0.00300000","timestamp":1646241303,"volume":"0.01181682","buyTxId":"0eac3bb226cb171720c511a2184a5c36f9c92a68","sellTxId":"90207e272ac847b3c49b67856365b1d23e206a64"}
{"index": {"_index":"spt","_id":"2893081"}}
	{"id":2893081,"type":"sell","buyer":"nixin","seller":"ong.aye.myat.mon","symbol":"SPT","quantity":"222.802564","price":"0.00300000","timestamp":1646241618,"volume":"0.66840769","buyTxId":"0eac3bb226cb171720c511a2184a5c36f9c92a68","sellTxId":"04597785e5cfbadc6972f005a5bbbae0ab19ff44"}
{"index": {"_index":"spt","_id":"2893325"}}
	{"id":2893325,"type":"sell","buyer":"nixin","seller":"lesthertod","symbol":"SPT","quantity":"1.598721","price":"0.00300000","timestamp":1646244114,"volume":"0.00479616","buyTxId":"0eac3bb226cb171720c511a2184a5c36f9c92a68","sellTxId":"cc97d49dd42ff016dc418bef5e9d846befdc7f74"}
{"index": {"_index":"spt","_id":"2893372"}}
	{"id":2893372,"type":"sell","buyer":"nixin","seller":"hienco","symbol":"SPT","quantity":"174.730311","price":"0.00300000","timestamp":1646244798,"volume":"0.52419093","buyTxId":"0eac3bb226cb171720c511a2184a5c36f9c92a68","sellTxId":"0535bf1be686a4221744400d0f110c122c68d403"}
{"index": {"_index":"spt","_id":"2893528"}}
	{"id":2893528,"type":"sell","buyer":"nixin","seller":"dhedge-drips","symbol":"SPT","quantity":"0.021710","price":"0.00300000","timestamp":1646246739,"volume":"0.00006513","buyTxId":"0eac3bb226cb171720c511a2184a5c36f9c92a68","sellTxId":"a09d683b206c0419bea19c404840345a1943307f"}
{"index": {"_index":"spt","_id":"2893608"}}
	{"id":2893608,"type":"sell","buyer":"nixin","seller":"dubble.eth","symbol":"SPT","quantity":"24.965268","price":"0.00300000","timestamp":1646247639,"volume":"0.07489580","buyTxId":"0eac3bb226cb171720c511a2184a5c36f9c92a68","sellTxId":"cdf5c7f0c67feeb9f5533d3b738ef1eefc8b9608"}
{"index": {"_index":"spt","_id":"2893675"}}
	{"id":2893675,"type":"sell","buyer":"nixin","seller":"teesart","symbol":"SPT","quantity":"4767.474380","price":"0.00300000","timestamp":1646248437,"volume":"14.30242314","buyTxId":"0eac3bb226cb171720c511a2184a5c36f9c92a68","sellTxId":"31fc79f569b12722878dddfc4e76ff360990b45b"}
{"index": {"_index":"spt","_id":"2893792"}}
	{"id":2893792,"type":"buy","buyer":"jongolson","seller":"kojiri","symbol":"SPT","quantity":"130.000000","price":"0.00309000","timestamp":1646249265,"volume":"0.40170000","buyTxId":"a1de867dda3474f1ecfeab4b3aac469ffa6a5d04","sellTxId":"baaacb45511a2db4f66355fdaae993bed4e23681"}
{"index": {"_index":"spt","_id":"2893793"}}
	{"id":2893793,"type":"buy","buyer":"jongolson","seller":"dhedge-drips","symbol":"SPT","quantity":"0.021710","price":"0.00309000","timestamp":1646249265,"volume":"0.00006708","buyTxId":"a1de867dda3474f1ecfeab4b3aac469ffa6a5d04","sellTxId":"857bf65dd210b352df04ecbedb3a711843120930"}
{"index": {"_index":"spt","_id":"2893794"}}
	{"id":2893794,"type":"buy","buyer":"jongolson","seller":"laundrywoman","symbol":"SPT","quantity":"869.978290","price":"0.00309900","timestamp":1646249265,"volume":"2.69606272","buyTxId":"a1de867dda3474f1ecfeab4b3aac469ffa6a5d04","sellTxId":"43560c5064c898b155b523a2f3e7f1bc7b0f132a"}
{"index": {"_index":"spt","_id":"2893988"}}
	{"id":2893988,"type":"sell","buyer":"nixin","seller":"bp9930","symbol":"SPT","quantity":"73.536653","price":"0.00300000","timestamp":1646251293,"volume":"0.22060996","buyTxId":"0eac3bb226cb171720c511a2184a5c36f9c92a68","sellTxId":"6aa24339079850c0103134e6e4dd9987e0578abb"}
{"index": {"_index":"spt","_id":"2894020"}}
	{"id":2894020,"type":"sell","buyer":"nixin","seller":"brofi-market","symbol":"SPT","quantity":"0.023291","price":"0.00300000","timestamp":1646251821,"volume":"0.00006987","buyTxId":"0eac3bb226cb171720c511a2184a5c36f9c92a68","sellTxId":"908a6f996596f24083f3fb7a03be9931e15bfc6f"}
{"index": {"_index":"spt","_id":"2894495"}}
	{"id":2894495,"type":"buy","buyer":"lisergicus","seller":"laundrywoman","symbol":"SPT","quantity":"30.051920","price":"0.00309900","timestamp":1646258841,"volume":"0.09313090","buyTxId":"68e543c85f9cc096a750b7e08d2b176cf2706f5b","sellTxId":"43560c5064c898b155b523a2f3e7f1bc7b0f132a"}
{"index": {"_index":"spt","_id":"2894548"}}
	{"id":2894548,"type":"sell","buyer":"nixin","seller":"ackza","symbol":"SPT","quantity":"10.486435","price":"0.00300000","timestamp":1646259492,"volume":"0.03145931","buyTxId":"0eac3bb226cb171720c511a2184a5c36f9c92a68","sellTxId":"319a66fc56e82b7769672f820c2da14f97070775"}
{"index": {"_index":"spt","_id":"2894753"}}
	{"id":2894753,"type":"sell","buyer":"nixin","seller":"he-index","symbol":"SPT","quantity":"0.026000","price":"0.00300000","timestamp":1646262069,"volume":"0.00007800","buyTxId":"0eac3bb226cb171720c511a2184a5c36f9c92a68","sellTxId":"c75ac3abaa962693b460631f1fe555aed621e41d"}
{"index": {"_index":"spt","_id":"2894847"}}
	{"id":2894847,"type":"sell","buyer":"nixin","seller":"forexbrokr","symbol":"SPT","quantity":"34.670972","price":"0.00300000","timestamp":1646263437,"volume":"0.10401292","buyTxId":"0eac3bb226cb171720c511a2184a5c36f9c92a68","sellTxId":"ce81a9f7bedca63d739f9173d46c85de04136e03"}
{"index": {"_index":"spt","_id":"2894924"}}
	{"id":2894924,"type":"sell","buyer":"nixin","seller":"caracastdc","symbol":"SPT","quantity":"0.96615","price":"0.00300000","timestamp":1646264040,"volume":"0.00289845","buyTxId":"0eac3bb226cb171720c511a2184a5c36f9c92a68","sellTxId":"27353b7d9c77754cbea76fe3e85b8db16c08c55c"}
{"index": {"_index":"spt","_id":"2895057"}}
	{"id":2895057,"type":"sell","buyer":"nixin","seller":"taskmaster4450","symbol":"SPT","quantity":"497.324158","price":"0.00300000","timestamp":1646266089,"volume":"1.49197247","buyTxId":"0eac3bb226cb171720c511a2184a5c36f9c92a68","sellTxId":"0875866ba089cb7bca2b90f28b87d63b5f0d9978"}
{"index": {"_index":"spt","_id":"2895077"}}
	{"id":2895077,"type":"buy","buyer":"captainquack22","seller":"brofi-market","symbol":"SPT","quantity":"0.023291","price":"0.00309900","timestamp":1646266311,"volume":"0.00007218","buyTxId":"b9642f6078025f76d45b8fbba3975e811f61016d","sellTxId":"3a068ffbf10aa9bb08c208f1663b00f5767820a4"}
{"index": {"_index":"spt","_id":"2895078"}}
	{"id":2895078,"type":"buy","buyer":"captainquack22","seller":"laundrywoman","symbol":"SPT","quantity":"436.569157","price":"0.00309900","timestamp":1646266311,"volume":"1.35292782","buyTxId":"b9642f6078025f76d45b8fbba3975e811f61016d","sellTxId":"15ad94fff679e3a47f90621bd52658e27897834f"}
{"index": {"_index":"spt","_id":"2895097"}}
	{"id":2895097,"type":"sell","buyer":"nixin","seller":"brofi-market","symbol":"SPT","quantity":"3.017250","price":"0.00300000","timestamp":1646266467,"volume":"0.00905175","buyTxId":"0eac3bb226cb171720c511a2184a5c36f9c92a68","sellTxId":"58777aa7a5c212dfe96fd89eaf8ec57fb4cbb747"}
{"index": {"_index":"spt","_id":"2895139"}}
	{"id":2895139,"type":"sell","buyer":"nixin","seller":"mightyrocklee","symbol":"SPT","quantity":"1315.386135","price":"0.00300000","timestamp":1646266863,"volume":"3.94615841","buyTxId":"0eac3bb226cb171720c511a2184a5c36f9c92a68","sellTxId":"0004546e1949f1b1b82c85fb8e71b33e7d42e066"}
{"index": {"_index":"spt","_id":"2895147"}}
	{"id":2895147,"type":"sell","buyer":"multifurcate","seller":"chireerocks","symbol":"SPT","quantity":"100.130286","price":"0.00290100","timestamp":1646266911,"volume":"0.29047796","buyTxId":"d084ece4a778ec89660bd4259c94fec7528b06fa","sellTxId":"9de587cbc398ac247163cd118bcf438f18c476a8"}
{"index": {"_index":"spt","_id":"2895179"}}
	{"id":2895179,"type":"sell","buyer":"sbi-tokens","seller":"bobthebuilder2","symbol":"SPT","quantity":"18.140156","price":"0.00290000","timestamp":1646267259,"volume":"0.05260645","buyTxId":"6db760fd738322828c62f54d511e678e3edc847e","sellTxId":"69b38e8cf5e453810660ab414c351912aad6ce6f"}
{"index": {"_index":"spt","_id":"2895272"}}
	{"id":2895272,"type":"sell","buyer":"multifurcate","seller":"dhedge-drips","symbol":"SPT","quantity":"0.002535","price":"0.00290100","timestamp":1646268378,"volume":"0.00000735","buyTxId":"ce0e882080eb126b0c1dc78b6b2ecce69ab1db1c","sellTxId":"53c0a62aa4c011f3a034b8f259e01b22a70349a2"}
{"index": {"_index":"spt","_id":"2895641"}}
	{"id":2895641,"type":"sell","buyer":"sbi-tokens","seller":"marki99","symbol":"SPT","quantity":"115","price":"0.00290000","timestamp":1646273544,"volume":"0.33350000","buyTxId":"6db760fd738322828c62f54d511e678e3edc847e","sellTxId":"e0e559fde0ba6197a005665de8407c578611f02c"}
{"index": {"_index":"spt","_id":"2895659"}}
	{"id":2895659,"type":"sell","buyer":"sbi-tokens","seller":"eijibr","symbol":"SPT","quantity":"1355.005722","price":"0.00290000","timestamp":1646273727,"volume":"3.92951659","buyTxId":"6db760fd738322828c62f54d511e678e3edc847e","sellTxId":"74f3ba9922b451dd9579dcb46394a1b27c290976"}
{"index": {"_index":"spt","_id":"2895924"}}
	{"id":2895924,"type":"buy","buyer":"evernoticethat","seller":"mightyrocklee","symbol":"SPT","quantity":"242.085200","price":"0.00300000","timestamp":1646278197,"volume":"0.72625560","buyTxId":"6e12361a56c70a403159dedcd475931b9ebe7d67","sellTxId":"0004546e1949f1b1b82c85fb8e71b33e7d42e066"}
{"index": {"_index":"spt","_id":"2895925"}}
	{"id":2895925,"type":"buy","buyer":"evernoticethat","seller":"dhedge-drips","symbol":"SPT","quantity":"0.002535","price":"0.00300000","timestamp":1646278197,"volume":"0.00000761","buyTxId":"6e12361a56c70a403159dedcd475931b9ebe7d67","sellTxId":"0aeafb53224f67ec2670c7494012dd5192e5a57d"}
{"index": {"_index":"spt","_id":"2895926"}}
	{"id":2895926,"type":"buy","buyer":"evernoticethat","seller":"brofi-market","symbol":"SPT","quantity":"3.017250","price":"0.00309900","timestamp":1646278197,"volume":"0.00935046","buyTxId":"6e12361a56c70a403159dedcd475931b9ebe7d67","sellTxId":"b4690f6baaed1bca3a4c775aa7a7b747a175738e"}
{"index": {"_index":"spt","_id":"2895927"}}
	{"id":2895927,"type":"buy","buyer":"evernoticethat","seller":"laundrywoman","symbol":"SPT","quantity":"754.895015","price":"0.00309900","timestamp":1646278197,"volume":"2.33941965","buyTxId":"6e12361a56c70a403159dedcd475931b9ebe7d67","sellTxId":"2f461faba92ac7b618c402d1778ef4a9cf560187"}
