{"index": {"_index":"spt","_id":"2283374"}}
	{"id":2283374,"type":"sell","buyer":"muzehan","seller":"asdzxc87926","symbol":"SPT","quantity":"17.293268","price":"0.00340000","timestamp":1639540326,"volume":"0.05879711","buyTxId":"1104faae3d77490ffa2bb6a101742ceb495173bc","sellTxId":"5b0bd8f01c30bc635ec208b966b6d8deda2ac670"}
{"index": {"_index":"spt","_id":"2283535"}}
	{"id":2283535,"type":"sell","buyer":"muzehan","seller":"chireerocks","symbol":"SPT","quantity":"36.767345","price":"0.00340000","timestamp":1639541136,"volume":"0.12500897","buyTxId":"1104faae3d77490ffa2bb6a101742ceb495173bc","sellTxId":"5e77ccea8dddf7d451f4c4c59cb67098ce18cbd2"}
{"index": {"_index":"spt","_id":"2283579"}}
	{"id":2283579,"type":"sell","buyer":"muzehan","seller":"brofi-market","symbol":"SPT","quantity":"0.355984","price":"0.00340000","timestamp":1639541610,"volume":"0.00121035","buyTxId":"1104faae3d77490ffa2bb6a101742ceb495173bc","sellTxId":"79af21ee8747c1c4e08e0ca91ee318423f0a488f"}
{"index": {"_index":"spt","_id":"2283593"}}
	{"id":2283593,"type":"buy","buyer":"chireerocks","seller":"laundrywoman","symbol":"SPT","quantity":"1248.295981","price":"0.00361999","timestamp":1639541700,"volume":"4.51881897","buyTxId":"e4b5dc6e3ff554ad15da896106d3508c1514ef1f","sellTxId":"ce21e80ceb877ca4831d68567dcf6f0a51b8024e"}
{"index": {"_index":"spt","_id":"2283665"}}
	{"id":2283665,"type":"sell","buyer":"muzehan","seller":"felipejoys","symbol":"SPT","quantity":"945.583403","price":"0.00340000","timestamp":1639542711,"volume":"3.21498357","buyTxId":"1104faae3d77490ffa2bb6a101742ceb495173bc","sellTxId":"c8625774e7172d2b90426ab2cce8a6d4380c61e5"}
{"index": {"_index":"spt","_id":"2283666"}}
	{"id":2283666,"type":"sell","buyer":"granddaddies","seller":"felipejoys","symbol":"SPT","quantity":"649.416597","price":"0.00333005","timestamp":1639542711,"volume":"2.16258974","buyTxId":"af5f00f6948a1de93365a101ffde85e02a84cab1","sellTxId":"c8625774e7172d2b90426ab2cce8a6d4380c61e5"}
{"index": {"_index":"spt","_id":"2283973"}}
	{"id":2283973,"type":"sell","buyer":"granddaddies","seller":"steem82868","symbol":"SPT","quantity":"3.246053","price":"0.00333005","timestamp":1639545714,"volume":"0.01080952","buyTxId":"af5f00f6948a1de93365a101ffde85e02a84cab1","sellTxId":"df99e3e43cd6c2a4226dca2239fd15c42bbd8443"}
{"index": {"_index":"spt","_id":"2284047"}}
	{"id":2284047,"type":"sell","buyer":"granddaddies","seller":"mysteriousguy","symbol":"SPT","quantity":"4.912900","price":"0.00333005","timestamp":1639546272,"volume":"0.01636020","buyTxId":"af5f00f6948a1de93365a101ffde85e02a84cab1","sellTxId":"eeb8baf5df813f0633caca60245d01d531da449f"}
{"index": {"_index":"spt","_id":"2284100"}}
	{"id":2284100,"type":"sell","buyer":"granddaddies","seller":"mercurial9","symbol":"SPT","quantity":"176.245209","price":"0.00333005","timestamp":1639546992,"volume":"0.58690536","buyTxId":"af5f00f6948a1de93365a101ffde85e02a84cab1","sellTxId":"4a398383426c931baa13aee7cd04f3085c06cdcc"}
{"index": {"_index":"spt","_id":"2284202"}}
	{"id":2284202,"type":"sell","buyer":"granddaddies","seller":"knightsunited","symbol":"SPT","quantity":"1216.636819","price":"0.00333005","timestamp":1639547742,"volume":"4.05146144","buyTxId":"af5f00f6948a1de93365a101ffde85e02a84cab1","sellTxId":"6abfb3481117b4bfd06f633e040f71c67743305e"}
{"index": {"_index":"spt","_id":"2284595"}}
	{"id":2284595,"type":"sell","buyer":"granddaddies","seller":"cristina-zac","symbol":"SPT","quantity":"277.000000","price":"0.00333005","timestamp":1639550637,"volume":"0.92242385","buyTxId":"af5f00f6948a1de93365a101ffde85e02a84cab1","sellTxId":"61a0a53ef6d5b1fbee188eb08f2b116b0040e0d4"}
{"index": {"_index":"spt","_id":"2284641"}}
	{"id":2284641,"type":"sell","buyer":"granddaddies","seller":"dhedge-drips","symbol":"SPT","quantity":"0.033373","price":"0.00333005","timestamp":1639550772,"volume":"0.00011113","buyTxId":"af5f00f6948a1de93365a101ffde85e02a84cab1","sellTxId":"1be7f4ac78155de406e68c8f33130dfb83565cae"}
{"index": {"_index":"spt","_id":"2284727"}}
	{"id":2284727,"type":"buy","buyer":"dswap","seller":"mango-juice","symbol":"SPT","quantity":"0.998033","price":"0.00361490","timestamp":1639551306,"volume":"0.00360779","buyTxId":"d408cb8f12d5627ff1dc14f122717a1bec058585","sellTxId":"c9c7455dacf72d13e2d0a799e93db645d9c74b0e"}
{"index": {"_index":"spt","_id":"2284904"}}
	{"id":2284904,"type":"buy","buyer":"dswap","seller":"mango-juice","symbol":"SPT","quantity":"8.388160","price":"0.00361490","timestamp":1639552773,"volume":"0.03032236","buyTxId":"924442283df8e5353d449de555fcf89e608ed0e4","sellTxId":"c9c7455dacf72d13e2d0a799e93db645d9c74b0e"}
{"index": {"_index":"spt","_id":"2284968"}}
	{"id":2284968,"type":"buy","buyer":"dswap","seller":"mango-juice","symbol":"SPT","quantity":"48.545713","price":"0.00361490","timestamp":1639553451,"volume":"0.17548790","buyTxId":"bf8e79b7f16f6897990dc7e3aa5d535a7ad80ab1","sellTxId":"c9c7455dacf72d13e2d0a799e93db645d9c74b0e"}
{"index": {"_index":"spt","_id":"2285163"}}
	{"id":2285163,"type":"buy","buyer":"nuthman","seller":"mango-juice","symbol":"SPT","quantity":"2755.000000","price":"0.00361490","timestamp":1639555206,"volume":"9.95904950","buyTxId":"9e64acdd235f15e60d49e1312b96970081983e2c","sellTxId":"c9c7455dacf72d13e2d0a799e93db645d9c74b0e"}
{"index": {"_index":"spt","_id":"2285180"}}
	{"id":2285180,"type":"buy","buyer":"nuthman","seller":"mango-juice","symbol":"SPT","quantity":"4.400000","price":"0.00361490","timestamp":1639555326,"volume":"0.01590556","buyTxId":"a2b2b52a622b129fc7de0ee7945c1e1689c23a6d","sellTxId":"c9c7455dacf72d13e2d0a799e93db645d9c74b0e"}
{"index": {"_index":"spt","_id":"2285197"}}
	{"id":2285197,"type":"sell","buyer":"granddaddies","seller":"luckbound","symbol":"SPT","quantity":"1.715688","price":"0.00333005","timestamp":1639555509,"volume":"0.00571333","buyTxId":"af5f00f6948a1de93365a101ffde85e02a84cab1","sellTxId":"fe0bebdf23311210b39f57f53766b9a9f3bb5203"}
{"index": {"_index":"spt","_id":"2285253"}}
	{"id":2285253,"type":"buy","buyer":"captainquack22","seller":"mango-juice","symbol":"SPT","quantity":"560.682078","price":"0.00361490","timestamp":1639555779,"volume":"2.02680964","buyTxId":"02c860a70b8085173ddcb76b247b8f75f540fee5","sellTxId":"c9c7455dacf72d13e2d0a799e93db645d9c74b0e"}
{"index": {"_index":"spt","_id":"2285254"}}
	{"id":2285254,"type":"buy","buyer":"captainquack22","seller":"dhedge-drips","symbol":"SPT","quantity":"0.033373","price":"0.00361490","timestamp":1639555779,"volume":"0.00012064","buyTxId":"02c860a70b8085173ddcb76b247b8f75f540fee5","sellTxId":"bf6672a73a783ebf217ebabb1d167e87094078bc"}
{"index": {"_index":"spt","_id":"2285255"}}
	{"id":2285255,"type":"buy","buyer":"captainquack22","seller":"brofi-market","symbol":"SPT","quantity":"0.355984","price":"0.00361999","timestamp":1639555779,"volume":"0.00128866","buyTxId":"02c860a70b8085173ddcb76b247b8f75f540fee5","sellTxId":"8aad4041d731d226a4442537cd9d61597a04fe96"}
{"index": {"_index":"spt","_id":"2285256"}}
	{"id":2285256,"type":"buy","buyer":"captainquack22","seller":"kojiri","symbol":"SPT","quantity":"215.000000","price":"0.00362000","timestamp":1639555779,"volume":"0.77830000","buyTxId":"02c860a70b8085173ddcb76b247b8f75f540fee5","sellTxId":"984269dcaad0db6dba580c58627fbdb32af890bc"}
{"index": {"_index":"spt","_id":"2285257"}}
	{"id":2285257,"type":"buy","buyer":"captainquack22","seller":"dhedge-drips","symbol":"SPT","quantity":"0.021994","price":"0.00362894","timestamp":1639555779,"volume":"0.00007981","buyTxId":"02c860a70b8085173ddcb76b247b8f75f540fee5","sellTxId":"ad050af3d6daf097c607ca5783703fe8d74cba6b"}
{"index": {"_index":"spt","_id":"2285258"}}
	{"id":2285258,"type":"buy","buyer":"captainquack22","seller":"laundrywoman","symbol":"SPT","quantity":"1155.544387","price":"0.00362894","timestamp":1639555779,"volume":"4.19340125","buyTxId":"02c860a70b8085173ddcb76b247b8f75f540fee5","sellTxId":"9b13f92272f36f69c413ff2d752c84f93a60638f"}
{"index": {"_index":"spt","_id":"2285289"}}
	{"id":2285289,"type":"sell","buyer":"granddaddies","seller":"brofi-market","symbol":"SPT","quantity":"0.403675","price":"0.00333005","timestamp":1639555947,"volume":"0.00134426","buyTxId":"af5f00f6948a1de93365a101ffde85e02a84cab1","sellTxId":"391776e4cee411a616ae71a96f7270a274c39b3a"}
{"index": {"_index":"spt","_id":"2285290"}}
	{"id":2285290,"type":"buy","buyer":"tepetolkks","seller":"laundrywoman","symbol":"SPT","quantity":"2450.000000","price":"0.00362894","timestamp":1639555947,"volume":"8.89090300","buyTxId":"25913941e99641d59e3f275dc890df5e5fe85758","sellTxId":"9b13f92272f36f69c413ff2d752c84f93a60638f"}
{"index": {"_index":"spt","_id":"2285487"}}
	{"id":2285487,"type":"buy","buyer":"dswap","seller":"laundrywoman","symbol":"SPT","quantity":"4.411569","price":"0.00362894","timestamp":1639557357,"volume":"0.01600932","buyTxId":"47dd849373dab44b4cb625e0496d0d03ec394cdb","sellTxId":"9b13f92272f36f69c413ff2d752c84f93a60638f"}
{"index": {"_index":"spt","_id":"2285718"}}
	{"id":2285718,"type":"sell","buyer":"granddaddies","seller":"fullcoverbetting","symbol":"SPT","quantity":"57.927658","price":"0.00333005","timestamp":1639560042,"volume":"0.19290200","buyTxId":"af5f00f6948a1de93365a101ffde85e02a84cab1","sellTxId":"c9da59c33cf8c3bfd3aa806c01d892256fc08243"}
{"index": {"_index":"spt","_id":"2285742"}}
	{"id":2285742,"type":"sell","buyer":"granddaddies","seller":"eforucom","symbol":"SPT","quantity":"24.487536","price":"0.00333005","timestamp":1639560159,"volume":"0.08154472","buyTxId":"af5f00f6948a1de93365a101ffde85e02a84cab1","sellTxId":"e94dbdb3431d6401202e07866e727abd79d7bd74"}
{"index": {"_index":"spt","_id":"2286014"}}
	{"id":2286014,"type":"buy","buyer":"marketroll","seller":"brofi-market","symbol":"SPT","quantity":"0.403675","price":"0.00362894","timestamp":1639562898,"volume":"0.00146491","buyTxId":"b8e2492b03ba62c43caef6ebc44fa43d14c8e4fd","sellTxId":"2eaa90055f1f78029adf691483b65f1b63a8af30"}
{"index": {"_index":"spt","_id":"2286015"}}
	{"id":2286015,"type":"buy","buyer":"marketroll","seller":"laundrywoman","symbol":"SPT","quantity":"9999.596325","price":"0.00362894","timestamp":1639562898,"volume":"36.28793509","buyTxId":"b8e2492b03ba62c43caef6ebc44fa43d14c8e4fd","sellTxId":"5e37dc63535e497faa89b5737e574ffda5ee3996"}
{"index": {"_index":"spt","_id":"2286224"}}
	{"id":2286224,"type":"sell","buyer":"granddaddies","seller":"tanguero","symbol":"SPT","quantity":"990.056944","price":"0.00333005","timestamp":1639565082,"volume":"3.29693913","buyTxId":"05cc199b5526b58d1e4249a4e5388a470eb4ca05","sellTxId":"1916649c2d0f470c0f72d44df735e792c33ddb6f"}
{"index": {"_index":"spt","_id":"2286353"}}
	{"id":2286353,"type":"sell","buyer":"granddaddies","seller":"m0rph","symbol":"SPT","quantity":"5.657193","price":"0.00333005","timestamp":1639566861,"volume":"0.01883874","buyTxId":"05cc199b5526b58d1e4249a4e5388a470eb4ca05","sellTxId":"694aae6f5b44b3c3e57cefab921fd6d9e49bc568"}
{"index": {"_index":"spt","_id":"2286497"}}
	{"id":2286497,"type":"sell","buyer":"granddaddies","seller":"theclasser1","symbol":"SPT","quantity":"44.395170","price":"0.00333005","timestamp":1639568280,"volume":"0.14783814","buyTxId":"05cc199b5526b58d1e4249a4e5388a470eb4ca05","sellTxId":"b769f15d80eec3e9c7476aab682f31ef5520e148"}
{"index": {"_index":"spt","_id":"2286754"}}
	{"id":2286754,"type":"sell","buyer":"desro","seller":"brofi-market","symbol":"SPT","quantity":"0.379686","price":"0.00333004","timestamp":1639570482,"volume":"0.00126437","buyTxId":"bbfc7d2619c96b98ead3bc587286e1ea1a7b41b7","sellTxId":"883a85635b5624d8bb3cbbd6871ca6bc5f52114e"}
{"index": {"_index":"spt","_id":"2286825"}}
	{"id":2286825,"type":"buy","buyer":"drunksamurai","seller":"laundrywoman","symbol":"SPT","quantity":"100.000000","price":"0.00362894","timestamp":1639571187,"volume":"0.36289400","buyTxId":"18d0de1cfceb0040342e97ffbf11c02b9c8a81ad","sellTxId":"5e37dc63535e497faa89b5737e574ffda5ee3996"}
{"index": {"_index":"spt","_id":"2286881"}}
	{"id":2286881,"type":"buy","buyer":"dswap","seller":"laundrywoman","symbol":"SPT","quantity":"58.617951","price":"0.00362894","timestamp":1639571496,"volume":"0.21272103","buyTxId":"a3eda6bd1698490725990d38551b35d78c737001","sellTxId":"5e37dc63535e497faa89b5737e574ffda5ee3996"}
{"index": {"_index":"spt","_id":"2286968"}}
	{"id":2286968,"type":"sell","buyer":"desro","seller":"dhedge-drips","symbol":"SPT","quantity":"0.073439","price":"0.00333004","timestamp":1639572369,"volume":"0.00024455","buyTxId":"bbfc7d2619c96b98ead3bc587286e1ea1a7b41b7","sellTxId":"1c63ddfba352de8abf33a0b542e12bdc7a72189c"}
{"index": {"_index":"spt","_id":"2286991"}}
	{"id":2286991,"type":"sell","buyer":"desro","seller":"elricmoonslayer","symbol":"SPT","quantity":"410.000000","price":"0.00333004","timestamp":1639572543,"volume":"1.36531640","buyTxId":"bbfc7d2619c96b98ead3bc587286e1ea1a7b41b7","sellTxId":"ba4ac806a5cb3f14f3f0c63a0015b1fa5f382466"}
{"index": {"_index":"spt","_id":"2287558"}}
	{"id":2287558,"type":"sell","buyer":"desro","seller":"dswap","symbol":"SPT","quantity":"6.84","price":"0.00333004","timestamp":1639575717,"volume":"0.02277747","buyTxId":"bbfc7d2619c96b98ead3bc587286e1ea1a7b41b7","sellTxId":"4ffae77489d548de4617478669f4ba52864b2e48"}
{"index": {"_index":"spt","_id":"2287559"}}
	{"id":2287559,"type":"sell","buyer":"desro","seller":"theclasser1","symbol":"SPT","quantity":"82.404417","price":"0.00333004","timestamp":1639575726,"volume":"0.27441000","buyTxId":"bbfc7d2619c96b98ead3bc587286e1ea1a7b41b7","sellTxId":"d9c1ec9b45c9aa28065fce159c1e7a45aed0f71c"}
{"index": {"_index":"spt","_id":"2287560"}}
	{"id":2287560,"type":"sell","buyer":"toothsome","seller":"theclasser1","symbol":"SPT","quantity":"52.520667","price":"0.00333004","timestamp":1639575726,"volume":"0.17489592","buyTxId":"b3f763d4c0d91016e451c63b7eb8ec1affe4e705","sellTxId":"d9c1ec9b45c9aa28065fce159c1e7a45aed0f71c"}
{"index": {"_index":"spt","_id":"2287771"}}
	{"id":2287771,"type":"sell","buyer":"toothsome","seller":"lazybug","symbol":"SPT","quantity":"52.479333","price":"0.00333004","timestamp":1639577943,"volume":"0.17475828","buyTxId":"b3f763d4c0d91016e451c63b7eb8ec1affe4e705","sellTxId":"f3cae9ec079c34180241b2ef5813880b159849a5"}
{"index": {"_index":"spt","_id":"2287772"}}
	{"id":2287772,"type":"sell","buyer":"druidsblood","seller":"lazybug","symbol":"SPT","quantity":"7645.032349","price":"0.00333002","timestamp":1639577943,"volume":"25.45811062","buyTxId":"b88c0f0c36a00ee8e2047db5debc14dc8f1a296b","sellTxId":"f3cae9ec079c34180241b2ef5813880b159849a5"}
{"index": {"_index":"spt","_id":"2288064"}}
	{"id":2288064,"type":"sell","buyer":"shishiz","seller":"chekohler","symbol":"SPT","quantity":"0.301172","price":"0.00333003","timestamp":1639580034,"volume":"0.00100291","buyTxId":"299cf3d246c01126bd86edaf437dd18be741d497","sellTxId":"58ab9694930252edf02bb21a473cc36f823f1b2f"}
{"index": {"_index":"spt","_id":"2288112"}}
	{"id":2288112,"type":"sell","buyer":"shishiz","seller":"iceman23","symbol":"SPT","quantity":"18.559415","price":"0.00333003","timestamp":1639580361,"volume":"0.06180341","buyTxId":"299cf3d246c01126bd86edaf437dd18be741d497","sellTxId":"488a47c104562607bb68a61afc87b8eb701fb843"}
{"index": {"_index":"spt","_id":"2288292"}}
	{"id":2288292,"type":"sell","buyer":"shishiz","seller":"steem82868","symbol":"SPT","quantity":"8.244541","price":"0.00333003","timestamp":1639581855,"volume":"0.02745457","buyTxId":"299cf3d246c01126bd86edaf437dd18be741d497","sellTxId":"9e2c45e5d3075d5c9a2458ef1d3459449cf3d144"}
{"index": {"_index":"spt","_id":"2288508"}}
	{"id":2288508,"type":"sell","buyer":"shishiz","seller":"dkid14","symbol":"SPT","quantity":"2972.894872","price":"0.00333003","timestamp":1639583211,"volume":"9.89982911","buyTxId":"299cf3d246c01126bd86edaf437dd18be741d497","sellTxId":"9a1d227674d9479c2a3cb1bf4d4bb6a39e0d623f"}
{"index": {"_index":"spt","_id":"2288509"}}
	{"id":2288509,"type":"sell","buyer":"druidsblood","seller":"dkid14","symbol":"SPT","quantity":"2353.967651","price":"0.00333002","timestamp":1639583211,"volume":"7.83875936","buyTxId":"b88c0f0c36a00ee8e2047db5debc14dc8f1a296b","sellTxId":"9a1d227674d9479c2a3cb1bf4d4bb6a39e0d623f"}
{"index": {"_index":"spt","_id":"2288510"}}
	{"id":2288510,"type":"sell","buyer":"quan-t","seller":"dkid14","symbol":"SPT","quantity":"460.000000","price":"0.00333001","timestamp":1639583211,"volume":"1.53180460","buyTxId":"74351e41fd31d0d7427203ce0b3b1ea0b2d4f67e","sellTxId":"9a1d227674d9479c2a3cb1bf4d4bb6a39e0d623f"}
{"index": {"_index":"spt","_id":"2288511"}}
	{"id":2288511,"type":"sell","buyer":"granddaddies","seller":"dkid14","symbol":"SPT","quantity":"43244.028576","price":"0.00282001","timestamp":1639583211,"volume":"121.94859302","buyTxId":"751086cfd279736aaf731fc6d38c6f385f1c814e","sellTxId":"9a1d227674d9479c2a3cb1bf4d4bb6a39e0d623f"}
{"index": {"_index":"spt","_id":"2288691"}}
	{"id":2288691,"type":"sell","buyer":"granddaddies","seller":"brofi-market","symbol":"SPT","quantity":"0.413785","price":"0.00282001","timestamp":1639584765,"volume":"0.00116688","buyTxId":"751086cfd279736aaf731fc6d38c6f385f1c814e","sellTxId":"e6b42651728c392d14a5718cd92c000957a20cc0"}
{"index": {"_index":"spt","_id":"2288780"}}
	{"id":2288780,"type":"buy","buyer":"masterzuriel11","seller":"brofi-market","symbol":"SPT","quantity":"0.379686","price":"0.00362894","timestamp":1639585800,"volume":"0.00137786","buyTxId":"3484e86143b3f3a9cfa15a5acc6a57a24e659535","sellTxId":"05ccb7eef970e039e4d1b2223c083fa31e8c9e04"}
{"index": {"_index":"spt","_id":"2288781"}}
	{"id":2288781,"type":"buy","buyer":"masterzuriel11","seller":"dhedge-drips","symbol":"SPT","quantity":"0.073439","price":"0.00362894","timestamp":1639585800,"volume":"0.00026651","buyTxId":"3484e86143b3f3a9cfa15a5acc6a57a24e659535","sellTxId":"44d8c80e9e38e7fe76968bafcd585233d744e23b"}
{"index": {"_index":"spt","_id":"2288782"}}
	{"id":2288782,"type":"buy","buyer":"masterzuriel11","seller":"brofi-market","symbol":"SPT","quantity":"0.413785","price":"0.00362894","timestamp":1639585800,"volume":"0.00150160","buyTxId":"3484e86143b3f3a9cfa15a5acc6a57a24e659535","sellTxId":"747b70c780b74586812559f94e33d65990c1d613"}
{"index": {"_index":"spt","_id":"2288783"}}
	{"id":2288783,"type":"buy","buyer":"masterzuriel11","seller":"laundrywoman","symbol":"SPT","quantity":"1967.865367","price":"0.00362894","timestamp":1639585800,"volume":"7.14126534","buyTxId":"3484e86143b3f3a9cfa15a5acc6a57a24e659535","sellTxId":"7262c20f12f99f22260bec142eec095fd4b62805"}
{"index": {"_index":"spt","_id":"2288788"}}
	{"id":2288788,"type":"sell","buyer":"granddaddies","seller":"hiveexplorers","symbol":"SPT","quantity":"248.874285","price":"0.00282001","timestamp":1639585839,"volume":"0.70182797","buyTxId":"273f06a4d3392faa5959be5ee8369befca87c50b","sellTxId":"6338f0872914990f263d295f2dc028f25a3d978c"}
{"index": {"_index":"spt","_id":"2288796"}}
	{"id":2288796,"type":"buy","buyer":"filuris","seller":"laundrywoman","symbol":"SPT","quantity":"5.536487","price":"0.00362894","timestamp":1639585923,"volume":"0.02009158","buyTxId":"825ceedaaf02cd18489064c76ed1e56ce9fd6b4d","sellTxId":"7262c20f12f99f22260bec142eec095fd4b62805"}
{"index": {"_index":"spt","_id":"2288806"}}
	{"id":2288806,"type":"sell","buyer":"granddaddies","seller":"masterzuriel11","symbol":"SPT","quantity":"1968.732277","price":"0.00282001","timestamp":1639586001,"volume":"5.55184471","buyTxId":"273f06a4d3392faa5959be5ee8369befca87c50b","sellTxId":"2cdfaf6d39cc71c1d6ae8194a2cf5a98ba747217"}
{"index": {"_index":"spt","_id":"2288951"}}
	{"id":2288951,"type":"sell","buyer":"granddaddies","seller":"rob23hive","symbol":"SPT","quantity":"325.894336","price":"0.00283001","timestamp":1639587183,"volume":"0.92228423","buyTxId":"21327b621cf02ddd51a95d2febcf5369f3f39538","sellTxId":"fba9ec836e6adc918b2c906168637f3547b00cb9"}
{"index": {"_index":"spt","_id":"2289088"}}
	{"id":2289088,"type":"sell","buyer":"granddaddies","seller":"udontknowm3","symbol":"SPT","quantity":"294.173809","price":"0.00283001","timestamp":1639588128,"volume":"0.83251482","buyTxId":"21327b621cf02ddd51a95d2febcf5369f3f39538","sellTxId":"4f51c224469980f0c97b2949cc83d624c6835da4"}
{"index": {"_index":"spt","_id":"2289195"}}
	{"id":2289195,"type":"sell","buyer":"granddaddies","seller":"eforucom","symbol":"SPT","quantity":"6.156431","price":"0.00283001","timestamp":1639588803,"volume":"0.01742276","buyTxId":"21327b621cf02ddd51a95d2febcf5369f3f39538","sellTxId":"c3dc2591d5c4820e0d6e84b727fb35844782fa6c"}
{"index": {"_index":"spt","_id":"2289287"}}
	{"id":2289287,"type":"buy","buyer":"samarek69","seller":"laundrywoman","symbol":"SPT","quantity":"0.793100","price":"0.00359999","timestamp":1639589589,"volume":"0.00285515","buyTxId":"ac2e3aa491463163ba8540a60c854e40636bfef4","sellTxId":"f1268c66999875b990c4cc1a49340fca39a85122"}
{"index": {"_index":"spt","_id":"2289470"}}
	{"id":2289470,"type":"buy","buyer":"senstless","seller":"dubble.eth","symbol":"SPT","quantity":"58.759176","price":"0.00349999","timestamp":1639591146,"volume":"0.20565653","buyTxId":"7f45cea924d2523e5e9b1f41787c741b45153fa7","sellTxId":"66ca68f13c177d2c2fbf964b228b11e096f0a7e0"}
{"index": {"_index":"spt","_id":"2289473"}}
	{"id":2289473,"type":"sell","buyer":"senstless","seller":"laundrywoman","symbol":"SPT","quantity":"1341.240824","price":"0.00359999","timestamp":1639591164,"volume":"4.82845355","buyTxId":"7f45cea924d2523e5e9b1f41787c741b45153fa7","sellTxId":"d2509a02d7d242c793c84644b77b1ef664b4b8d6"}
{"index": {"_index":"spt","_id":"2289509"}}
	{"id":2289509,"type":"sell","buyer":"granddaddies","seller":"stever82","symbol":"SPT","quantity":"1000.000000","price":"0.00283001","timestamp":1639591533,"volume":"2.83001000","buyTxId":"21327b621cf02ddd51a95d2febcf5369f3f39538","sellTxId":"8dc4fbb3f82f7f86ca3d8d62c88a8a235e126811"}
{"index": {"_index":"spt","_id":"2289750"}}
	{"id":2289750,"type":"sell","buyer":"granddaddies","seller":"marvinix","symbol":"SPT","quantity":"5.436552","price":"0.00283001","timestamp":1639593798,"volume":"0.01538550","buyTxId":"21327b621cf02ddd51a95d2febcf5369f3f39538","sellTxId":"edf041461056d49cdc11c06ccf4fd810d4df0b02"}
{"index": {"_index":"spt","_id":"2289767"}}
	{"id":2289767,"type":"sell","buyer":"granddaddies","seller":"dhedge-drips","symbol":"SPT","quantity":"0.035995","price":"0.00283001","timestamp":1639593954,"volume":"0.00010187","buyTxId":"21327b621cf02ddd51a95d2febcf5369f3f39538","sellTxId":"cf2822c035404405d8e13cd2ae67e73297c167ab"}
{"index": {"_index":"spt","_id":"2289804"}}
	{"id":2289804,"type":"buy","buyer":"bananofarmer","seller":"dbroze","symbol":"SPT","quantity":"296.481012","price":"0.00333000","timestamp":1639594170,"volume":"0.98728177","buyTxId":"0c30decd3548f9ebea7523cbae029b43744ab571","sellTxId":"0a847af2135de07d3d089c7c5d810b7e4ab3b710"}
{"index": {"_index":"spt","_id":"2289837"}}
	{"id":2289837,"type":"buy","buyer":"jongolson","seller":"dbroze","symbol":"SPT","quantity":"964.084244","price":"0.00333000","timestamp":1639594392,"volume":"3.21040053","buyTxId":"ea9de43786765e3590bea45890ee4a2a815c472e","sellTxId":"0a847af2135de07d3d089c7c5d810b7e4ab3b710"}
{"index": {"_index":"spt","_id":"2289838"}}
	{"id":2289838,"type":"buy","buyer":"jongolson","seller":"dhedge-drips","symbol":"SPT","quantity":"0.035995","price":"0.00333000","timestamp":1639594392,"volume":"0.00011986","buyTxId":"ea9de43786765e3590bea45890ee4a2a815c472e","sellTxId":"58c460ed759203e279e8a599cff6658d0879cdfa"}
{"index": {"_index":"spt","_id":"2289839"}}
	{"id":2289839,"type":"sell","buyer":"jongolson","seller":"laundrywoman","symbol":"SPT","quantity":"35.879761","price":"0.00333000","timestamp":1639594407,"volume":"0.11947960","buyTxId":"ea9de43786765e3590bea45890ee4a2a815c472e","sellTxId":"286cf0685dd7e74c658adc0144dab88b0a1ed6b0"}
{"index": {"_index":"spt","_id":"2290003"}}
	{"id":2290003,"type":"sell","buyer":"granddaddies","seller":"mvl2304","symbol":"SPT","quantity":"1759.586355","price":"0.00283001","timestamp":1639596240,"volume":"4.97964698","buyTxId":"21327b621cf02ddd51a95d2febcf5369f3f39538","sellTxId":"a3540b704df19cce9e1746818ce5bf185b5b7f23"}
{"index": {"_index":"spt","_id":"2290011"}}
	{"id":2290011,"type":"sell","buyer":"granddaddies","seller":"m0rph","symbol":"SPT","quantity":"12.756443","price":"0.00283001","timestamp":1639596309,"volume":"0.03610086","buyTxId":"21327b621cf02ddd51a95d2febcf5369f3f39538","sellTxId":"b7ef5e2f51a1d42e5c0b3a57821b9354f6008878"}
{"index": {"_index":"spt","_id":"2290188"}}
	{"id":2290188,"type":"sell","buyer":"granddaddies","seller":"chekohler","symbol":"SPT","quantity":"0.131193","price":"0.00283001","timestamp":1639597638,"volume":"0.00037128","buyTxId":"21327b621cf02ddd51a95d2febcf5369f3f39538","sellTxId":"af047b85a3124271b3332213c27c568df7771fd4"}
{"index": {"_index":"spt","_id":"2290392"}}
	{"id":2290392,"type":"sell","buyer":"granddaddies","seller":"brofi-market","symbol":"SPT","quantity":"0.321315","price":"0.00283001","timestamp":1639599327,"volume":"0.00090932","buyTxId":"21327b621cf02ddd51a95d2febcf5369f3f39538","sellTxId":"66840b6ed27594de000adb9c136dae27838dd9e8"}
{"index": {"_index":"spt","_id":"2290402"}}
	{"id":2290402,"type":"buy","buyer":"dswap","seller":"laundrywoman","symbol":"SPT","quantity":"2569.173803","price":"0.00359999","timestamp":1639599393,"volume":"9.249","buyTxId":"a26843ebe0c9038c4ae5fe6a33c7ec2c414395cf","sellTxId":"c81c12a36b949c47fd39354ff53c68abfe606ffb"}
{"index": {"_index":"spt","_id":"2290474"}}
	{"id":2290474,"type":"sell","buyer":"granddaddies","seller":"dswap","symbol":"SPT","quantity":"2569.173803","price":"0.00283001","timestamp":1639599714,"volume":"7.27078755","buyTxId":"21327b621cf02ddd51a95d2febcf5369f3f39538","sellTxId":"a4e734978ee3ab7101fbb40001a962fc4c2f454a"}
{"index": {"_index":"spt","_id":"2290635"}}
	{"id":2290635,"type":"sell","buyer":"granddaddies","seller":"dswap","symbol":"SPT","quantity":"85","price":"0.00283001","timestamp":1639600620,"volume":"0.24055085","buyTxId":"21327b621cf02ddd51a95d2febcf5369f3f39538","sellTxId":"a00a15062930a6999909dede93d50885d7fffda2"}
{"index": {"_index":"spt","_id":"2291307"}}
	{"id":2291307,"type":"buy","buyer":"fighter4-freedom","seller":"laundrywoman","symbol":"SPT","quantity":"2943.000000","price":"0.00349999","timestamp":1639604868,"volume":"10.30047057","buyTxId":"8b605e5d0aeeb2f40394b8a382c2b99f87a436ac","sellTxId":"b1e2ad604fd9b13263d01406e6409e378e3a913a"}
{"index": {"_index":"spt","_id":"2291308"}}
	{"id":2291308,"type":"buy","buyer":"fighter4-freedom","seller":"laundrywoman","symbol":"SPT","quantity":"2943.000000","price":"0.00349999","timestamp":1639604868,"volume":"10.30047057","buyTxId":"8b605e5d0aeeb2f40394b8a382c2b99f87a436ac","sellTxId":"adcdfdd25b40d0bfb932c979fea5098379933cfa"}
{"index": {"_index":"spt","_id":"2291309"}}
	{"id":2291309,"type":"buy","buyer":"fighter4-freedom","seller":"laundrywoman","symbol":"SPT","quantity":"2943.000000","price":"0.00349999","timestamp":1639604868,"volume":"10.30047057","buyTxId":"8b605e5d0aeeb2f40394b8a382c2b99f87a436ac","sellTxId":"3afea00ef48216e179ac8e47bf67cef504861d7f"}
{"index": {"_index":"spt","_id":"2291310"}}
	{"id":2291310,"type":"buy","buyer":"fighter4-freedom","seller":"laundrywoman","symbol":"SPT","quantity":"2943.000000","price":"0.00349999","timestamp":1639604868,"volume":"10.30047057","buyTxId":"8b605e5d0aeeb2f40394b8a382c2b99f87a436ac","sellTxId":"2e9462cab5d8af522a2ce2200e1bc50c11b2e852"}
{"index": {"_index":"spt","_id":"2291311"}}
	{"id":2291311,"type":"buy","buyer":"fighter4-freedom","seller":"laundrywoman","symbol":"SPT","quantity":"8228.000000","price":"0.00349999","timestamp":1639604868,"volume":"28.79791772","buyTxId":"8b605e5d0aeeb2f40394b8a382c2b99f87a436ac","sellTxId":"43eecc1546b8c356af0362d0ea4c104b661c022c"}
{"index": {"_index":"spt","_id":"2291365"}}
	{"id":2291365,"type":"sell","buyer":"granddaddies","seller":"dswap","symbol":"SPT","quantity":"65","price":"0.00290001","timestamp":1639605498,"volume":"0.18850065","buyTxId":"527eda6ec1926fb5ead23cb9d078740556462abb","sellTxId":"f0344ff365325976291e15ce7a4d74169d6ac765"}
{"index": {"_index":"spt","_id":"2291437"}}
	{"id":2291437,"type":"sell","buyer":"granddaddies","seller":"xanonymouse","symbol":"SPT","quantity":"1.491336","price":"0.00290001","timestamp":1639606071,"volume":"0.00432489","buyTxId":"527eda6ec1926fb5ead23cb9d078740556462abb","sellTxId":"72b1ede6664618f1f0681fd86c9e0d8e7be6a32f"}
{"index": {"_index":"spt","_id":"2291443"}}
	{"id":2291443,"type":"sell","buyer":"granddaddies","seller":"carlosro","symbol":"SPT","quantity":"2179.762649","price":"0.00290001","timestamp":1639606101,"volume":"6.32133348","buyTxId":"527eda6ec1926fb5ead23cb9d078740556462abb","sellTxId":"bdfdd254f823e225848436d0d386ba9092a3338b"}
{"index": {"_index":"spt","_id":"2291501"}}
	{"id":2291501,"type":"buy","buyer":"druidsblood","seller":"laundrywoman","symbol":"SPT","quantity":"869.000000","price":"0.00349999","timestamp":1639606860,"volume":"3.04149131","buyTxId":"b85fc25bedd8e86ac464796e837b99ad2205e6f9","sellTxId":"43eecc1546b8c356af0362d0ea4c104b661c022c"}
{"index": {"_index":"spt","_id":"2291564"}}
	{"id":2291564,"type":"sell","buyer":"granddaddies","seller":"eturnerx","symbol":"SPT","quantity":"6.900","price":"0.00290001","timestamp":1639607532,"volume":"0.02001007","buyTxId":"527eda6ec1926fb5ead23cb9d078740556462abb","sellTxId":"fe88fb6de82e5ceb1b76c6bb3da4480699fe6d9a"}
{"index": {"_index":"spt","_id":"2291618"}}
	{"id":2291618,"type":"sell","buyer":"granddaddies","seller":"hiveexplorers","symbol":"SPT","quantity":"186.619130","price":"0.00290001","timestamp":1639608330,"volume":"0.54119734","buyTxId":"527eda6ec1926fb5ead23cb9d078740556462abb","sellTxId":"33f4a34109aca9960bb906542b861ed8815cbd76"}
{"index": {"_index":"spt","_id":"2291911"}}
	{"id":2291911,"type":"sell","buyer":"granddaddies","seller":"rowell","symbol":"SPT","quantity":"114.969326","price":"0.00290001","timestamp":1639611288,"volume":"0.33341220","buyTxId":"527eda6ec1926fb5ead23cb9d078740556462abb","sellTxId":"3814882b70ab5a3fc5346a3bcc9266f60ddcf140"}
{"index": {"_index":"spt","_id":"2292001"}}
	{"id":2292001,"type":"buy","buyer":"igel2017","seller":"laundrywoman","symbol":"SPT","quantity":"188.000000","price":"0.00348999","timestamp":1639612359,"volume":"0.65611812","buyTxId":"18ffe3be203cd95ea7066662f09e50160b8d2ce2","sellTxId":"0108e54f8c76cf51c7f11aed8d81bc2389f803c0"}
{"index": {"_index":"spt","_id":"2292126"}}
	{"id":2292126,"type":"sell","buyer":"granddaddies","seller":"mightyrocklee","symbol":"SPT","quantity":"800.355378","price":"0.00290001","timestamp":1639613637,"volume":"2.32103860","buyTxId":"f03ecdce571ec03d0ee96858d6c10fa42d126fc8","sellTxId":"fed9012a8b7233babf5abfc4a03709e906e11381"}
{"index": {"_index":"spt","_id":"2292146"}}
	{"id":2292146,"type":"sell","buyer":"granddaddies","seller":"brofi-market","symbol":"SPT","quantity":"4.094643","price":"0.00290001","timestamp":1639613721,"volume":"0.01187451","buyTxId":"f03ecdce571ec03d0ee96858d6c10fa42d126fc8","sellTxId":"882e4e0717f14d774d4e59846824bba06b04f460"}
{"index": {"_index":"spt","_id":"2292156"}}
	{"id":2292156,"type":"sell","buyer":"granddaddies","seller":"mightyrocklee","symbol":"SPT","quantity":"210.299789","price":"0.00290001","timestamp":1639613796,"volume":"0.60987149","buyTxId":"f03ecdce571ec03d0ee96858d6c10fa42d126fc8","sellTxId":"708342451e82874f5f29f6b913882644d66afc96"}
{"index": {"_index":"spt","_id":"2292342"}}
	{"id":2292342,"type":"sell","buyer":"granddaddies","seller":"dhedge-drips","symbol":"SPT","quantity":"0.046121","price":"0.00290001","timestamp":1639615596,"volume":"0.00013375","buyTxId":"f03ecdce571ec03d0ee96858d6c10fa42d126fc8","sellTxId":"291619a355260eeca273b895a7e17035158e48fc"}
{"index": {"_index":"spt","_id":"2292568"}}
	{"id":2292568,"type":"sell","buyer":"granddaddies","seller":"pogier","symbol":"SPT","quantity":"788.000000","price":"0.00290001","timestamp":1639617354,"volume":"2.28520788","buyTxId":"f03ecdce571ec03d0ee96858d6c10fa42d126fc8","sellTxId":"f4aa9a3da306456c1944604db97f320590ad9be2"}
{"index": {"_index":"spt","_id":"2292859"}}
	{"id":2292859,"type":"sell","buyer":"granddaddies","seller":"cryptolytical","symbol":"SPT","quantity":"344.562927","price":"0.00290001","timestamp":1639620009,"volume":"0.99923593","buyTxId":"f03ecdce571ec03d0ee96858d6c10fa42d126fc8","sellTxId":"d3c0746100c943ce1cda7c75dea5a4f3147d2142"}
{"index": {"_index":"spt","_id":"2292915"}}
	{"id":2292915,"type":"buy","buyer":"bananofarmer","seller":"shishiz","symbol":"SPT","quantity":"165.000000","price":"0.00310000","timestamp":1639620696,"volume":"0.51150000","buyTxId":"2e81b5e95bf5588ed8980aeb143eadc6ca8c9825","sellTxId":"df471907b56a0c14b9efe5eedb69cf9ff158bcfe"}
{"index": {"_index":"spt","_id":"2293147"}}
	{"id":2293147,"type":"sell","buyer":"granddaddies","seller":"steem82868","symbol":"SPT","quantity":"9.182439","price":"0.00290001","timestamp":1639622889,"volume":"0.02662916","buyTxId":"f03ecdce571ec03d0ee96858d6c10fa42d126fc8","sellTxId":"9d6e2b9c6be3f1da8bfd4c18bd2d678079081b79"}
{"index": {"_index":"spt","_id":"2293373"}}
	{"id":2293373,"type":"sell","buyer":"granddaddies","seller":"stever82","symbol":"SPT","quantity":"9276.611818","price":"0.00290001","timestamp":1639625067,"volume":"26.90226704","buyTxId":"f03ecdce571ec03d0ee96858d6c10fa42d126fc8","sellTxId":"42cc1af36af9221f262de7956e3977ff4efefc0e"}
