{"index": {"_index":"spt","_id":"2765854"}}
	{"id":2765854,"type":"sell","buyer":"multifurcate","seller":"tzoky","symbol":"SPT","quantity":"0.610546","price":"0.00200100","timestamp":1644715323,"volume":"0.00122170","buyTxId":"7d08ad554d282046ae269e2e3349193cdb524021","sellTxId":"cec77eb5a1879653d393325f480c4557849f7a98"}
{"index": {"_index":"spt","_id":"2765912"}}
	{"id":2765912,"type":"sell","buyer":"multifurcate","seller":"mightyrocklee","symbol":"SPT","quantity":"689.153789","price":"0.00200100","timestamp":1644716145,"volume":"1.37899673","buyTxId":"7d08ad554d282046ae269e2e3349193cdb524021","sellTxId":"28da6052a85ae8856fdbaa3b66daa063a5aab4f2"}
{"index": {"_index":"spt","_id":"2765942"}}
	{"id":2765942,"type":"sell","buyer":"multifurcate","seller":"dswap","symbol":"SPT","quantity":"409.069124","price":"0.00200100","timestamp":1644716532,"volume":"0.81854732","buyTxId":"7d08ad554d282046ae269e2e3349193cdb524021","sellTxId":"157d56aa91aca82186ad72c2711e45f329ed0785"}
{"index": {"_index":"spt","_id":"2766082"}}
	{"id":2766082,"type":"sell","buyer":"multifurcate","seller":"kennysgaminglife","symbol":"SPT","quantity":"11955.155775","price":"0.00200100","timestamp":1644719082,"volume":"23.92226671","buyTxId":"7d08ad554d282046ae269e2e3349193cdb524021","sellTxId":"6af3f125a372941e614a828dd82939ebfdc7c5af"}
{"index": {"_index":"spt","_id":"2766239"}}
	{"id":2766239,"type":"sell","buyer":"multifurcate","seller":"hurtlocker","symbol":"SPT","quantity":"3.473424","price":"0.00200100","timestamp":1644722109,"volume":"0.00695032","buyTxId":"7d08ad554d282046ae269e2e3349193cdb524021","sellTxId":"d9fbdccf268e0d4bdd9a010b0a45cc623afcc0fc"}
{"index": {"_index":"spt","_id":"2766402"}}
	{"id":2766402,"type":"sell","buyer":"multifurcate","seller":"brofi-market","symbol":"SPT","quantity":"0.252804","price":"0.00200100","timestamp":1644725415,"volume":"0.00050586","buyTxId":"5bfd1ee4ed0d8cdf6f1ab125276f33e5f402389c","sellTxId":"60c02351125af908d91aed5b2b457d1f1bd950cd"}
{"index": {"_index":"spt","_id":"2766504"}}
	{"id":2766504,"type":"sell","buyer":"multifurcate","seller":"mango-juice","symbol":"SPT","quantity":"2300.862661","price":"0.00200100","timestamp":1644727176,"volume":"4.60402618","buyTxId":"5bfd1ee4ed0d8cdf6f1ab125276f33e5f402389c","sellTxId":"21d9e6c545b3a383bc1d308deed741db2682a429"}
{"index": {"_index":"spt","_id":"2766562"}}
	{"id":2766562,"type":"sell","buyer":"multifurcate","seller":"dswap","symbol":"SPT","quantity":"20","price":"0.00200100","timestamp":1644728466,"volume":"0.04002000","buyTxId":"5bfd1ee4ed0d8cdf6f1ab125276f33e5f402389c","sellTxId":"d09e42a20dec6bd7ba18d205badcd4078dcff690"}
{"index": {"_index":"spt","_id":"2766585"}}
	{"id":2766585,"type":"buy","buyer":"ahmetay","seller":"lordtimoty","symbol":"SPT","quantity":"1800.000000","price":"0.00240000","timestamp":1644729051,"volume":"4.32000000","buyTxId":"c6c9f9b399a4197988724820082795170f65039f","sellTxId":"4406ce4562d8041d27894c61fd1d159cf13fe53f"}
{"index": {"_index":"spt","_id":"2766586"}}
	{"id":2766586,"type":"buy","buyer":"ahmetay","seller":"brofi-market","symbol":"SPT","quantity":"0.252804","price":"0.00240000","timestamp":1644729051,"volume":"0.00060673","buyTxId":"c6c9f9b399a4197988724820082795170f65039f","sellTxId":"7d8fb072b7e35cf1f98f34cb3227871caf0eec82"}
{"index": {"_index":"spt","_id":"2766606"}}
	{"id":2766606,"type":"sell","buyer":"multifurcate","seller":"merchantsguild","symbol":"SPT","quantity":"45.957725","price":"0.00200100","timestamp":1644729510,"volume":"0.09196141","buyTxId":"5bfd1ee4ed0d8cdf6f1ab125276f33e5f402389c","sellTxId":"7feddb1e375c405f557a27b56a8a69e0b2ad5fde"}
{"index": {"_index":"spt","_id":"2766639"}}
	{"id":2766639,"type":"buy","buyer":"abrockman","seller":"kitsuki","symbol":"SPT","quantity":"200.000000","price":"0.00279000","timestamp":1644730134,"volume":"0.55800000","buyTxId":"55af5e49e7fd19cf2a73bf444bfaf41111e77a9e","sellTxId":"2a3775f6839f2ce5ce6693d632beb4106f5a5340"}
{"index": {"_index":"spt","_id":"2766640"}}
	{"id":2766640,"type":"buy","buyer":"abrockman","seller":"initiate1","symbol":"SPT","quantity":"88.474736","price":"0.00280000","timestamp":1644730134,"volume":"0.24772926","buyTxId":"55af5e49e7fd19cf2a73bf444bfaf41111e77a9e","sellTxId":"febe9c2416c13b051f46081c24984684d09e1d26"}
{"index": {"_index":"spt","_id":"2766641"}}
	{"id":2766641,"type":"buy","buyer":"abrockman","seller":"beffeater","symbol":"SPT","quantity":"2182.324250","price":"0.00281100","timestamp":1644730134,"volume":"6.13451347","buyTxId":"55af5e49e7fd19cf2a73bf444bfaf41111e77a9e","sellTxId":"054f610c67562324cc223fd7ad9fc3c53d6ea71c"}
{"index": {"_index":"spt","_id":"2766642"}}
	{"id":2766642,"type":"buy","buyer":"abrockman","seller":"brofi-market","symbol":"SPT","quantity":"2.393065","price":"0.00281100","timestamp":1644730134,"volume":"0.00672691","buyTxId":"55af5e49e7fd19cf2a73bf444bfaf41111e77a9e","sellTxId":"962f67d0a966f597e569b440a2ced4b63f33ce2a"}
{"index": {"_index":"spt","_id":"2766643"}}
	{"id":2766643,"type":"buy","buyer":"abrockman","seller":"dhedge-drips","symbol":"SPT","quantity":"0.005376","price":"0.00281100","timestamp":1644730134,"volume":"0.00001511","buyTxId":"55af5e49e7fd19cf2a73bf444bfaf41111e77a9e","sellTxId":"1d6e84ee2891499043dc3c5855e4be01141a869a"}
{"index": {"_index":"spt","_id":"2766644"}}
	{"id":2766644,"type":"buy","buyer":"abrockman","seller":"he-index","symbol":"SPT","quantity":"0.036000","price":"0.00289900","timestamp":1644730134,"volume":"0.00010436","buyTxId":"55af5e49e7fd19cf2a73bf444bfaf41111e77a9e","sellTxId":"e609f8787a1d153a936a9b58e93ea03ef1db8480"}
{"index": {"_index":"spt","_id":"2766645"}}
	{"id":2766645,"type":"buy","buyer":"abrockman","seller":"laundrywoman","symbol":"SPT","quantity":"5526.766573","price":"0.00289900","timestamp":1644730134,"volume":"16.02209630","buyTxId":"55af5e49e7fd19cf2a73bf444bfaf41111e77a9e","sellTxId":"1e2f828bf05da09fe82b4d6878e3411cbc88358d"}
{"index": {"_index":"spt","_id":"2766649"}}
	{"id":2766649,"type":"buy","buyer":"abrockman","seller":"laundrywoman","symbol":"SPT","quantity":"9000.000000","price":"0.00289900","timestamp":1644730170,"volume":"26.09100000","buyTxId":"4bf0a82e0bd99f75970d82289aeabbb6ea93fc51","sellTxId":"1e2f828bf05da09fe82b4d6878e3411cbc88358d"}
{"index": {"_index":"spt","_id":"2766654"}}
	{"id":2766654,"type":"buy","buyer":"abrockman","seller":"laundrywoman","symbol":"SPT","quantity":"112238.233427","price":"0.00289900","timestamp":1644730212,"volume":"325.37863870","buyTxId":"4d6858755b941ded7ef28ece355d0ca944a5083b","sellTxId":"1e2f828bf05da09fe82b4d6878e3411cbc88358d"}
{"index": {"_index":"spt","_id":"2766673"}}
	{"id":2766673,"type":"buy","buyer":"dswap","seller":"laundrywoman","symbol":"SPT","quantity":"13.107968","price":"0.00289900","timestamp":1644730425,"volume":"0.03800000","buyTxId":"509a16bb94099eb4cd3b2758569a84953fea9367","sellTxId":"9f8b4603c37ed85a02685f83c728452ff8f0ec0b"}
{"index": {"_index":"spt","_id":"2766703"}}
	{"id":2766703,"type":"sell","buyer":"multifurcate","seller":"dswap","symbol":"SPT","quantity":"4.131306","price":"0.00201100","timestamp":1644731037,"volume":"0.00830806","buyTxId":"ef991b75fe4762a07bd9b96252d09deac30e5364","sellTxId":"e6e8ae9b93f28baade88959b0999f15a99975082"}
{"index": {"_index":"spt","_id":"2766862"}}
	{"id":2766862,"type":"sell","buyer":"multifurcate","seller":"dhedge-drips","symbol":"SPT","quantity":"0.023699","price":"0.00215100","timestamp":1644734754,"volume":"0.00005098","buyTxId":"99e4d9db8a0184aa16559e7e171f1cf74d8382c2","sellTxId":"5d64be78ee37903b2293c958dd57bf68e442f6b5"}
{"index": {"_index":"spt","_id":"2766934"}}
	{"id":2766934,"type":"buy","buyer":"silenthill268","seller":"laundrywoman","symbol":"SPT","quantity":"366.397699","price":"0.00289900","timestamp":1644735432,"volume":"1.06218693","buyTxId":"e5ab3f71317b74d52cd81e25e0db95a18154d99c","sellTxId":"be531dd1662613983e3b371486c7cfff88e1c9a3"}
{"index": {"_index":"spt","_id":"2767001"}}
	{"id":2767001,"type":"sell","buyer":"multifurcate","seller":"themarkymark","symbol":"SPT","quantity":"27.161000","price":"0.00215100","timestamp":1644736776,"volume":"0.05842331","buyTxId":"99e4d9db8a0184aa16559e7e171f1cf74d8382c2","sellTxId":"e85f7661b6d484a3cc7a548baa3241b98eef3aaf"}
{"index": {"_index":"spt","_id":"2767300"}}
	{"id":2767300,"type":"sell","buyer":"multifurcate","seller":"kererools","symbol":"SPT","quantity":"18.931758","price":"0.00215100","timestamp":1644740679,"volume":"0.04072221","buyTxId":"d79993c7382d14b7997bf1a7ac2d476a5bae3d1f","sellTxId":"ef014e98a2f8c3ee0553a98d9d732a5d783e9f47"}
{"index": {"_index":"spt","_id":"2767358"}}
	{"id":2767358,"type":"buy","buyer":"dusted","seller":"dhedge-drips","symbol":"SPT","quantity":"0.023699","price":"0.00289900","timestamp":1644741468,"volume":"0.00006870","buyTxId":"ef698b4663d0d9d2cdec128b2ba7be4bbbe2eb8a","sellTxId":"ff25ef662df143c17ca71d338e33a1aba635a956"}
{"index": {"_index":"spt","_id":"2767359"}}
	{"id":2767359,"type":"buy","buyer":"dusted","seller":"laundrywoman","symbol":"SPT","quantity":"1074.354414","price":"0.00289900","timestamp":1644741468,"volume":"3.11455345","buyTxId":"ef698b4663d0d9d2cdec128b2ba7be4bbbe2eb8a","sellTxId":"67dc8bbdc9fbf9a6e00d836fe2725c5cdb3bc7fe"}
{"index": {"_index":"spt","_id":"2767429"}}
	{"id":2767429,"type":"sell","buyer":"multifurcate","seller":"sp3ktraline","symbol":"SPT","quantity":"125.242969","price":"0.00215100","timestamp":1644742446,"volume":"0.26939763","buyTxId":"d79993c7382d14b7997bf1a7ac2d476a5bae3d1f","sellTxId":"e08dee43d581b263f9d32f8f8162d9f03debd7e6"}
{"index": {"_index":"spt","_id":"2767481"}}
	{"id":2767481,"type":"sell","buyer":"multifurcate","seller":"iceman23","symbol":"SPT","quantity":"0.382126","price":"0.00216200","timestamp":1644743262,"volume":"0.00082616","buyTxId":"8f416c2d802ad33794c73c90ec00124ab0dfdb3c","sellTxId":"67e549bddae53b8c6c10684d01da860733d8fa82"}
{"index": {"_index":"spt","_id":"2767518"}}
	{"id":2767518,"type":"buy","buyer":"taseli","seller":"saachi","symbol":"SPT","quantity":"140.000000","price":"0.00250000","timestamp":1644744039,"volume":"0.35000000","buyTxId":"7d2b36d8133fa8c704e9bbbee8d8562118a0a359","sellTxId":"6a741ec16b278e22cfd182ee5f5e64bb1364fe22"}
{"index": {"_index":"spt","_id":"2767592"}}
	{"id":2767592,"type":"buy","buyer":"dswap","seller":"master-lamps","symbol":"SPT","quantity":"0.045000","price":"0.00289899","timestamp":1644745056,"volume":"0.00013045","buyTxId":"fd5b66c8f32e832603ea10dcff0bc6ab79dc707e","sellTxId":"3ce34c6a3dac0023f053670ef4ed7a4646141f97"}
{"index": {"_index":"spt","_id":"2767593"}}
	{"id":2767593,"type":"buy","buyer":"dswap","seller":"laundrywoman","symbol":"SPT","quantity":"45.091255","price":"0.00289900","timestamp":1644745056,"volume":"0.13071955","buyTxId":"fd5b66c8f32e832603ea10dcff0bc6ab79dc707e","sellTxId":"67dc8bbdc9fbf9a6e00d836fe2725c5cdb3bc7fe"}
{"index": {"_index":"spt","_id":"2767784"}}
	{"id":2767784,"type":"sell","buyer":"vintherinvest","seller":"filuris","symbol":"SPT","quantity":"0.022727","price":"0.00233000","timestamp":1644747687,"volume":"0.00005295","buyTxId":"e66cca59b1d5b95ef9c7e60c44639b650ca9be69","sellTxId":"da1bdac2d6c090d7f623b27413328065057fde75"}
{"index": {"_index":"spt","_id":"2768030"}}
	{"id":2768030,"type":"sell","buyer":"multifurcate","seller":"tim.hendrix","symbol":"SPT","quantity":"227.838234","price":"0.00248400","timestamp":1644752061,"volume":"0.56595017","buyTxId":"82e32c4ca7b44b78e72f8d3883b5a06b0eda1e1a","sellTxId":"3aeb9e0cf16717b3c3b51f54ced4a998f432c548"}
{"index": {"_index":"spt","_id":"2768055"}}
	{"id":2768055,"type":"sell","buyer":"multifurcate","seller":"carlosro","symbol":"SPT","quantity":"1219.197697","price":"0.00250100","timestamp":1644752556,"volume":"3.04921344","buyTxId":"06a2eca0a600c8e63d5283af7c11aca1b324c6bb","sellTxId":"3f09337a97c885f4b35364a729436f59ce210881"}
{"index": {"_index":"spt","_id":"2768259"}}
	{"id":2768259,"type":"sell","buyer":"multifurcate","seller":"cwow2","symbol":"SPT","quantity":"1.625058","price":"0.00250100","timestamp":1644756231,"volume":"0.00406427","buyTxId":"06a2eca0a600c8e63d5283af7c11aca1b324c6bb","sellTxId":"0704e6868e13851d227e21140586f62e1ecfe8d7"}
{"index": {"_index":"spt","_id":"2768386"}}
	{"id":2768386,"type":"sell","buyer":"multifurcate","seller":"dswap","symbol":"SPT","quantity":"45","price":"0.00250100","timestamp":1644757509,"volume":"0.11254500","buyTxId":"963c17ed58fb57eb4101a4d769555ee9ab4be573","sellTxId":"272c9180e2a1ffe837fb40ee480e79bbe81b1d48"}
{"index": {"_index":"spt","_id":"2768587"}}
	{"id":2768587,"type":"buy","buyer":"cardrunner","seller":"kojiri","symbol":"SPT","quantity":"189.080070","price":"0.00284000","timestamp":1644760587,"volume":"0.53698740","buyTxId":"81de5677288fbde6b9530ae552a3adb8035d678b","sellTxId":"c3ebb0f21654341258a75d85a104b100b1b4ef75"}
{"index": {"_index":"spt","_id":"2768640"}}
	{"id":2768640,"type":"sell","buyer":"multifurcate","seller":"stemcuration","symbol":"SPT","quantity":"0.785000","price":"0.00250100","timestamp":1644761586,"volume":"0.00196329","buyTxId":"963c17ed58fb57eb4101a4d769555ee9ab4be573","sellTxId":"f1a85342e550a8b9fd058ce274daa8e4aaa3d62a"}
{"index": {"_index":"spt","_id":"2769174"}}
	{"id":2769174,"type":"sell","buyer":"pinkfloyd878","seller":"brofi-market","symbol":"SPT","quantity":"0.222652","price":"0.00250200","timestamp":1644768651,"volume":"0.00055708","buyTxId":"1f0dc8675a56f3edef80c778fbb0cda80e714058","sellTxId":"a2a965c62a3b6c2370734ffbb86dd17f8d2ac6c6"}
{"index": {"_index":"spt","_id":"2769264"}}
	{"id":2769264,"type":"buy","buyer":"captainquack22","seller":"ukyron3","symbol":"SPT","quantity":"504.314139","price":"0.00283950","timestamp":1644770244,"volume":"1.432","buyTxId":"80a5862d41fc55609c7da94d1c0a48889e93dc0c","sellTxId":"7155e88cc60a1e01e63bab4c91d34406f8b0c9c9"}
{"index": {"_index":"spt","_id":"2769582"}}
	{"id":2769582,"type":"sell","buyer":"pinkfloyd878","seller":"cryptojiang","symbol":"SPT","quantity":"50.000000","price":"0.00250200","timestamp":1644773352,"volume":"0.12510000","buyTxId":"1f0dc8675a56f3edef80c778fbb0cda80e714058","sellTxId":"1438a6ad322b9a990fce020a726cfb7b8a0ac89f"}
{"index": {"_index":"spt","_id":"2769744"}}
	{"id":2769744,"type":"buy","buyer":"silenthill268","seller":"ukyron3","symbol":"SPT","quantity":"1068.713122","price":"0.00283950","timestamp":1644774801,"volume":"3.03461091","buyTxId":"e24147df02f8dc85b36c634a84398fbcf7191dcd","sellTxId":"7155e88cc60a1e01e63bab4c91d34406f8b0c9c9"}
{"index": {"_index":"spt","_id":"2769968"}}
	{"id":2769968,"type":"sell","buyer":"pinkfloyd878","seller":"walkingkeys","symbol":"SPT","quantity":"194.883332","price":"0.00250200","timestamp":1644777345,"volume":"0.48759810","buyTxId":"1f0dc8675a56f3edef80c778fbb0cda80e714058","sellTxId":"f2f20e875d580bbcb7fe766cbc586430d79d2806"}
{"index": {"_index":"spt","_id":"2769981"}}
	{"id":2769981,"type":"sell","buyer":"pinkfloyd878","seller":"dudeontheweb","symbol":"SPT","quantity":"125.000000","price":"0.00250200","timestamp":1644777513,"volume":"0.31275000","buyTxId":"1f0dc8675a56f3edef80c778fbb0cda80e714058","sellTxId":"a14472e789d7d96e598d7017a7dd661545647260"}
{"index": {"_index":"spt","_id":"2770026"}}
	{"id":2770026,"type":"sell","buyer":"pinkfloyd878","seller":"dhedge-drips","symbol":"SPT","quantity":"0.020874","price":"0.00250200","timestamp":1644777993,"volume":"0.00005223","buyTxId":"1f0dc8675a56f3edef80c778fbb0cda80e714058","sellTxId":"99e706ae1579f483b6f978a9eb427872b84cbd7c"}
{"index": {"_index":"spt","_id":"2770097"}}
	{"id":2770097,"type":"sell","buyer":"pinkfloyd878","seller":"koskl","symbol":"SPT","quantity":"6.937687","price":"0.00250200","timestamp":1644778545,"volume":"0.01735809","buyTxId":"1f0dc8675a56f3edef80c778fbb0cda80e714058","sellTxId":"66a122533c8a74603788ccddb40173bf3c981e92"}
{"index": {"_index":"spt","_id":"2770123"}}
	{"id":2770123,"type":"buy","buyer":"dswap","seller":"ukyron3","symbol":"SPT","quantity":"129.543786","price":"0.00283920","timestamp":1644778860,"volume":"0.36780072","buyTxId":"247d0d7e1351974c1f1584f387c02fdf55d6cf99","sellTxId":"d76aa36930877e806643c772ac3b2a6def463053"}
{"index": {"_index":"spt","_id":"2770210"}}
	{"id":2770210,"type":"sell","buyer":"pinkfloyd878","seller":"ora-et-labora","symbol":"SPT","quantity":"122.935455","price":"0.00250200","timestamp":1644779895,"volume":"0.30758450","buyTxId":"1f0dc8675a56f3edef80c778fbb0cda80e714058","sellTxId":"6c0ef1d5495cc928ba060a4647051e32f1f74487"}
{"index": {"_index":"spt","_id":"2770281"}}
	{"id":2770281,"type":"sell","buyer":"multifurcate","seller":"h3llrais3r","symbol":"SPT","quantity":"0.188496","price":"0.00250100","timestamp":1644780732,"volume":"0.00047143","buyTxId":"963c17ed58fb57eb4101a4d769555ee9ab4be573","sellTxId":"3cb5f1d866fc062991cbede3fe501a31efe9343b"}
{"index": {"_index":"spt","_id":"2770355"}}
	{"id":2770355,"type":"buy","buyer":"gank","seller":"ora-et-labora","symbol":"SPT","quantity":"3494.140700","price":"0.00250200","timestamp":1644781860,"volume":"8.74234003","buyTxId":"4037a02b88b67a957fafde31f8351b930d5b16b3","sellTxId":"6c0ef1d5495cc928ba060a4647051e32f1f74487"}
{"index": {"_index":"spt","_id":"2770356"}}
	{"id":2770356,"type":"buy","buyer":"gank","seller":"ukyron3","symbol":"SPT","quantity":"145.344729","price":"0.00283920","timestamp":1644781860,"volume":"0.41266275","buyTxId":"4037a02b88b67a957fafde31f8351b930d5b16b3","sellTxId":"d76aa36930877e806643c772ac3b2a6def463053"}
{"index": {"_index":"spt","_id":"2770357"}}
	{"id":2770357,"type":"buy","buyer":"gank","seller":"brofi-market","symbol":"SPT","quantity":"0.222652","price":"0.00283950","timestamp":1644781860,"volume":"0.00063222","buyTxId":"4037a02b88b67a957fafde31f8351b930d5b16b3","sellTxId":"532ae03a5eb8be5bd145eee5930d2a980cf1f489"}
{"index": {"_index":"spt","_id":"2770358"}}
	{"id":2770358,"type":"buy","buyer":"gank","seller":"dhedge-drips","symbol":"SPT","quantity":"0.020874","price":"0.00283950","timestamp":1644781860,"volume":"0.00005927","buyTxId":"4037a02b88b67a957fafde31f8351b930d5b16b3","sellTxId":"8cb71fad88981b5d8bb9dd7605f5dd523a716638"}
{"index": {"_index":"spt","_id":"2770359"}}
	{"id":2770359,"type":"buy","buyer":"gank","seller":"kojiri","symbol":"SPT","quantity":"810.919930","price":"0.00284000","timestamp":1644781860,"volume":"2.30301260","buyTxId":"4037a02b88b67a957fafde31f8351b930d5b16b3","sellTxId":"c3ebb0f21654341258a75d85a104b100b1b4ef75"}
{"index": {"_index":"spt","_id":"2770360"}}
	{"id":2770360,"type":"buy","buyer":"gank","seller":"laundrywoman","symbol":"SPT","quantity":"9549.351115","price":"0.00289900","timestamp":1644781860,"volume":"27.68356888","buyTxId":"4037a02b88b67a957fafde31f8351b930d5b16b3","sellTxId":"f2501555b99be1bb7721fc1387503d7b08d9874d"}
{"index": {"_index":"spt","_id":"2770366"}}
	{"id":2770366,"type":"buy","buyer":"druidsblood","seller":"laundrywoman","symbol":"SPT","quantity":"13121.000000","price":"0.00289900","timestamp":1644781908,"volume":"38.03777900","buyTxId":"2591df1ae5a2a87758abfcbaaaa2462582dcd466","sellTxId":"f2501555b99be1bb7721fc1387503d7b08d9874d"}
{"index": {"_index":"spt","_id":"2770424"}}
	{"id":2770424,"type":"sell","buyer":"multifurcate","seller":"brofi-market","symbol":"SPT","quantity":"0.005687","price":"0.00235300","timestamp":1644782979,"volume":"0.00001338","buyTxId":"3bf94a94780b3c34127f2cb19f27d083b75be760","sellTxId":"a76e3148b8cbb315cc5048462a16ba7096e39877"}
{"index": {"_index":"spt","_id":"2770473"}}
	{"id":2770473,"type":"sell","buyer":"multifurcate","seller":"sparkyontherum","symbol":"SPT","quantity":"117","price":"0.00237500","timestamp":1644783498,"volume":"0.27787500","buyTxId":"7a6582e34428fa988926350b08b995eeaa2046f8","sellTxId":"78baabc1ba5b09d17457081dcc2537392f3704dc"}
{"index": {"_index":"spt","_id":"2770480"}}
	{"id":2770480,"type":"buy","buyer":"jongolson","seller":"laundrywoman","symbol":"SPT","quantity":"1000.000000","price":"0.00289900","timestamp":1644783579,"volume":"2.89900000","buyTxId":"7981e6b8c8f97b564e658e6c889a634a0c4ff9dd","sellTxId":"6e4bf94259051ead7f195dcb6219158bb673cfc5"}
{"index": {"_index":"spt","_id":"2770522"}}
	{"id":2770522,"type":"sell","buyer":"multifurcate","seller":"itachi24","symbol":"SPT","quantity":"1198.692096","price":"0.00239700","timestamp":1644784068,"volume":"2.87326495","buyTxId":"10fe000170d7be5eaab2a12cfbfc051afc520b57","sellTxId":"8fcfe8b2f9e3b18631d36c688df5d7358aa1560e"}
{"index": {"_index":"spt","_id":"2770704"}}
	{"id":2770704,"type":"sell","buyer":"multifurcate","seller":"itachi24","symbol":"SPT","quantity":"77.653580","price":"0.00246300","timestamp":1644785943,"volume":"0.19126077","buyTxId":"c26296f69d9885ee6dc2c7ec5f993a6160507bf6","sellTxId":"cd31b216c6ae5a5e05761ae174dfda78a3eeda40"}
{"index": {"_index":"spt","_id":"2771215"}}
	{"id":2771215,"type":"sell","buyer":"multifurcate","seller":"he-index","symbol":"SPT","quantity":"0.024000","price":"0.00250100","timestamp":1644793281,"volume":"0.00006002","buyTxId":"8740aafcb6382149a0bf57303656a23ea9f06185","sellTxId":"51f84b3800275bd0bb595a372c164648df997a75"}
{"index": {"_index":"spt","_id":"2771250"}}
	{"id":2771250,"type":"sell","buyer":"multifurcate","seller":"chris.topher","symbol":"SPT","quantity":"44.762418","price":"0.00250100","timestamp":1644793863,"volume":"0.11195081","buyTxId":"8740aafcb6382149a0bf57303656a23ea9f06185","sellTxId":"c50ae474df26766ccb35354ae61796d15c4c7d9a"}
{"index": {"_index":"spt","_id":"2771281"}}
	{"id":2771281,"type":"sell","buyer":"multifurcate","seller":"christislord","symbol":"SPT","quantity":"550.564133","price":"0.00250100","timestamp":1644794232,"volume":"1.37696090","buyTxId":"8740aafcb6382149a0bf57303656a23ea9f06185","sellTxId":"7f584d7b88131a728f103dc899f2212f8710b827"}
{"index": {"_index":"spt","_id":"2771464"}}
	{"id":2771464,"type":"sell","buyer":"multifurcate","seller":"fiberfrau","symbol":"SPT","quantity":"18.483883","price":"0.00250100","timestamp":1644797208,"volume":"0.04622819","buyTxId":"8740aafcb6382149a0bf57303656a23ea9f06185","sellTxId":"54a937fc9b19c64b601391a6970c98b3f1e66a38"}
{"index": {"_index":"spt","_id":"2771520"}}
	{"id":2771520,"type":"sell","buyer":"multifurcate","seller":"brofi-market","symbol":"SPT","quantity":"4.761847","price":"0.00250100","timestamp":1644797622,"volume":"0.01190938","buyTxId":"8740aafcb6382149a0bf57303656a23ea9f06185","sellTxId":"8250d7088c92ae6b1e373a1bafa4752e9a426b2a"}
{"index": {"_index":"spt","_id":"2771598"}}
	{"id":2771598,"type":"sell","buyer":"multifurcate","seller":"chireerocks","symbol":"SPT","quantity":"118.566429","price":"0.00250100","timestamp":1644798318,"volume":"0.29653464","buyTxId":"a201579a934ada9bafd2ebb69c4dceea01b8e6d0","sellTxId":"856c4a3b1bc392dd628c948e902f9a4972acdf81"}
{"index": {"_index":"spt","_id":"2771619"}}
	{"id":2771619,"type":"sell","buyer":"multifurcate","seller":"zullyscott","symbol":"SPT","quantity":"15.838432","price":"0.00250100","timestamp":1644798720,"volume":"0.03961192","buyTxId":"a201579a934ada9bafd2ebb69c4dceea01b8e6d0","sellTxId":"2701e4963eef63f16233e8af6ab6684aa8876091"}
{"index": {"_index":"spt","_id":"2771705"}}
	{"id":2771705,"type":"sell","buyer":"multifurcate","seller":"dhedge-drips","symbol":"SPT","quantity":"0.022878","price":"0.00250100","timestamp":1644799578,"volume":"0.00005722","buyTxId":"a201579a934ada9bafd2ebb69c4dceea01b8e6d0","sellTxId":"5622ce757662ab8a60881183d812baffad343b19"}
{"index": {"_index":"spt","_id":"2771800"}}
	{"id":2771800,"type":"sell","buyer":"multifurcate","seller":"underlock","symbol":"SPT","quantity":"1816.728619","price":"0.00250100","timestamp":1644801441,"volume":"4.54363828","buyTxId":"a201579a934ada9bafd2ebb69c4dceea01b8e6d0","sellTxId":"4a672aefd5d44171404d51ca0c25724bee975334"}
