{"index": {"_index":"spt","_id":"3011302"}}
	{"id":3011302,"type":"sell","buyer":"kitsuki","seller":"kyo-gaming","symbol":"SPT","quantity":"1557.000000","price":"0.00203131","timestamp":1647758679,"volume":"3.16274967","buyTxId":"704976dbd40985f9a7d130336d8ca749e4e00953","sellTxId":"43d310ba7b9fd7bb0b1a8c6ba6dadccffa742af7"}
{"index": {"_index":"spt","_id":"3011316"}}
	{"id":3011316,"type":"sell","buyer":"kitsuki","seller":"kyo-gaming","symbol":"SPT","quantity":"154.923929","price":"0.00203130","timestamp":1647758775,"volume":"0.31469698","buyTxId":"604ae5e7342044df7b774be61f9bbf87a09fd1a1","sellTxId":"6d53125e0c5f855c0b102af5a0617928ab8c0542"}
{"index": {"_index":"spt","_id":"3011401"}}
	{"id":3011401,"type":"sell","buyer":"kitsuki","seller":"bubblechew","symbol":"SPT","quantity":"21.546001","price":"0.00203130","timestamp":1647760452,"volume":"0.04376639","buyTxId":"604ae5e7342044df7b774be61f9bbf87a09fd1a1","sellTxId":"6065f96d5669dd980f02686edfdbd390d818c1ae"}
{"index": {"_index":"spt","_id":"3011625"}}
	{"id":3011625,"type":"sell","buyer":"strosalia","seller":"mariya21","symbol":"SPT","quantity":"82.530008","price":"0.00203131","timestamp":1647764157,"volume":"0.16764403","buyTxId":"3321eff4146196275b8ea3b118625f0599a81222","sellTxId":"6c92fe585500674128439ab447a1d0c83b77d51c"}
{"index": {"_index":"spt","_id":"3011654"}}
	{"id":3011654,"type":"sell","buyer":"strosalia","seller":"brofi-market","symbol":"SPT","quantity":"0.384581","price":"0.00203131","timestamp":1647764370,"volume":"0.00078120","buyTxId":"3321eff4146196275b8ea3b118625f0599a81222","sellTxId":"dc7011b8851146216b363c7083915bfeecb7c6ea"}
{"index": {"_index":"spt","_id":"3011751"}}
	{"id":3011751,"type":"sell","buyer":"zionazrael","seller":"frawdielp2","symbol":"SPT","quantity":"2.132079","price":"0.00203132","timestamp":1647765330,"volume":"0.00433093","buyTxId":"2352704ced21be6056af0353828716310b23abce","sellTxId":"2b75d2a2d13d9f34223f835716a2f816f3e0c2fc"}
{"index": {"_index":"spt","_id":"3011830"}}
	{"id":3011830,"type":"sell","buyer":"zionazrael","seller":"crackerj","symbol":"SPT","quantity":"0.486140","price":"0.00203132","timestamp":1647766374,"volume":"0.00098751","buyTxId":"2352704ced21be6056af0353828716310b23abce","sellTxId":"f7ec8af84bfb3c1d328b3ba18bf3a4580e22b9dc"}
{"index": {"_index":"spt","_id":"3012359"}}
	{"id":3012359,"type":"sell","buyer":"zionazrael","seller":"fedesox","symbol":"SPT","quantity":"515.293212","price":"0.00203132","timestamp":1647773490,"volume":"1.04672541","buyTxId":"2352704ced21be6056af0353828716310b23abce","sellTxId":"fbe7e1ffb1e450248994097e53a21a19890449e5"}
{"index": {"_index":"spt","_id":"3012809"}}
	{"id":3012809,"type":"sell","buyer":"zionazrael","seller":"brofi-market","symbol":"SPT","quantity":"0.009108","price":"0.00203132","timestamp":1647778323,"volume":"0.00001850","buyTxId":"2352704ced21be6056af0353828716310b23abce","sellTxId":"5891b97d37d485811141668bddfa0b83fee22fab"}
{"index": {"_index":"spt","_id":"3012850"}}
	{"id":3012850,"type":"sell","buyer":"zionazrael","seller":"costanza","symbol":"SPT","quantity":"294.257788","price":"0.00203132","timestamp":1647778716,"volume":"0.59773173","buyTxId":"2352704ced21be6056af0353828716310b23abce","sellTxId":"b860bf2cae7660bbaa1a96b801b8d5e4327aad7c"}
{"index": {"_index":"spt","_id":"3012851"}}
	{"id":3012851,"type":"sell","buyer":"zionazrael","seller":"costanza","symbol":"SPT","quantity":"319.920051","price":"0.00203132","timestamp":1647778716,"volume":"0.64986000","buyTxId":"a10c61b76a3623273f59d7fa8d0f9da19fae3d8b","sellTxId":"b860bf2cae7660bbaa1a96b801b8d5e4327aad7c"}
{"index": {"_index":"spt","_id":"3012852"}}
	{"id":3012852,"type":"sell","buyer":"zionazrael","seller":"costanza","symbol":"SPT","quantity":"563.032619","price":"0.00203132","timestamp":1647778716,"volume":"1.14369942","buyTxId":"7c9b2ce602c82f445389c82770016fe6a4c83f49","sellTxId":"b860bf2cae7660bbaa1a96b801b8d5e4327aad7c"}
{"index": {"_index":"spt","_id":"3012853"}}
	{"id":3012853,"type":"sell","buyer":"strosalia","seller":"costanza","symbol":"SPT","quantity":"484.495875","price":"0.00203131","timestamp":1647778716,"volume":"0.98416132","buyTxId":"3321eff4146196275b8ea3b118625f0599a81222","sellTxId":"b860bf2cae7660bbaa1a96b801b8d5e4327aad7c"}
{"index": {"_index":"spt","_id":"3012854"}}
	{"id":3012854,"type":"sell","buyer":"strosalia","seller":"costanza","symbol":"SPT","quantity":"214.415830","price":"0.00203131","timestamp":1647778716,"volume":"0.43554502","buyTxId":"8d7cdea879933fd9cffd4a87c6dad5874e1ae755","sellTxId":"b860bf2cae7660bbaa1a96b801b8d5e4327aad7c"}
{"index": {"_index":"spt","_id":"3012855"}}
	{"id":3012855,"type":"sell","buyer":"kitsuki","seller":"costanza","symbol":"SPT","quantity":"1380.872358","price":"0.00203130","timestamp":1647778716,"volume":"2.80496602","buyTxId":"604ae5e7342044df7b774be61f9bbf87a09fd1a1","sellTxId":"b860bf2cae7660bbaa1a96b801b8d5e4327aad7c"}
{"index": {"_index":"spt","_id":"3012856"}}
	{"id":3012856,"type":"sell","buyer":"kitsuki","seller":"costanza","symbol":"SPT","quantity":"382.745518","price":"0.00203112","timestamp":1647778716,"volume":"0.77740208","buyTxId":"ad7696f36b8c2a89efcd72c308816115f5d584d6","sellTxId":"b860bf2cae7660bbaa1a96b801b8d5e4327aad7c"}
{"index": {"_index":"spt","_id":"3012857"}}
	{"id":3012857,"type":"sell","buyer":"kitsuki","seller":"costanza","symbol":"SPT","quantity":"830.465947","price":"0.00203110","timestamp":1647778716,"volume":"1.68675938","buyTxId":"10ea9c177be0e032a65cf1ad3c9d52902cb7669e","sellTxId":"b860bf2cae7660bbaa1a96b801b8d5e4327aad7c"}
{"index": {"_index":"spt","_id":"3013036"}}
	{"id":3013036,"type":"sell","buyer":"kitsuki","seller":"dhedge-drips","symbol":"SPT","quantity":"0.037257","price":"0.00203110","timestamp":1647780456,"volume":"0.00007567","buyTxId":"10ea9c177be0e032a65cf1ad3c9d52902cb7669e","sellTxId":"d3f176f1404683594ec64000d29aef39a3893f31"}
{"index": {"_index":"spt","_id":"3013330"}}
	{"id":3013330,"type":"sell","buyer":"karma133","seller":"xplosive","symbol":"SPT","quantity":"3.089171","price":"0.00238899","timestamp":1647784512,"volume":"0.00738000","buyTxId":"747b324aa7eb3d05a54300efd7c903617a9cbb84","sellTxId":"5ef40e6b8f20ceb8818ca04b3030bbc74241647d"}
{"index": {"_index":"spt","_id":"3013346"}}
	{"id":3013346,"type":"sell","buyer":"kitsuki","seller":"xplosive","symbol":"SPT","quantity":"45.596654","price":"0.00203110","timestamp":1647784659,"volume":"0.09261136","buyTxId":"10ea9c177be0e032a65cf1ad3c9d52902cb7669e","sellTxId":"dc1539a7e99c9c1a5ed48d587d7a83262422fd80"}
{"index": {"_index":"spt","_id":"3013477"}}
	{"id":3013477,"type":"buy","buyer":"sabosuke","seller":"elenkar","symbol":"SPT","quantity":"0.914003","price":"0.00238850","timestamp":1647786033,"volume":"0.00218310","buyTxId":"68a08265b70231a4f3c5bd67f9f7a7eee8a9095b","sellTxId":"9f978ee2723a0716ac43d246f1d358943da94e77"}
{"index": {"_index":"spt","_id":"3013568"}}
	{"id":3013568,"type":"sell","buyer":"sabosuke","seller":"kojiri","symbol":"SPT","quantity":"478.970187","price":"0.00238850","timestamp":1647787275,"volume":"1.14402029","buyTxId":"68a08265b70231a4f3c5bd67f9f7a7eee8a9095b","sellTxId":"4f6912b4b827c543b748e1a258b0b4035abfcd5c"}
{"index": {"_index":"spt","_id":"3013576"}}
	{"id":3013576,"type":"buy","buyer":"captainquack22","seller":"kojiri","symbol":"SPT","quantity":"822.265019","price":"0.00238850","timestamp":1647787359,"volume":"1.96398","buyTxId":"132f35b9f213d40bec25c930ae1858f35a4ffdfe","sellTxId":"4f6912b4b827c543b748e1a258b0b4035abfcd5c"}
{"index": {"_index":"spt","_id":"3013591"}}
	{"id":3013591,"type":"sell","buyer":"kitsuki","seller":"giacomone","symbol":"SPT","quantity":"238.214652","price":"0.00203110","timestamp":1647787569,"volume":"0.48383778","buyTxId":"10ea9c177be0e032a65cf1ad3c9d52902cb7669e","sellTxId":"a895eb1d3626b9d6bcae7e77159293c88c00a11b"}
{"index": {"_index":"spt","_id":"3013972"}}
	{"id":3013972,"type":"sell","buyer":"kitsuki","seller":"brofi-market","symbol":"SPT","quantity":"0.013763","price":"0.00203110","timestamp":1647792651,"volume":"0.00002795","buyTxId":"10ea9c177be0e032a65cf1ad3c9d52902cb7669e","sellTxId":"11d032ecda1591dd61e93fdb05f52a2e37721386"}
{"index": {"_index":"spt","_id":"3014034"}}
	{"id":3014034,"type":"sell","buyer":"kitsuki","seller":"cryptojiang","symbol":"SPT","quantity":"50.000000","price":"0.00203110","timestamp":1647793332,"volume":"0.10155500","buyTxId":"10ea9c177be0e032a65cf1ad3c9d52902cb7669e","sellTxId":"6ab25bd89daa888cf0e7877642797a6b3a42a315"}
{"index": {"_index":"spt","_id":"3014036"}}
	{"id":3014036,"type":"buy","buyer":"diegorccp","seller":"kitsuki","symbol":"SPT","quantity":"50.710000","price":"0.00238844","timestamp":1647793443,"volume":"0.12111779","buyTxId":"d4a0080420c1f06fb89f50bcfec9532002b77a78","sellTxId":"d2cedd21c2c729897fc687745ae3580892614b37"}
{"index": {"_index":"spt","_id":"3014198"}}
	{"id":3014198,"type":"sell","buyer":"zionazrael","seller":"drillith","symbol":"SPT","quantity":"17.929163","price":"0.00203111","timestamp":1647795165,"volume":"0.03641610","buyTxId":"372aa911ae1a89b7c5e850517eda6fe1aeb6f8df","sellTxId":"e938911d684ac0f8fcaea57b1e9d5c523be77dfc"}
{"index": {"_index":"spt","_id":"3014738"}}
	{"id":3014738,"type":"buy","buyer":"jongolson","seller":"kitsuki","symbol":"SPT","quantity":"1095.000000","price":"0.00238843","timestamp":1647799089,"volume":"2.61533085","buyTxId":"1fb86451968ad0a1c5dac187dbc68d8aaaaa9bec","sellTxId":"ec5fa6b57f1e31356b773dd20f7cd434ea0e99b1"}
{"index": {"_index":"spt","_id":"3014739"}}
	{"id":3014739,"type":"buy","buyer":"jongolson","seller":"bcarolan639","symbol":"SPT","quantity":"100.000000","price":"0.00238843","timestamp":1647799089,"volume":"0.23884300","buyTxId":"1fb86451968ad0a1c5dac187dbc68d8aaaaa9bec","sellTxId":"e64014ae651bfa9853591136c992ac2d7aecbe55"}
{"index": {"_index":"spt","_id":"3014740"}}
	{"id":3014740,"type":"buy","buyer":"jongolson","seller":"kitsuki","symbol":"SPT","quantity":"1095.290000","price":"0.00238844","timestamp":1647799089,"volume":"2.61603445","buyTxId":"1fb86451968ad0a1c5dac187dbc68d8aaaaa9bec","sellTxId":"d2cedd21c2c729897fc687745ae3580892614b37"}
{"index": {"_index":"spt","_id":"3014741"}}
	{"id":3014741,"type":"buy","buyer":"jongolson","seller":"brofi-market","symbol":"SPT","quantity":"0.013763","price":"0.00238844","timestamp":1647799089,"volume":"0.00003287","buyTxId":"1fb86451968ad0a1c5dac187dbc68d8aaaaa9bec","sellTxId":"70045ce36e39b8ce36f4a0c5a54117c3e528ccdf"}
{"index": {"_index":"spt","_id":"3014742"}}
	{"id":3014742,"type":"buy","buyer":"jongolson","seller":"kitsuki","symbol":"SPT","quantity":"209.696237","price":"0.00238845","timestamp":1647799089,"volume":"0.50084898","buyTxId":"1fb86451968ad0a1c5dac187dbc68d8aaaaa9bec","sellTxId":"95b642c74608b9304771d196639d41ab7348a08f"}
{"index": {"_index":"spt","_id":"3014805"}}
	{"id":3014805,"type":"sell","buyer":"kitsuki","seller":"tanguero","symbol":"SPT","quantity":"616.078484","price":"0.00203110","timestamp":1647799815,"volume":"1.25131701","buyTxId":"10ea9c177be0e032a65cf1ad3c9d52902cb7669e","sellTxId":"37bf0fd1d5edbcc228539664b99d0ce2cf35a3b0"}
{"index": {"_index":"spt","_id":"3015004"}}
	{"id":3015004,"type":"sell","buyer":"kitsuki","seller":"dhedge-drips","symbol":"SPT","quantity":"0.001290","price":"0.00203108","timestamp":1647801948,"volume":"0.00000262","buyTxId":"4f0ad23d736d79d80f0be58dc743047cb79dc17b","sellTxId":"375b89f6f486f2a88831df6a65d34873620282c7"}
{"index": {"_index":"spt","_id":"3015020"}}
	{"id":3015020,"type":"buy","buyer":"kitsuki","seller":"tanguero","symbol":"SPT","quantity":"583.921516","price":"0.00203110","timestamp":1647802140,"volume":"1.18600299","buyTxId":"ee4a1b291aa35abb8644e021e7528201227f2223","sellTxId":"37bf0fd1d5edbcc228539664b99d0ce2cf35a3b0"}
{"index": {"_index":"spt","_id":"3015021"}}
	{"id":3015021,"type":"buy","buyer":"kitsuki","seller":"dhedge-drips","symbol":"SPT","quantity":"0.001290","price":"0.00203110","timestamp":1647802140,"volume":"0.00000262","buyTxId":"ee4a1b291aa35abb8644e021e7528201227f2223","sellTxId":"3a5ffafae69975d441e40cc23dddddf34391f58d"}
{"index": {"_index":"spt","_id":"3015149"}}
	{"id":3015149,"type":"sell","buyer":"kitsuki","seller":"crypt-skip","symbol":"SPT","quantity":"1976.585174","price":"0.00203108","timestamp":1647803466,"volume":"4.01460262","buyTxId":"4f0ad23d736d79d80f0be58dc743047cb79dc17b","sellTxId":"53942fb617e057dda4104dd0496af04ebe848e5b"}
{"index": {"_index":"spt","_id":"3015150"}}
	{"id":3015150,"type":"sell","buyer":"thewycher","seller":"crypt-skip","symbol":"SPT","quantity":"205.610004","price":"0.00203107","timestamp":1647803466,"volume":"0.41760831","buyTxId":"f5a343ce32372b4b4f71271936477388169e43b5","sellTxId":"53942fb617e057dda4104dd0496af04ebe848e5b"}
{"index": {"_index":"spt","_id":"3015183"}}
	{"id":3015183,"type":"sell","buyer":"thewycher","seller":"yameen","symbol":"SPT","quantity":"46.482134","price":"0.00203107","timestamp":1647803709,"volume":"0.09440847","buyTxId":"f5a343ce32372b4b4f71271936477388169e43b5","sellTxId":"8429bfc3f329e75d9afd7786a1493dcf88ad4491"}
{"index": {"_index":"spt","_id":"3015213"}}
	{"id":3015213,"type":"sell","buyer":"thewycher","seller":"playbyhive","symbol":"SPT","quantity":"16.051459","price":"0.00203107","timestamp":1647803988,"volume":"0.03260164","buyTxId":"f5a343ce32372b4b4f71271936477388169e43b5","sellTxId":"9d6b1957ab90a56ae6d233e5de11d27a449802b1"}
{"index": {"_index":"spt","_id":"3015216"}}
	{"id":3015216,"type":"sell","buyer":"thewycher","seller":"xaxua","symbol":"SPT","quantity":"0.467066","price":"0.00203107","timestamp":1647804030,"volume":"0.00094864","buyTxId":"f5a343ce32372b4b4f71271936477388169e43b5","sellTxId":"306254b34da569b468164dedadd8b400afc45a54"}
{"index": {"_index":"spt","_id":"3015253"}}
	{"id":3015253,"type":"sell","buyer":"thewycher","seller":"whatsupdilli","symbol":"SPT","quantity":"14.220906","price":"0.00203107","timestamp":1647804375,"volume":"0.02888366","buyTxId":"f5a343ce32372b4b4f71271936477388169e43b5","sellTxId":"424906d24d25012ea533fbc669d53becab15c159"}
{"index": {"_index":"spt","_id":"3015446"}}
	{"id":3015446,"type":"sell","buyer":"thewycher","seller":"sephiwolf","symbol":"SPT","quantity":"717.168431","price":"0.00203107","timestamp":1647806862,"volume":"1.45661928","buyTxId":"f5a343ce32372b4b4f71271936477388169e43b5","sellTxId":"98dac0ed7a8ca1f10e5092faecd887af2e56852f"}
{"index": {"_index":"spt","_id":"3015447"}}
	{"id":3015447,"type":"sell","buyer":"thewycher","seller":"sephiwolf","symbol":"SPT","quantity":"1000.000000","price":"0.00203107","timestamp":1647806862,"volume":"2.03107000","buyTxId":"6d71f7098e57fc184a68adba5b001ce0b2d523ef","sellTxId":"98dac0ed7a8ca1f10e5092faecd887af2e56852f"}
{"index": {"_index":"spt","_id":"3015448"}}
	{"id":3015448,"type":"sell","buyer":"thewycher","seller":"sephiwolf","symbol":"SPT","quantity":"585.537668","price":"0.00203107","timestamp":1647806862,"volume":"1.18926799","buyTxId":"3f5e75bdd6f5f0fa714513a2a4efcf4c04247327","sellTxId":"98dac0ed7a8ca1f10e5092faecd887af2e56852f"}
{"index": {"_index":"spt","_id":"3015461"}}
	{"id":3015461,"type":"sell","buyer":"thewycher","seller":"brofi-market","symbol":"SPT","quantity":"0.001931","price":"0.00203107","timestamp":1647807081,"volume":"0.00000392","buyTxId":"3f5e75bdd6f5f0fa714513a2a4efcf4c04247327","sellTxId":"7b12ff9f42def4a251ce513d9e10fc38416c6683"}
{"index": {"_index":"spt","_id":"3015687"}}
	{"id":3015687,"type":"sell","buyer":"thewycher","seller":"zeruxanime","symbol":"SPT","quantity":"299.304462","price":"0.00203107","timestamp":1647809208,"volume":"0.60790831","buyTxId":"ad8df48cd8243d8ea2f205a77d50a46333815386","sellTxId":"2f8cc07b00a10a7674a53c95f3c8faa7652f2d5e"}
{"index": {"_index":"spt","_id":"3016137"}}
	{"id":3016137,"type":"sell","buyer":"thewycher","seller":"he-index","symbol":"SPT","quantity":"0.039000","price":"0.00203107","timestamp":1647814569,"volume":"0.00007921","buyTxId":"ad8df48cd8243d8ea2f205a77d50a46333815386","sellTxId":"a0b184e4c32a162109834fe5b0f04f66a46a6732"}
{"index": {"_index":"spt","_id":"3016191"}}
	{"id":3016191,"type":"sell","buyer":"thewycher","seller":"ketcom","symbol":"SPT","quantity":"700.656538","price":"0.00203107","timestamp":1647815292,"volume":"1.42308247","buyTxId":"ad8df48cd8243d8ea2f205a77d50a46333815386","sellTxId":"71bbbff605289cf5a27f3891a18d9447c886d33c"}
{"index": {"_index":"spt","_id":"3016192"}}
	{"id":3016192,"type":"sell","buyer":"thewycher","seller":"ketcom","symbol":"SPT","quantity":"289.712538","price":"0.00203107","timestamp":1647815292,"volume":"0.58842644","buyTxId":"53b6ff29f36fbfbf821e3a88df35dd3a6f2d8fed","sellTxId":"71bbbff605289cf5a27f3891a18d9447c886d33c"}
{"index": {"_index":"spt","_id":"3016442"}}
	{"id":3016442,"type":"sell","buyer":"thewycher","seller":"dswap","symbol":"SPT","quantity":"710.287462","price":"0.00203107","timestamp":1647818460,"volume":"1.44264356","buyTxId":"53b6ff29f36fbfbf821e3a88df35dd3a6f2d8fed","sellTxId":"4367f63e061469ca10ef536daa8ac4768b5248da"}
{"index": {"_index":"spt","_id":"3016443"}}
	{"id":3016443,"type":"sell","buyer":"thewycher","seller":"dswap","symbol":"SPT","quantity":"1000.000000","price":"0.00203107","timestamp":1647818460,"volume":"2.03107000","buyTxId":"cb983c03e1ee72ead08036f6564f5f12a88e06ca","sellTxId":"4367f63e061469ca10ef536daa8ac4768b5248da"}
{"index": {"_index":"spt","_id":"3016444"}}
	{"id":3016444,"type":"sell","buyer":"thewycher","seller":"dswap","symbol":"SPT","quantity":"1000.000000","price":"0.00203107","timestamp":1647818460,"volume":"2.03107000","buyTxId":"aa755ed28def0085d0e575c26eca326831695fc0","sellTxId":"4367f63e061469ca10ef536daa8ac4768b5248da"}
{"index": {"_index":"spt","_id":"3016445"}}
	{"id":3016445,"type":"sell","buyer":"thewycher","seller":"dswap","symbol":"SPT","quantity":"1000.000000","price":"0.00203107","timestamp":1647818460,"volume":"2.03107000","buyTxId":"75e4575e8712052b6e2b4bbeb6cc5530b7a4e51d","sellTxId":"4367f63e061469ca10ef536daa8ac4768b5248da"}
{"index": {"_index":"spt","_id":"3016446"}}
	{"id":3016446,"type":"sell","buyer":"kitsuki","seller":"dswap","symbol":"SPT","quantity":"629.580479","price":"0.00203106","timestamp":1647818460,"volume":"1.27871573","buyTxId":"eae269c7ed7aa141551708fff6ab8d332281cf3b","sellTxId":"4367f63e061469ca10ef536daa8ac4768b5248da"}
{"index": {"_index":"spt","_id":"3016447"}}
	{"id":3016447,"type":"sell","buyer":"kitsuki","seller":"dswap","symbol":"SPT","quantity":"678.991802","price":"0.00203104","timestamp":1647818460,"volume":"1.37905951","buyTxId":"8d5fabe7d7624d72182b599cfc0b20a62f6b6d03","sellTxId":"4367f63e061469ca10ef536daa8ac4768b5248da"}
{"index": {"_index":"spt","_id":"3016448"}}
	{"id":3016448,"type":"sell","buyer":"kitsuki","seller":"dswap","symbol":"SPT","quantity":"679.992759","price":"0.00203103","timestamp":1647818460,"volume":"1.38108569","buyTxId":"9cad8fc6c2317e6f91393cb625611f91a24076f2","sellTxId":"4367f63e061469ca10ef536daa8ac4768b5248da"}
{"index": {"_index":"spt","_id":"3016449"}}
	{"id":3016449,"type":"sell","buyer":"kitsuki","seller":"dswap","symbol":"SPT","quantity":"2000.000000","price":"0.00203101","timestamp":1647818460,"volume":"4.06202000","buyTxId":"ecbc68f88db4a27ca6e2ac0bae5ccc2589f8fa8f","sellTxId":"4367f63e061469ca10ef536daa8ac4768b5248da"}
{"index": {"_index":"spt","_id":"3016450"}}
	{"id":3016450,"type":"sell","buyer":"gaboamc2393","seller":"dswap","symbol":"SPT","quantity":"1000.000000","price":"0.00203099","timestamp":1647818460,"volume":"2.03099000","buyTxId":"19f077b94761b1afa6205b9d1989d2ff70d754ae","sellTxId":"4367f63e061469ca10ef536daa8ac4768b5248da"}
{"index": {"_index":"spt","_id":"3016451"}}
	{"id":3016451,"type":"sell","buyer":"kitsuki","seller":"dswap","symbol":"SPT","quantity":"1000.000000","price":"0.00203099","timestamp":1647818460,"volume":"2.03099000","buyTxId":"6bfe5bf9890b8b336ae8e0cf55f081c4d8435988","sellTxId":"4367f63e061469ca10ef536daa8ac4768b5248da"}
{"index": {"_index":"spt","_id":"3016452"}}
	{"id":3016452,"type":"sell","buyer":"gaboamc2393","seller":"dswap","symbol":"SPT","quantity":"1000.000000","price":"0.00203000","timestamp":1647818460,"volume":"2.03000000","buyTxId":"e234637cc6685f381b17f1a53488c5f94e2718b4","sellTxId":"4367f63e061469ca10ef536daa8ac4768b5248da"}
{"index": {"_index":"spt","_id":"3016453"}}
	{"id":3016453,"type":"sell","buyer":"gaboamc2393","seller":"dswap","symbol":"SPT","quantity":"1000.000000","price":"0.00202900","timestamp":1647818460,"volume":"2.02900000","buyTxId":"37800e7c0c4ed423164a9585093d787b2822f90b","sellTxId":"4367f63e061469ca10ef536daa8ac4768b5248da"}
{"index": {"_index":"spt","_id":"3016454"}}
	{"id":3016454,"type":"sell","buyer":"gaboamc2393","seller":"dswap","symbol":"SPT","quantity":"1000.000000","price":"0.00202890","timestamp":1647818460,"volume":"2.02890000","buyTxId":"7d79ba42defaba030a8d62fc5a2bf2418b30e2ca","sellTxId":"4367f63e061469ca10ef536daa8ac4768b5248da"}
{"index": {"_index":"spt","_id":"3016455"}}
	{"id":3016455,"type":"sell","buyer":"kitsuki","seller":"dswap","symbol":"SPT","quantity":"540.000000","price":"0.00202205","timestamp":1647818460,"volume":"1.09190700","buyTxId":"8becbcca1c08c368611a649f4067c8377a361da5","sellTxId":"4367f63e061469ca10ef536daa8ac4768b5248da"}
{"index": {"_index":"spt","_id":"3016456"}}
	{"id":3016456,"type":"sell","buyer":"kitsuki","seller":"dswap","symbol":"SPT","quantity":"1540.977959","price":"0.00202204","timestamp":1647818460,"volume":"3.11591907","buyTxId":"da4fee1cfb082cf8bac6be325caaf17dcc964f29","sellTxId":"4367f63e061469ca10ef536daa8ac4768b5248da"}
{"index": {"_index":"spt","_id":"3016457"}}
	{"id":3016457,"type":"sell","buyer":"kitsuki","seller":"dswap","symbol":"SPT","quantity":"1199.940868","price":"0.00202102","timestamp":1647818460,"volume":"2.42510449","buyTxId":"4489080e13c5002a58d7946e259786dc29d34f3b","sellTxId":"4367f63e061469ca10ef536daa8ac4768b5248da"}
{"index": {"_index":"spt","_id":"3016458"}}
	{"id":3016458,"type":"sell","buyer":"kitsuki","seller":"dswap","symbol":"SPT","quantity":"900.000000","price":"0.00202101","timestamp":1647818460,"volume":"1.81890900","buyTxId":"79e640835db1730bad33e4714dd552158006e17f","sellTxId":"4367f63e061469ca10ef536daa8ac4768b5248da"}
{"index": {"_index":"spt","_id":"3016459"}}
	{"id":3016459,"type":"sell","buyer":"kitsuki","seller":"dswap","symbol":"SPT","quantity":"900.000000","price":"0.00202101","timestamp":1647818460,"volume":"1.81890900","buyTxId":"5d41201e047e6d3adb8e07964b9915909e24a61e","sellTxId":"4367f63e061469ca10ef536daa8ac4768b5248da"}
{"index": {"_index":"spt","_id":"3016460"}}
	{"id":3016460,"type":"sell","buyer":"multifurcate","seller":"dswap","symbol":"SPT","quantity":"8544.228671","price":"0.00202100","timestamp":1647818460,"volume":"17.26788614","buyTxId":"debec0cfa7de57ab5157f5011cb4919086707d70","sellTxId":"4367f63e061469ca10ef536daa8ac4768b5248da"}
{"index": {"_index":"spt","_id":"3016699"}}
	{"id":3016699,"type":"sell","buyer":"thewycher","seller":"ssg-community","symbol":"SPT","quantity":"1000.000000","price":"0.00202101","timestamp":1647820998,"volume":"2.02101000","buyTxId":"36577a4d93bdab840492917642e2c5ef1023655d","sellTxId":"dba0a17df6dfd418abe77926c61a0b4e9332d050"}
{"index": {"_index":"spt","_id":"3016700"}}
	{"id":3016700,"type":"sell","buyer":"thewycher","seller":"ssg-community","symbol":"SPT","quantity":"1000.000000","price":"0.00202101","timestamp":1647820998,"volume":"2.02101000","buyTxId":"218ab081839aad6dd6bdcf9b8f7ad490c3e8aeeb","sellTxId":"dba0a17df6dfd418abe77926c61a0b4e9332d050"}
{"index": {"_index":"spt","_id":"3016701"}}
	{"id":3016701,"type":"sell","buyer":"thewycher","seller":"ssg-community","symbol":"SPT","quantity":"1000.000000","price":"0.00202101","timestamp":1647820998,"volume":"2.02101000","buyTxId":"a7c4f4b24da459d422e438b0aa666ad62701381d","sellTxId":"dba0a17df6dfd418abe77926c61a0b4e9332d050"}
{"index": {"_index":"spt","_id":"3016702"}}
	{"id":3016702,"type":"sell","buyer":"thewycher","seller":"ssg-community","symbol":"SPT","quantity":"887.437612","price":"0.00202101","timestamp":1647820998,"volume":"1.79352029","buyTxId":"8226dc5349eb3d1d798fda993b66e730580817bf","sellTxId":"dba0a17df6dfd418abe77926c61a0b4e9332d050"}
{"index": {"_index":"spt","_id":"3016834"}}
	{"id":3016834,"type":"sell","buyer":"thewycher","seller":"felipejoys","symbol":"SPT","quantity":"112.562388","price":"0.00202101","timestamp":1647821652,"volume":"0.22748971","buyTxId":"8226dc5349eb3d1d798fda993b66e730580817bf","sellTxId":"804a70a06927caebc5c4aec3a12bcef8a4d331f6"}
{"index": {"_index":"spt","_id":"3016835"}}
	{"id":3016835,"type":"sell","buyer":"thewycher","seller":"felipejoys","symbol":"SPT","quantity":"943.406839","price":"0.00202101","timestamp":1647821652,"volume":"1.90663466","buyTxId":"7e4bacca62cd9c3b2697a7b74dd378dc4117f4a3","sellTxId":"804a70a06927caebc5c4aec3a12bcef8a4d331f6"}
{"index": {"_index":"spt","_id":"3016855"}}
	{"id":3016855,"type":"sell","buyer":"thewycher","seller":"brofi-market","symbol":"SPT","quantity":"3.424390","price":"0.00202101","timestamp":1647821775,"volume":"0.00692073","buyTxId":"7e4bacca62cd9c3b2697a7b74dd378dc4117f4a3","sellTxId":"58c5aeab8ad12b4d56911199f2d3a4a96428f94c"}
{"index": {"_index":"spt","_id":"3017041"}}
	{"id":3017041,"type":"sell","buyer":"thewycher","seller":"dhedge-drips","symbol":"SPT","quantity":"0.015358","price":"0.00202101","timestamp":1647823635,"volume":"0.00003104","buyTxId":"c00a0bd75ebddf88a51a19e4d06426b755d1c01d","sellTxId":"c1cb7bd68324725bf4c51d299508c335b193eb7b"}
{"index": {"_index":"spt","_id":"3017058"}}
	{"id":3017058,"type":"sell","buyer":"thewycher","seller":"travelgirl","symbol":"SPT","quantity":"999.984642","price":"0.00202101","timestamp":1647823926,"volume":"2.02097896","buyTxId":"c00a0bd75ebddf88a51a19e4d06426b755d1c01d","sellTxId":"79ab6c5a457904d0e56e19eb95b5e188d46bac91"}
{"index": {"_index":"spt","_id":"3017059"}}
	{"id":3017059,"type":"sell","buyer":"thewycher","seller":"travelgirl","symbol":"SPT","quantity":"1000.000000","price":"0.00202101","timestamp":1647823926,"volume":"2.02101000","buyTxId":"03b58de00a13c07b16c3ce130e3df658d4207282","sellTxId":"79ab6c5a457904d0e56e19eb95b5e188d46bac91"}
{"index": {"_index":"spt","_id":"3017060"}}
	{"id":3017060,"type":"sell","buyer":"thewycher","seller":"travelgirl","symbol":"SPT","quantity":"1000.000000","price":"0.00202101","timestamp":1647823926,"volume":"2.02101000","buyTxId":"d3f5f290e800722f973484fcc4c8e4f9ffa77545","sellTxId":"79ab6c5a457904d0e56e19eb95b5e188d46bac91"}
{"index": {"_index":"spt","_id":"3017061"}}
	{"id":3017061,"type":"sell","buyer":"thewycher","seller":"travelgirl","symbol":"SPT","quantity":"1000.000000","price":"0.00202101","timestamp":1647823926,"volume":"2.02101000","buyTxId":"054ee051227671f8c983f09e4f03d41a0100b3e8","sellTxId":"79ab6c5a457904d0e56e19eb95b5e188d46bac91"}
{"index": {"_index":"spt","_id":"3017062"}}
	{"id":3017062,"type":"sell","buyer":"thewycher","seller":"travelgirl","symbol":"SPT","quantity":"372.472336","price":"0.00202101","timestamp":1647823926,"volume":"0.75277032","buyTxId":"1a13c067e3b84a42da37932c586a66ad305ebdb8","sellTxId":"79ab6c5a457904d0e56e19eb95b5e188d46bac91"}
{"index": {"_index":"spt","_id":"3017064"}}
	{"id":3017064,"type":"sell","buyer":"thewycher","seller":"kyo-gaming","symbol":"SPT","quantity":"627.527664","price":"0.00202101","timestamp":1647823953,"volume":"1.26823968","buyTxId":"1a13c067e3b84a42da37932c586a66ad305ebdb8","sellTxId":"43bf6984bcf97d7db119c366f2a6b0458f8eadf1"}
{"index": {"_index":"spt","_id":"3017065"}}
	{"id":3017065,"type":"sell","buyer":"thewycher","seller":"kyo-gaming","symbol":"SPT","quantity":"1000.000000","price":"0.00202101","timestamp":1647823953,"volume":"2.02101000","buyTxId":"73d6bdf9017c57c99697009bbdf837f348cad858","sellTxId":"43bf6984bcf97d7db119c366f2a6b0458f8eadf1"}
{"index": {"_index":"spt","_id":"3017070"}}
	{"id":3017070,"type":"buy","buyer":"kitsuki","seller":"kyo-gaming","symbol":"SPT","quantity":"20.191418","price":"0.00202101","timestamp":1647824190,"volume":"0.04080706","buyTxId":"12a863b62b718987e44ba7e6ad75b4eefd4500f1","sellTxId":"43bf6984bcf97d7db119c366f2a6b0458f8eadf1"}
{"index": {"_index":"spt","_id":"3017172"}}
	{"id":3017172,"type":"sell","buyer":"multifurcate","seller":"frawdielp2","symbol":"SPT","quantity":"2.177527","price":"0.00202100","timestamp":1647825090,"volume":"0.00440078","buyTxId":"f09b0188de3e307dc7636cda987cb55a65d88f33","sellTxId":"542d5512d89c301b7b3ab929efc31e4f209947fc"}
{"index": {"_index":"spt","_id":"3017961"}}
	{"id":3017961,"type":"sell","buyer":"thewycher","seller":"eythorphoto","symbol":"SPT","quantity":"11.937786","price":"0.00202204","timestamp":1647835725,"volume":"0.02413868","buyTxId":"e50c2a33bb251459d61bd93e0c5958bd1eece5db","sellTxId":"7a89505e855d5a1b7b6dbeb214894e06be455c97"}
{"index": {"_index":"spt","_id":"3018262"}}
	{"id":3018262,"type":"sell","buyer":"thewycher","seller":"xplosive","symbol":"SPT","quantity":"3.539516","price":"0.00202204","timestamp":1647839361,"volume":"0.00715704","buyTxId":"e50c2a33bb251459d61bd93e0c5958bd1eece5db","sellTxId":"e3445776e3238a24d45f9d7125dbd8f166ebae2d"}
{"index": {"_index":"spt","_id":"3018333"}}
	{"id":3018333,"type":"sell","buyer":"thewycher","seller":"chireerocks","symbol":"SPT","quantity":"92.747358","price":"0.00202204","timestamp":1647840744,"volume":"0.18753887","buyTxId":"e50c2a33bb251459d61bd93e0c5958bd1eece5db","sellTxId":"4fcbd175a501bb6dbde2e49a8a402b8a082b0e70"}
{"index": {"_index":"spt","_id":"3018380"}}
	{"id":3018380,"type":"buy","buyer":"evernoticethat","seller":"elenkar","symbol":"SPT","quantity":"0.682030","price":"0.00238825","timestamp":1647841302,"volume":"0.00162886","buyTxId":"b23a756666b46c7734e1d0545189b4c5f7333df1","sellTxId":"15f6ab67b78e59373f857296fdf8246238402bed"}
{"index": {"_index":"spt","_id":"3018381"}}
	{"id":3018381,"type":"buy","buyer":"evernoticethat","seller":"kitsuki","symbol":"SPT","quantity":"418.029351","price":"0.00238828","timestamp":1647841302,"volume":"0.99837114","buyTxId":"b23a756666b46c7734e1d0545189b4c5f7333df1","sellTxId":"4c0ee4cf8fff1761daee19ee9c4866a9a3521e86"}
