{"index": {"_index":"spt","_id":"2909989"}}
	{"id":2909989,"type":"buy","buyer":"mc2quared","seller":"kitsuki","symbol":"SPT","quantity":"62.000000","price":"0.00299000","timestamp":1646455161,"volume":"0.18538000","buyTxId":"8dac264b765e10dd1ec945525f4bc8c626882e80","sellTxId":"579661d6078dc54e557fe9fa474a8d4805c28424"}
{"index": {"_index":"spt","_id":"2910249"}}
	{"id":2910249,"type":"sell","buyer":"multifurcate","seller":"najlive","symbol":"SPT","quantity":"479.173574","price":"0.00280100","timestamp":1646458104,"volume":"1.34216518","buyTxId":"c75f93768bd3ec9d270da4caea497e1352b03206","sellTxId":"f61f8248f9606c5fe58a8956495b9e0c00bb6533"}
{"index": {"_index":"spt","_id":"2910274"}}
	{"id":2910274,"type":"sell","buyer":"multifurcate","seller":"sbi-tokens","symbol":"SPT","quantity":"74321.826426","price":"0.00280100","timestamp":1646458428,"volume":"208.17543582","buyTxId":"c75f93768bd3ec9d270da4caea497e1352b03206","sellTxId":"8513cfaae19330c764498921143867f99db4392a"}
{"index": {"_index":"spt","_id":"2910275"}}
	{"id":2910275,"type":"sell","buyer":"beetrader","seller":"sbi-tokens","symbol":"SPT","quantity":"1071.428571","price":"0.00280000","timestamp":1646458428,"volume":"3.00000000","buyTxId":"MM-P-15344923-62332701-3-3-0","sellTxId":"8513cfaae19330c764498921143867f99db4392a"}
{"index": {"_index":"spt","_id":"2910276"}}
	{"id":2910276,"type":"sell","buyer":"eterna","seller":"sbi-tokens","symbol":"SPT","quantity":"1500.000000","price":"0.00280000","timestamp":1646458428,"volume":"4.20000000","buyTxId":"1ccb01fc9fadcbf929d9f793e5d307d97353224d","sellTxId":"8513cfaae19330c764498921143867f99db4392a"}
{"index": {"_index":"spt","_id":"2910386"}}
	{"id":2910386,"type":"sell","buyer":"multifurcate","seller":"digital-fortress","symbol":"SPT","quantity":"3.434447","price":"0.00278700","timestamp":1646460129,"volume":"0.00957180","buyTxId":"02ef987c84e9ed4206a0f1a900ad222d7ccc0552","sellTxId":"24425dfde83d7530a471c2ccd247db0f3fc98d7f"}
{"index": {"_index":"spt","_id":"2910418"}}
	{"id":2910418,"type":"buy","buyer":"beetrader","seller":"sbi-tokens","symbol":"SPT","quantity":"1071.428571","price":"0.00280000","timestamp":1646460639,"volume":"3.00000000","buyTxId":"MM-P-15361571-62349361-3-3-0","sellTxId":"8513cfaae19330c764498921143867f99db4392a"}
{"index": {"_index":"spt","_id":"2910447"}}
	{"id":2910447,"type":"sell","buyer":"multifurcate","seller":"dswap","symbol":"SPT","quantity":"0.041914","price":"0.00273200","timestamp":1646461152,"volume":"0.00011451","buyTxId":"b4934872d0d396f182df3dbef88d88c7916c9bea","sellTxId":"bd75bd5a704c477a0fe6421d6107cf226f0bf5f0"}
{"index": {"_index":"spt","_id":"2910477"}}
	{"id":2910477,"type":"sell","buyer":"multifurcate","seller":"elenkar","symbol":"SPT","quantity":"2.219409","price":"0.00275400","timestamp":1646461698,"volume":"0.00611225","buyTxId":"9de6f6c38658438c444f8964de984344976ab023","sellTxId":"56f0f1c59a646b4668f863110260aa17f5e35b20"}
{"index": {"_index":"spt","_id":"2910554"}}
	{"id":2910554,"type":"buy","buyer":"beetrader","seller":"sbi-tokens","symbol":"SPT","quantity":"1071.428571","price":"0.00280000","timestamp":1646463039,"volume":"3.00000000","buyTxId":"MM-P-15362370-62350161-3-3-0","sellTxId":"8513cfaae19330c764498921143867f99db4392a"}
{"index": {"_index":"spt","_id":"2910571"}}
	{"id":2910571,"type":"buy","buyer":"captainquack22","seller":"sbi-tokens","symbol":"SPT","quantity":"3082.185225","price":"0.00280000","timestamp":1646463087,"volume":"8.63011863","buyTxId":"304a92fea27628591a46e2fa442ae091dc4c3550","sellTxId":"8513cfaae19330c764498921143867f99db4392a"}
{"index": {"_index":"spt","_id":"2910584"}}
	{"id":2910584,"type":"sell","buyer":"multifurcate","seller":"holdeck","symbol":"SPT","quantity":"72.989347","price":"0.00273200","timestamp":1646463414,"volume":"0.19940690","buyTxId":"a6ca0ac9e77573f8f32908296d226e27d34ba01c","sellTxId":"53758b77c21a107926572ef9857453fb5d8a2038"}
{"index": {"_index":"spt","_id":"2910591"}}
	{"id":2910591,"type":"buy","buyer":"evernoticethat","seller":"sbi-tokens","symbol":"SPT","quantity":"1000.000000","price":"0.00280000","timestamp":1646463531,"volume":"2.80000000","buyTxId":"a86889c9afcd444115812df49d4501cc4ebdd0a8","sellTxId":"8513cfaae19330c764498921143867f99db4392a"}
{"index": {"_index":"spt","_id":"2910743"}}
	{"id":2910743,"type":"buy","buyer":"beetrader","seller":"sbi-tokens","symbol":"SPT","quantity":"1071.428571","price":"0.00280000","timestamp":1646465439,"volume":"3.00000000","buyTxId":"MM-P-15363169-62350960-3-3-0","sellTxId":"8513cfaae19330c764498921143867f99db4392a"}
{"index": {"_index":"spt","_id":"2910871"}}
	{"id":2910871,"type":"buy","buyer":"beetrader","seller":"sbi-tokens","symbol":"SPT","quantity":"1071.428571","price":"0.00280000","timestamp":1646467839,"volume":"3.00000000","buyTxId":"MM-P-15363966-62351758-3-3-0","sellTxId":"8513cfaae19330c764498921143867f99db4392a"}
{"index": {"_index":"spt","_id":"2910966"}}
	{"id":2910966,"type":"sell","buyer":"multifurcate","seller":"digital-fortress","symbol":"SPT","quantity":"0.585633","price":"0.00274300","timestamp":1646468733,"volume":"0.00160639","buyTxId":"18e53e8a04575e2443b766b4758a6c7f0628b259","sellTxId":"5247a5cc482576e7ed6f306bed2dd89100836e28"}
{"index": {"_index":"spt","_id":"2911034"}}
	{"id":2911034,"type":"buy","buyer":"beetrader","seller":"sbi-tokens","symbol":"SPT","quantity":"1071.428571","price":"0.00280000","timestamp":1646470239,"volume":"3.00000000","buyTxId":"MM-P-15364763-62352556-3-3-0","sellTxId":"8513cfaae19330c764498921143867f99db4392a"}
{"index": {"_index":"spt","_id":"2911211"}}
	{"id":2911211,"type":"sell","buyer":"multifurcate","seller":"ratanali","symbol":"SPT","quantity":"136","price":"0.00272100","timestamp":1646473569,"volume":"0.37005600","buyTxId":"1111d45b33d9392fe16b745f3e9355bc7cdd9cb7","sellTxId":"7bb05a17c12fd24b6573710e3a17f04c79d9dd8f"}
{"index": {"_index":"spt","_id":"2911262"}}
	{"id":2911262,"type":"buy","buyer":"jackramsey","seller":"sbi-tokens","symbol":"SPT","quantity":"2000.000000","price":"0.00280000","timestamp":1646474844,"volume":"5.60000000","buyTxId":"3fa0b4142b45022cfe09ccb0eb5fa9d1ad98c349","sellTxId":"8513cfaae19330c764498921143867f99db4392a"}
{"index": {"_index":"spt","_id":"2911320"}}
	{"id":2911320,"type":"sell","buyer":"multifurcate","seller":"drunksamurai","symbol":"SPT","quantity":"219.501606","price":"0.00272100","timestamp":1646475657,"volume":"0.59726387","buyTxId":"1111d45b33d9392fe16b745f3e9355bc7cdd9cb7","sellTxId":"5d79ecf13cef397a7094ed1c418ded1c489b3de7"}
{"index": {"_index":"spt","_id":"2911511"}}
	{"id":2911511,"type":"buy","buyer":"zionazrael","seller":"greengineer","symbol":"SPT","quantity":"1253.226849","price":"0.00279000","timestamp":1646479629,"volume":"3.49650291","buyTxId":"9db63efcd5cc78c6e1e47e5c167ea8b5af12f5bb","sellTxId":"7e997a74d85623f9512ca3537870dd93160574a0"}
{"index": {"_index":"spt","_id":"2911513"}}
	{"id":2911513,"type":"buy","buyer":"zionazrael","seller":"sbi-tokens","symbol":"SPT","quantity":"9598.959951","price":"0.00280000","timestamp":1646479647,"volume":"26.87708786","buyTxId":"e87e5d0628f50a672e52a801b95a39e382a74df0","sellTxId":"8513cfaae19330c764498921143867f99db4392a"}
{"index": {"_index":"spt","_id":"2911514"}}
	{"id":2911514,"type":"buy","buyer":"zionazrael","seller":"eterna","symbol":"SPT","quantity":"750.000000","price":"0.00280000","timestamp":1646479647,"volume":"2.10000000","buyTxId":"e87e5d0628f50a672e52a801b95a39e382a74df0","sellTxId":"1b0acb0dfc64d6796e863f3bd007351d4e539ea5"}
{"index": {"_index":"spt","_id":"2911542"}}
	{"id":2911542,"type":"sell","buyer":"multifurcate","seller":"digital-fortress","symbol":"SPT","quantity":"0.682591","price":"0.00272300","timestamp":1646480259,"volume":"0.00185870","buyTxId":"c1c68c943ac6228f13e7bd48873da9afb9e11024","sellTxId":"01ee325807186169666d24afc833d932fc81ec7c"}
{"index": {"_index":"spt","_id":"2911727"}}
	{"id":2911727,"type":"sell","buyer":"multifurcate","seller":"dubble.eth","symbol":"SPT","quantity":"7.483172","price":"0.00272300","timestamp":1646482749,"volume":"0.02037668","buyTxId":"c1c68c943ac6228f13e7bd48873da9afb9e11024","sellTxId":"ac61900531d4c9a7192e8db6d486b80d7ec21def"}
{"index": {"_index":"spt","_id":"2911882"}}
	{"id":2911882,"type":"sell","buyer":"multifurcate","seller":"mgibson","symbol":"SPT","quantity":"0.610104","price":"0.00272100","timestamp":1646484948,"volume":"0.00166009","buyTxId":"6753384761e1a8dd7e223866ec85c97e88552b47","sellTxId":"130b94e4d751c7751c0f1c54d9f620895cb8891d"}
{"index": {"_index":"spt","_id":"2911908"}}
	{"id":2911908,"type":"sell","buyer":"multifurcate","seller":"dswap","symbol":"SPT","quantity":"25.162353","price":"0.00272100","timestamp":1646485245,"volume":"0.06846676","buyTxId":"6753384761e1a8dd7e223866ec85c97e88552b47","sellTxId":"71a2b3d4aa2352dab63520a3e3d6c4a187fac5b6"}
{"index": {"_index":"spt","_id":"2912078"}}
	{"id":2912078,"type":"sell","buyer":"multifurcate","seller":"kakakk","symbol":"SPT","quantity":"19251.785227","price":"0.00272100","timestamp":1646487633,"volume":"52.38410760","buyTxId":"6753384761e1a8dd7e223866ec85c97e88552b47","sellTxId":"aed121e648729166e392cc35c172e67cc00c1f8d"}
{"index": {"_index":"spt","_id":"2912123"}}
	{"id":2912123,"type":"buy","buyer":"lordzaraza","seller":"master-lamps","symbol":"SPT","quantity":"0.520000","price":"0.00298610","timestamp":1646488293,"volume":"0.00155277","buyTxId":"d7e9fa493154307b4a5115cab98d7e1880081c97","sellTxId":"36d350a84bc03590bd025c6750b0225011fd99bb"}
{"index": {"_index":"spt","_id":"2912252"}}
	{"id":2912252,"type":"sell","buyer":"lordzaraza","seller":"brofi-market","symbol":"SPT","quantity":"0.004025","price":"0.00298610","timestamp":1646490327,"volume":"0.00001202","buyTxId":"d7e9fa493154307b4a5115cab98d7e1880081c97","sellTxId":"832e3e80e038f39c0ba31371a466dbf0c4b855f8"}
{"index": {"_index":"spt","_id":"2912308"}}
	{"id":2912308,"type":"sell","buyer":"lordzaraza","seller":"nrg","symbol":"SPT","quantity":"0.709788","price":"0.00298610","timestamp":1646490804,"volume":"0.00211950","buyTxId":"d7e9fa493154307b4a5115cab98d7e1880081c97","sellTxId":"b02e8f4ba4544f8e7c0e47184c0b93895adb74e1-12"}
{"index": {"_index":"spt","_id":"2912309"}}
	{"id":2912309,"type":"sell","buyer":"multifurcate","seller":"nrg","symbol":"SPT","quantity":"1239.258176","price":"0.00272100","timestamp":1646490804,"volume":"3.37202150","buyTxId":"6753384761e1a8dd7e223866ec85c97e88552b47","sellTxId":"b02e8f4ba4544f8e7c0e47184c0b93895adb74e1-12"}
{"index": {"_index":"spt","_id":"2912393"}}
	{"id":2912393,"type":"buy","buyer":"jacobpeacock","seller":"underlock","symbol":"SPT","quantity":"0.302500","price":"0.00298670","timestamp":1646491731,"volume":"0.00090348","buyTxId":"62f4dd63fc359d5f1f30655610745fb0888ec1c2","sellTxId":"a62de43ba0e06a1c7373b184d438a9b28cdd031b"}
{"index": {"_index":"spt","_id":"2912462"}}
	{"id":2912462,"type":"buy","buyer":"spirits4you","seller":"underlock","symbol":"SPT","quantity":"799.697500","price":"0.00298670","timestamp":1646492844,"volume":"2.38845652","buyTxId":"cddf1235518a06074ad621faa5f2554d82574904","sellTxId":"a62de43ba0e06a1c7373b184d438a9b28cdd031b"}
{"index": {"_index":"spt","_id":"2912463"}}
	{"id":2912463,"type":"buy","buyer":"spirits4you","seller":"brofi-market","symbol":"SPT","quantity":"0.004025","price":"0.00298670","timestamp":1646492844,"volume":"0.00001202","buyTxId":"cddf1235518a06074ad621faa5f2554d82574904","sellTxId":"71c9d6ae8deccd1f4f6680b7beafbaac8af68ae6"}
{"index": {"_index":"spt","_id":"2912464"}}
	{"id":2912464,"type":"buy","buyer":"spirits4you","seller":"underlock","symbol":"SPT","quantity":"767.019208","price":"0.00298850","timestamp":1646492844,"volume":"2.29223690","buyTxId":"cddf1235518a06074ad621faa5f2554d82574904","sellTxId":"7d2b45f1f48b16d80cd9cf1e18a65d7a0cdfaa84"}
{"index": {"_index":"spt","_id":"2912465"}}
	{"id":2912465,"type":"buy","buyer":"spirits4you","seller":"kitsuki","symbol":"SPT","quantity":"438.000000","price":"0.00299000","timestamp":1646492844,"volume":"1.30962000","buyTxId":"cddf1235518a06074ad621faa5f2554d82574904","sellTxId":"579661d6078dc54e557fe9fa474a8d4805c28424"}
{"index": {"_index":"spt","_id":"2912466"}}
	{"id":2912466,"type":"buy","buyer":"spirits4you","seller":"laundrywoman","symbol":"SPT","quantity":"2670.781780","price":"0.00299900","timestamp":1646492844,"volume":"8.00967456","buyTxId":"cddf1235518a06074ad621faa5f2554d82574904","sellTxId":"7351cbc50171a3ab9565ac304f1515305e27b5c6"}
{"index": {"_index":"spt","_id":"2912571"}}
	{"id":2912571,"type":"buy","buyer":"jacobpeacock","seller":"laundrywoman","symbol":"SPT","quantity":"0.091000","price":"0.00299900","timestamp":1646494047,"volume":"0.00027291","buyTxId":"4105e9f7dfdfb43e0695a84b4d92080b663385d7","sellTxId":"ac22704c1bf038965d036cb1d25aed89d1aa9668"}
{"index": {"_index":"spt","_id":"2912733"}}
	{"id":2912733,"type":"sell","buyer":"multifurcate","seller":"brofi-market","symbol":"SPT","quantity":"0.250556","price":"0.00272100","timestamp":1646496651,"volume":"0.00068176","buyTxId":"6c0ec760853cd0c381bf57a45f49edddb7fe5d53","sellTxId":"ede52c9afdb83def6dd8566ae23b9486e8f3443d"}
{"index": {"_index":"spt","_id":"2912909"}}
	{"id":2912909,"type":"sell","buyer":"multifurcate","seller":"mcgilli","symbol":"SPT","quantity":"589.068773","price":"0.00272100","timestamp":1646498493,"volume":"1.60285613","buyTxId":"6c0ec760853cd0c381bf57a45f49edddb7fe5d53","sellTxId":"1156570ef3c0387a014a851e1e96ddc0c8fc9580"}
{"index": {"_index":"spt","_id":"2912960"}}
	{"id":2912960,"type":"sell","buyer":"multifurcate","seller":"lisergicus","symbol":"SPT","quantity":"107.000000","price":"0.00272100","timestamp":1646499042,"volume":"0.29114700","buyTxId":"6c0ec760853cd0c381bf57a45f49edddb7fe5d53","sellTxId":"6ad4513f67fffa160607ad8083c5a670c7bdd438"}
{"index": {"_index":"spt","_id":"2913040"}}
	{"id":2913040,"type":"buy","buyer":"robibasa","seller":"tabs1250","symbol":"SPT","quantity":"79.054396","price":"0.00299000","timestamp":1646499768,"volume":"0.23637264","buyTxId":"a04454a38e72d3c5f969b0d817fa211fffd9ec92","sellTxId":"4e27d98f35b834e48855256fc4ef27f60ee695d8"}
{"index": {"_index":"spt","_id":"2913041"}}
	{"id":2913041,"type":"buy","buyer":"robibasa","seller":"brofi-market","symbol":"SPT","quantity":"0.250556","price":"0.00299000","timestamp":1646499768,"volume":"0.00074916","buyTxId":"a04454a38e72d3c5f969b0d817fa211fffd9ec92","sellTxId":"299c5061fb0288c494fb4fce79c159b3508dbe70"}
{"index": {"_index":"spt","_id":"2913164"}}
	{"id":2913164,"type":"sell","buyer":"robibasa","seller":"yugure","symbol":"SPT","quantity":"158.487693","price":"0.00299000","timestamp":1646500827,"volume":"0.47387820","buyTxId":"a04454a38e72d3c5f969b0d817fa211fffd9ec92","sellTxId":"7656149b55b7d43d5bd7ae98f2d2d2046473bdd5"}
{"index": {"_index":"spt","_id":"2913243"}}
	{"id":2913243,"type":"buy","buyer":"steemseph","seller":"laundrywoman","symbol":"SPT","quantity":"2000.000000","price":"0.00298900","timestamp":1646501418,"volume":"5.97800000","buyTxId":"6b341ab09abb3c2a0cde6d877e4ded5ad1553319","sellTxId":"359f539557853584f3411b147e1517335e2340e7"}
{"index": {"_index":"spt","_id":"2913532"}}
	{"id":2913532,"type":"sell","buyer":"multifurcate","seller":"lisergicus","symbol":"SPT","quantity":"700.000000","price":"0.00272100","timestamp":1646503122,"volume":"1.90470000","buyTxId":"6c0ec760853cd0c381bf57a45f49edddb7fe5d53","sellTxId":"8335a888089165552c67faf8efd315ac7a01fc89"}
{"index": {"_index":"spt","_id":"2913588"}}
	{"id":2913588,"type":"sell","buyer":"sbi-tokens","seller":"lisergicus","symbol":"SPT","quantity":"700.000000","price":"0.00272000","timestamp":1646503617,"volume":"1.90400000","buyTxId":"05b5cab091f46a29ab2501fcba91fb408acb2758","sellTxId":"a52b0ae521ebd44d18ad23292f86a0c5f7f30524"}
{"index": {"_index":"spt","_id":"2913811"}}
	{"id":2913811,"type":"sell","buyer":"sbi-tokens","seller":"dhedge-drips","symbol":"SPT","quantity":"0.023865","price":"0.00272000","timestamp":1646506011,"volume":"0.00006491","buyTxId":"05b5cab091f46a29ab2501fcba91fb408acb2758","sellTxId":"e9aac9f8c07d61283cc29b18884187430dbca74f"}
{"index": {"_index":"spt","_id":"2913875"}}
	{"id":2913875,"type":"sell","buyer":"sbi-tokens","seller":"princekappa","symbol":"SPT","quantity":"5.041632","price":"0.00272000","timestamp":1646506356,"volume":"0.01371324","buyTxId":"05b5cab091f46a29ab2501fcba91fb408acb2758","sellTxId":"59cda8c55eca01d8405a496d90396c8f95265a92"}
{"index": {"_index":"spt","_id":"2914376"}}
	{"id":2914376,"type":"sell","buyer":"sbi-tokens","seller":"brofi-market","symbol":"SPT","quantity":"0.931790","price":"0.00272000","timestamp":1646511057,"volume":"0.00253447","buyTxId":"05b5cab091f46a29ab2501fcba91fb408acb2758","sellTxId":"93f866a0b357f0a3b7cfa1d271f19c6fd561acee"}
{"index": {"_index":"spt","_id":"2914449"}}
	{"id":2914449,"type":"sell","buyer":"multifurcate","seller":"kasaisoul","symbol":"SPT","quantity":"149.066821","price":"0.00272100","timestamp":1646511810,"volume":"0.40561082","buyTxId":"1a2b6db19a1a0dab9dc552e4e4a168e5c3a40ec7","sellTxId":"c566699e3b22b9ca9d7e6a901b97b7cca6d6a13e"}
{"index": {"_index":"spt","_id":"2914507"}}
	{"id":2914507,"type":"sell","buyer":"multifurcate","seller":"balbaabart","symbol":"SPT","quantity":"21697.992240","price":"0.00272100","timestamp":1646512281,"volume":"59.04023689","buyTxId":"1a2b6db19a1a0dab9dc552e4e4a168e5c3a40ec7","sellTxId":"51490eb93cc041531f634807b970dff5e5bd3bbb"}
{"index": {"_index":"spt","_id":"2914597"}}
	{"id":2914597,"type":"sell","buyer":"sbi-tokens","seller":"timtheteacher","symbol":"SPT","quantity":"1819","price":"0.00272000","timestamp":1646513262,"volume":"4.94768000","buyTxId":"05b5cab091f46a29ab2501fcba91fb408acb2758","sellTxId":"b46e9d40ec2c08e3a73f9ee7a1cde824bba1e077"}
{"index": {"_index":"spt","_id":"2915237"}}
	{"id":2915237,"type":"sell","buyer":"multifurcate","seller":"catomoon","symbol":"SPT","quantity":"2.320653","price":"0.00272100","timestamp":1646520099,"volume":"0.00631450","buyTxId":"36affac9e566cd4af762b91d48c60faf9c20e40c","sellTxId":"be1dbf8e162a2da6323fdfcc102f503f3119492e"}
{"index": {"_index":"spt","_id":"2915338"}}
	{"id":2915338,"type":"sell","buyer":"multifurcate","seller":"he-index","symbol":"SPT","quantity":"0.044000","price":"0.00272100","timestamp":1646521392,"volume":"0.00011972","buyTxId":"36affac9e566cd4af762b91d48c60faf9c20e40c","sellTxId":"8f74735827c9e539ff0cc66917b50cb91c0d2e18"}
{"index": {"_index":"spt","_id":"2915488"}}
	{"id":2915488,"type":"sell","buyer":"multifurcate","seller":"cynano","symbol":"SPT","quantity":"326.466026","price":"0.00272100","timestamp":1646523123,"volume":"0.88831406","buyTxId":"36affac9e566cd4af762b91d48c60faf9c20e40c","sellTxId":"d57b79db0d100d6d1925eede2f33ee9978e11030"}
{"index": {"_index":"spt","_id":"2915745"}}
	{"id":2915745,"type":"sell","buyer":"multifurcate","seller":"brofi-market","symbol":"SPT","quantity":"4.368902","price":"0.00272100","timestamp":1646525643,"volume":"0.01188778","buyTxId":"f5cb172a3cf0d2ea25c5c0e254930405f78a4cbb","sellTxId":"199ed68a085aadbb0d9330bdc23e6d087b0af710"}
{"index": {"_index":"spt","_id":"2915856"}}
	{"id":2915856,"type":"sell","buyer":"multifurcate","seller":"digital-fortress","symbol":"SPT","quantity":"2.477083","price":"0.00272100","timestamp":1646527062,"volume":"0.00674014","buyTxId":"f5cb172a3cf0d2ea25c5c0e254930405f78a4cbb","sellTxId":"c86e5c8ee5c8e3af8057ce2f228f3db25f822d0f"}
{"index": {"_index":"spt","_id":"2915906"}}
	{"id":2915906,"type":"sell","buyer":"multifurcate","seller":"dhedge-drips","symbol":"SPT","quantity":"0.087674","price":"0.00272100","timestamp":1646527599,"volume":"0.00023856","buyTxId":"f5cb172a3cf0d2ea25c5c0e254930405f78a4cbb","sellTxId":"9585e3aa16e35d790fbfe749c77a08b5bc1c2013"}
{"index": {"_index":"spt","_id":"2916137"}}
	{"id":2916137,"type":"sell","buyer":"multifurcate","seller":"chireerocks","symbol":"SPT","quantity":"92.406741","price":"0.00272100","timestamp":1646530644,"volume":"0.25143874","buyTxId":"f5cb172a3cf0d2ea25c5c0e254930405f78a4cbb","sellTxId":"941d89e47360b136babefd09acf117e4941fee89"}
{"index": {"_index":"spt","_id":"2916224"}}
	{"id":2916224,"type":"buy","buyer":"illegal-migrant","seller":"lulu-the-fizzgig","symbol":"SPT","quantity":"40.000000","price":"0.00298000","timestamp":1646531766,"volume":"0.11920000","buyTxId":"4d38cc2ddb0b7450579cc30d53d724df1ea88383","sellTxId":"136e7051b613eec575deacf439224413bf43af51"}
{"index": {"_index":"spt","_id":"2916225"}}
	{"id":2916225,"type":"buy","buyer":"illegal-migrant","seller":"dhedge-drips","symbol":"SPT","quantity":"0.023865","price":"0.00298000","timestamp":1646531766,"volume":"0.00007112","buyTxId":"4d38cc2ddb0b7450579cc30d53d724df1ea88383","sellTxId":"a204f8f3a8a1583935fae7d57480fd375836e3af"}
{"index": {"_index":"spt","_id":"2916226"}}
	{"id":2916226,"type":"buy","buyer":"illegal-migrant","seller":"brofi-market","symbol":"SPT","quantity":"0.931790","price":"0.00298000","timestamp":1646531766,"volume":"0.00277673","buyTxId":"4d38cc2ddb0b7450579cc30d53d724df1ea88383","sellTxId":"6210394fc86763d1d24b69be81153a6ef7335087"}
{"index": {"_index":"spt","_id":"2916227"}}
	{"id":2916227,"type":"buy","buyer":"illegal-migrant","seller":"brofi-market","symbol":"SPT","quantity":"4.368902","price":"0.00298000","timestamp":1646531766,"volume":"0.01301933","buyTxId":"4d38cc2ddb0b7450579cc30d53d724df1ea88383","sellTxId":"61d6d8829a143408bc32cf4a7f6f3045758119c0"}
{"index": {"_index":"spt","_id":"2916228"}}
	{"id":2916228,"type":"buy","buyer":"illegal-migrant","seller":"dhedge-drips","symbol":"SPT","quantity":"0.087674","price":"0.00298000","timestamp":1646531766,"volume":"0.00026127","buyTxId":"4d38cc2ddb0b7450579cc30d53d724df1ea88383","sellTxId":"25f384a192d518d283967c2e61c133cab66684df"}
{"index": {"_index":"spt","_id":"2916376"}}
	{"id":2916376,"type":"buy","buyer":"grimmazrael","seller":"master-lamps","symbol":"SPT","quantity":"0.762000","price":"0.00298899","timestamp":1646534262,"volume":"0.00227761","buyTxId":"3e262575c68d195004197edc251bde61b3e9ffbc","sellTxId":"0bc370088f9f494f64249f01873ea0e9c40d5a6b"}
{"index": {"_index":"spt","_id":"2916419"}}
	{"id":2916419,"type":"sell","buyer":"grimmazrael","seller":"gank","symbol":"SPT","quantity":"1285.238000","price":"0.00298899","timestamp":1646534835,"volume":"3.84156353","buyTxId":"3e262575c68d195004197edc251bde61b3e9ffbc","sellTxId":"20ebbee8f3e842960774d2ca86a311eb40e21b34"}
{"index": {"_index":"spt","_id":"2916420"}}
	{"id":2916420,"type":"sell","buyer":"illegal-migrant","seller":"gank","symbol":"SPT","quantity":"184.587769","price":"0.00298000","timestamp":1646534835,"volume":"0.55007155","buyTxId":"4d38cc2ddb0b7450579cc30d53d724df1ea88383","sellTxId":"20ebbee8f3e842960774d2ca86a311eb40e21b34"}
{"index": {"_index":"spt","_id":"2916421"}}
	{"id":2916421,"type":"sell","buyer":"multifurcate","seller":"gank","symbol":"SPT","quantity":"4314.316505","price":"0.00272100","timestamp":1646534835,"volume":"11.73925521","buyTxId":"f5cb172a3cf0d2ea25c5c0e254930405f78a4cbb","sellTxId":"20ebbee8f3e842960774d2ca86a311eb40e21b34"}
{"index": {"_index":"spt","_id":"2916460"}}
	{"id":2916460,"type":"sell","buyer":"multifurcate","seller":"shaidon","symbol":"SPT","quantity":"2640.000000","price":"0.00272100","timestamp":1646535384,"volume":"7.18344000","buyTxId":"f5cb172a3cf0d2ea25c5c0e254930405f78a4cbb","sellTxId":"b62e08a764cf61f11907a039147c5eef459718a7"}
{"index": {"_index":"spt","_id":"2916569"}}
	{"id":2916569,"type":"buy","buyer":"jongolson","seller":"laundrywoman","symbol":"SPT","quantity":"1000.000000","price":"0.00298900","timestamp":1646537586,"volume":"2.98900000","buyTxId":"3adf93be4cd907ad70b18d90fa8e1e33252ad05a","sellTxId":"4a9810f8c6709da6bbd5ef7a941651e806386c15"}
