{"index": {"_index":"spt","_id":"3201639"}}
	{"id":3201639,"type":"sell","buyer":"thewycher","seller":"durlan","symbol":"SPT","quantity":"928.538518","price":"0.00196503","timestamp":1649991960,"volume":"1.82460604","buyTxId":"12ef3feff981ce5c91a1601def4c3e9d6e8d552a","sellTxId":"175cccf9305292ebf48aed66b45bafb49c4fb7cd"}
{"index": {"_index":"spt","_id":"3201640"}}
	{"id":3201640,"type":"sell","buyer":"thewycher","seller":"durlan","symbol":"SPT","quantity":"781.017467","price":"0.00196503","timestamp":1649991960,"volume":"1.53472275","buyTxId":"fae022539e44fc474f3e842ff16cbfb83d19cf22","sellTxId":"175cccf9305292ebf48aed66b45bafb49c4fb7cd"}
{"index": {"_index":"spt","_id":"3201762"}}
	{"id":3201762,"type":"buy","buyer":"dswap","seller":"kitsuki","symbol":"SPT","quantity":"231.541752","price":"0.00249893","timestamp":1649993004,"volume":"0.57860663","buyTxId":"38d8d27e288366fd36a543575b261b3da248a649","sellTxId":"4557f2dfe75fd96b18cc21d1fb3758464b667caf"}
{"index": {"_index":"spt","_id":"3201763"}}
	{"id":3201763,"type":"buy","buyer":"dswap","seller":"brofi-market","symbol":"SPT","quantity":"7.658844","price":"0.00249893","timestamp":1649993004,"volume":"0.01913892","buyTxId":"38d8d27e288366fd36a543575b261b3da248a649","sellTxId":"f3482b92f2c01cea4cd6adb0e86114728f90c9ac"}
{"index": {"_index":"spt","_id":"3201764"}}
	{"id":3201764,"type":"buy","buyer":"dswap","seller":"dhedge-drips","symbol":"SPT","quantity":"0.006642","price":"0.00249893","timestamp":1649993004,"volume":"0.00001660","buyTxId":"38d8d27e288366fd36a543575b261b3da248a649","sellTxId":"d0f85230278d7fbe7572a333a92eee6ffc49549c"}
{"index": {"_index":"spt","_id":"3201765"}}
	{"id":3201765,"type":"buy","buyer":"dswap","seller":"brofi-market","symbol":"SPT","quantity":"0.691099","price":"0.00249900","timestamp":1649993004,"volume":"0.00172706","buyTxId":"38d8d27e288366fd36a543575b261b3da248a649","sellTxId":"dd8b90a3b91c238cb7a8858e370cdad4c87e46ee"}
{"index": {"_index":"spt","_id":"3201766"}}
	{"id":3201766,"type":"buy","buyer":"dswap","seller":"dhedge-drips","symbol":"SPT","quantity":"0.006726","price":"0.00250000","timestamp":1649993004,"volume":"0.00001682","buyTxId":"38d8d27e288366fd36a543575b261b3da248a649","sellTxId":"8507e0e14dcf4b11117652ad2212fba3c0f20a57"}
{"index": {"_index":"spt","_id":"3201767"}}
	{"id":3201767,"type":"buy","buyer":"dswap","seller":"laundrywoman","symbol":"SPT","quantity":"6.403554","price":"0.00257549","timestamp":1649993004,"volume":"0.01649229","buyTxId":"38d8d27e288366fd36a543575b261b3da248a649","sellTxId":"d38adcc99680110d5b2cadb550a5bb3814816632"}
{"index": {"_index":"spt","_id":"3201798"}}
	{"id":3201798,"type":"sell","buyer":"thewycher","seller":"lipe100dedos","symbol":"SPT","quantity":"218.982532","price":"0.00196503","timestamp":1649993325,"volume":"0.43030724","buyTxId":"fae022539e44fc474f3e842ff16cbfb83d19cf22","sellTxId":"587e5e5f93ec7c038082c0d1218a877fb079a8d4"}
{"index": {"_index":"spt","_id":"3201799"}}
	{"id":3201799,"type":"sell","buyer":"thewycher","seller":"lipe100dedos","symbol":"SPT","quantity":"999.999999","price":"0.00196503","timestamp":1649993325,"volume":"1.96503000","buyTxId":"79dcf74401c80305e4ac90ac8fe2eac7691b54e6","sellTxId":"587e5e5f93ec7c038082c0d1218a877fb079a8d4"}
{"index": {"_index":"spt","_id":"3201800"}}
	{"id":3201800,"type":"sell","buyer":"thewycher","seller":"lipe100dedos","symbol":"SPT","quantity":"148.779474","price":"0.00196503","timestamp":1649993325,"volume":"0.29235613","buyTxId":"7c94a619331f1ecc56c77bbc382096096ed34c98","sellTxId":"587e5e5f93ec7c038082c0d1218a877fb079a8d4"}
{"index": {"_index":"spt","_id":"3201894"}}
	{"id":3201894,"type":"buy","buyer":"kitsuki","seller":"osomar357","symbol":"SPT","quantity":"0.001491","price":"0.00196512","timestamp":1649994546,"volume":"0.00000293","buyTxId":"2a45fa08577a054a5d16a3b4dda25db955e504ed","sellTxId":"ce5e8e32489e59d09ce38effdcc0ea12a0164f34"}
{"index": {"_index":"spt","_id":"3201913"}}
	{"id":3201913,"type":"sell","buyer":"multifurcate","seller":"brucolac","symbol":"SPT","quantity":"1721.877","price":"0.00196604","timestamp":1649994897,"volume":"3.38527906","buyTxId":"3a0d920d13dfe0c1ef1f4f7ff81df4a4fadb0272","sellTxId":"4ab1d895e973d5364d032fba89cfa56d93e2e80b"}
{"index": {"_index":"spt","_id":"3201925"}}
	{"id":3201925,"type":"sell","buyer":"multifurcate","seller":"beluhan19","symbol":"SPT","quantity":"1900.688058","price":"0.00196604","timestamp":1649995194,"volume":"3.73682875","buyTxId":"3a0d920d13dfe0c1ef1f4f7ff81df4a4fadb0272","sellTxId":"9d6d346e8219226d99028815a3a94b54d8114378"}
{"index": {"_index":"spt","_id":"3201972"}}
	{"id":3201972,"type":"sell","buyer":"thewycher","seller":"brofi-market","symbol":"SPT","quantity":"0.051647","price":"0.00196605","timestamp":1649995908,"volume":"0.00010154","buyTxId":"1631230d326de0299aa2748adc418e0fa8b71b10","sellTxId":"09ea33a1491344ace9a22cd6167ce87ffb2f8ac3"}
{"index": {"_index":"spt","_id":"3202684"}}
	{"id":3202684,"type":"sell","buyer":"kitsuki","seller":"dhedge-drips","symbol":"SPT","quantity":"0.004841","price":"0.00196705","timestamp":1650005154,"volume":"0.00000952","buyTxId":"3af1a0e91eb8a3ef79ada97fb66baaea5923b132","sellTxId":"2eba990658d059533e4f92ccfc5aab6545f31b6e"}
{"index": {"_index":"spt","_id":"3202968"}}
	{"id":3202968,"type":"sell","buyer":"kitsuki","seller":"pewsplosions","symbol":"SPT","quantity":"5.440627","price":"0.00196705","timestamp":1650009276,"volume":"0.01070199","buyTxId":"3af1a0e91eb8a3ef79ada97fb66baaea5923b132","sellTxId":"de02154819172f8af17b0860384e8f94a5969cb2"}
{"index": {"_index":"spt","_id":"3202983"}}
	{"id":3202983,"type":"sell","buyer":"kitsuki","seller":"marfonso","symbol":"SPT","quantity":"1.590000","price":"0.00196705","timestamp":1650009345,"volume":"0.00312761","buyTxId":"3af1a0e91eb8a3ef79ada97fb66baaea5923b132","sellTxId":"1f843e78d1ddc027241dafcd31a4f5a11047d690"}
{"index": {"_index":"spt","_id":"3203040"}}
	{"id":3203040,"type":"sell","buyer":"kitsuki","seller":"brofi-market","symbol":"SPT","quantity":"0.266768","price":"0.00196705","timestamp":1650010149,"volume":"0.00052475","buyTxId":"3af1a0e91eb8a3ef79ada97fb66baaea5923b132","sellTxId":"07cfdbbdee650882dd1fb9f2a7ad59ff8985b223"}
{"index": {"_index":"spt","_id":"3203088"}}
	{"id":3203088,"type":"sell","buyer":"kitsuki","seller":"spillmaster","symbol":"SPT","quantity":"32.697764","price":"0.00196705","timestamp":1650010764,"volume":"0.06431813","buyTxId":"3af1a0e91eb8a3ef79ada97fb66baaea5923b132","sellTxId":"6c0de2dbed3d584f7903edd64710548e0c72158d"}
{"index": {"_index":"spt","_id":"3203095"}}
	{"id":3203095,"type":"buy","buyer":"thewycher","seller":"spillmaster","symbol":"SPT","quantity":"62.464068","price":"0.00196639","timestamp":1650010863,"volume":"0.12282872","buyTxId":"3f2a9d6b5195869e912a7ecb715be36375d14a29","sellTxId":"6c0de2dbed3d584f7903edd64710548e0c72158d"}
{"index": {"_index":"spt","_id":"3203102"}}
	{"id":3203102,"type":"buy","buyer":"thewycher","seller":"rqr4","symbol":"SPT","quantity":"1369.047102","price":"0.00237446","timestamp":1650010956,"volume":"3.25074758","buyTxId":"307f41fe76acc8b173a5723f9ad8ffbf06c2db63","sellTxId":"52eb3659c83028bb2f20a1f297d763bc58dcd3e7"}
{"index": {"_index":"spt","_id":"3203103"}}
	{"id":3203103,"type":"buy","buyer":"thewycher","seller":"brofi-market","symbol":"SPT","quantity":"0.266768","price":"0.00237446","timestamp":1650010956,"volume":"0.00063343","buyTxId":"307f41fe76acc8b173a5723f9ad8ffbf06c2db63","sellTxId":"ac6acbd1f0473d63c8b2456eb9463411fecb3dc3"}
{"index": {"_index":"spt","_id":"3203182"}}
	{"id":3203182,"type":"sell","buyer":"thewycher","seller":"transcript-junky","symbol":"SPT","quantity":"999.948352","price":"0.00196605","timestamp":1650012420,"volume":"1.96594846","buyTxId":"1631230d326de0299aa2748adc418e0fa8b71b10","sellTxId":"0940e9e996586cae95d9d916a74c327ab889347d"}
{"index": {"_index":"spt","_id":"3203183"}}
	{"id":3203183,"type":"sell","buyer":"thewycher","seller":"transcript-junky","symbol":"SPT","quantity":"999.999999","price":"0.00196605","timestamp":1650012420,"volume":"1.96605000","buyTxId":"06f6ef58d80408b3561d7f4d912cea2314ccc16f","sellTxId":"0940e9e996586cae95d9d916a74c327ab889347d"}
{"index": {"_index":"spt","_id":"3203184"}}
	{"id":3203184,"type":"sell","buyer":"thewycher","seller":"transcript-junky","symbol":"SPT","quantity":"999.999999","price":"0.00196605","timestamp":1650012420,"volume":"1.96605000","buyTxId":"1bd78bfd1d26653a8b3b9fef4128bc39ec89e3c0","sellTxId":"0940e9e996586cae95d9d916a74c327ab889347d"}
{"index": {"_index":"spt","_id":"3203185"}}
	{"id":3203185,"type":"sell","buyer":"thewycher","seller":"transcript-junky","symbol":"SPT","quantity":"999.999999","price":"0.00196605","timestamp":1650012420,"volume":"1.96605000","buyTxId":"6a3c68c58e81f570d3eb0dce04d437ef36bd4149","sellTxId":"0940e9e996586cae95d9d916a74c327ab889347d"}
{"index": {"_index":"spt","_id":"3203186"}}
	{"id":3203186,"type":"sell","buyer":"thewycher","seller":"transcript-junky","symbol":"SPT","quantity":"897.222150","price":"0.00196605","timestamp":1650012420,"volume":"1.76398361","buyTxId":"a9c825ac40fee6ffdd10d76d99d7df1e9a1bcbcb","sellTxId":"0940e9e996586cae95d9d916a74c327ab889347d"}
{"index": {"_index":"spt","_id":"3203562"}}
	{"id":3203562,"type":"sell","buyer":"thewycher","seller":"karamyog","symbol":"SPT","quantity":"102.777849","price":"0.00196605","timestamp":1650017592,"volume":"0.20206639","buyTxId":"a9c825ac40fee6ffdd10d76d99d7df1e9a1bcbcb","sellTxId":"93992c5695d519b025ef99104cd95b71ce23a07c"}
{"index": {"_index":"spt","_id":"3203563"}}
	{"id":3203563,"type":"sell","buyer":"thewycher","seller":"karamyog","symbol":"SPT","quantity":"132.741475","price":"0.00196605","timestamp":1650017592,"volume":"0.26097638","buyTxId":"6714107f2c0965efd46b67a08812fd33aa94b796","sellTxId":"93992c5695d519b025ef99104cd95b71ce23a07c"}
{"index": {"_index":"spt","_id":"3203814"}}
	{"id":3203814,"type":"sell","buyer":"thewycher","seller":"ketcom","symbol":"SPT","quantity":"867.258524","price":"0.00196605","timestamp":1650020670,"volume":"1.70507362","buyTxId":"6714107f2c0965efd46b67a08812fd33aa94b796","sellTxId":"ecb32e67f53cdd56d4692c237d119408fcbb9bbc"}
{"index": {"_index":"spt","_id":"3203815"}}
	{"id":3203815,"type":"sell","buyer":"thewycher","seller":"ketcom","symbol":"SPT","quantity":"999.999999","price":"0.00196605","timestamp":1650020670,"volume":"1.96605000","buyTxId":"49cb53bdf82374425647e3160f3219b8cd0473f6","sellTxId":"ecb32e67f53cdd56d4692c237d119408fcbb9bbc"}
{"index": {"_index":"spt","_id":"3203816"}}
	{"id":3203816,"type":"sell","buyer":"thewycher","seller":"ketcom","symbol":"SPT","quantity":"999.999999","price":"0.00196605","timestamp":1650020670,"volume":"1.96605000","buyTxId":"cd1954a13879f93f7bbbb3161fd1761958c971c8","sellTxId":"ecb32e67f53cdd56d4692c237d119408fcbb9bbc"}
{"index": {"_index":"spt","_id":"3203817"}}
	{"id":3203817,"type":"sell","buyer":"thewycher","seller":"ketcom","symbol":"SPT","quantity":"999.999999","price":"0.00196605","timestamp":1650020670,"volume":"1.96605000","buyTxId":"adae13b81e4f1001b0abeade90fa49123f17b2eb","sellTxId":"ecb32e67f53cdd56d4692c237d119408fcbb9bbc"}
{"index": {"_index":"spt","_id":"3203818"}}
	{"id":3203818,"type":"sell","buyer":"thewycher","seller":"ketcom","symbol":"SPT","quantity":"999.999999","price":"0.00196605","timestamp":1650020670,"volume":"1.96605000","buyTxId":"9493aaf0250cce1fcbb5f29e356bfd26f6a434c5","sellTxId":"ecb32e67f53cdd56d4692c237d119408fcbb9bbc"}
{"index": {"_index":"spt","_id":"3203819"}}
	{"id":3203819,"type":"sell","buyer":"thewycher","seller":"ketcom","symbol":"SPT","quantity":"999.999999","price":"0.00196605","timestamp":1650020670,"volume":"1.96605000","buyTxId":"0aa813356d4cfed509416d2ce8f518593a01d968","sellTxId":"ecb32e67f53cdd56d4692c237d119408fcbb9bbc"}
{"index": {"_index":"spt","_id":"3203820"}}
	{"id":3203820,"type":"sell","buyer":"thewycher","seller":"ketcom","symbol":"SPT","quantity":"999.999999","price":"0.00196605","timestamp":1650020670,"volume":"1.96605000","buyTxId":"311a3cde1aa93c62926312ca2dde3957e24e88cb","sellTxId":"ecb32e67f53cdd56d4692c237d119408fcbb9bbc"}
{"index": {"_index":"spt","_id":"3203821"}}
	{"id":3203821,"type":"sell","buyer":"thewycher","seller":"ketcom","symbol":"SPT","quantity":"999.999999","price":"0.00196605","timestamp":1650020670,"volume":"1.96605000","buyTxId":"389749cfaf1c7cfe03194fb9adc8f37998a6c729","sellTxId":"ecb32e67f53cdd56d4692c237d119408fcbb9bbc"}
{"index": {"_index":"spt","_id":"3203822"}}
	{"id":3203822,"type":"sell","buyer":"thewycher","seller":"ketcom","symbol":"SPT","quantity":"999.999999","price":"0.00196605","timestamp":1650020670,"volume":"1.96605000","buyTxId":"d58f491a22984cfd323151ac0fc3352f38387fa2","sellTxId":"ecb32e67f53cdd56d4692c237d119408fcbb9bbc"}
{"index": {"_index":"spt","_id":"3203823"}}
	{"id":3203823,"type":"sell","buyer":"thewycher","seller":"ketcom","symbol":"SPT","quantity":"999.999999","price":"0.00196605","timestamp":1650020670,"volume":"1.96605000","buyTxId":"c3e970326e3f99b3293086eca8bee182a70d77e2","sellTxId":"ecb32e67f53cdd56d4692c237d119408fcbb9bbc"}
{"index": {"_index":"spt","_id":"3203824"}}
	{"id":3203824,"type":"sell","buyer":"thewycher","seller":"ketcom","symbol":"SPT","quantity":"999.999999","price":"0.00196605","timestamp":1650020670,"volume":"1.96605000","buyTxId":"f466cc3bcb2c6d3f2944bd77cec1a45b3db020fa","sellTxId":"ecb32e67f53cdd56d4692c237d119408fcbb9bbc"}
{"index": {"_index":"spt","_id":"3203825"}}
	{"id":3203825,"type":"sell","buyer":"thewycher","seller":"ketcom","symbol":"SPT","quantity":"999.999999","price":"0.00196605","timestamp":1650020670,"volume":"1.96605000","buyTxId":"5de3ab10758520b1e319e4d2d5e3bef764e7f980","sellTxId":"ecb32e67f53cdd56d4692c237d119408fcbb9bbc"}
{"index": {"_index":"spt","_id":"3203826"}}
	{"id":3203826,"type":"sell","buyer":"thewycher","seller":"ketcom","symbol":"SPT","quantity":"999.999999","price":"0.00196605","timestamp":1650020670,"volume":"1.96605000","buyTxId":"a1f7f8fd259cb44986e87b0cf4eb43d04fa22445","sellTxId":"ecb32e67f53cdd56d4692c237d119408fcbb9bbc"}
{"index": {"_index":"spt","_id":"3203827"}}
	{"id":3203827,"type":"sell","buyer":"thewycher","seller":"ketcom","symbol":"SPT","quantity":"296.074234","price":"0.00196605","timestamp":1650020670,"volume":"0.58209675","buyTxId":"1c4b9153f3668ea7c94fd1442fa9de0a179169b5","sellTxId":"ecb32e67f53cdd56d4692c237d119408fcbb9bbc"}
{"index": {"_index":"spt","_id":"3203829"}}
	{"id":3203829,"type":"sell","buyer":"multifurcate","seller":"ketcom","symbol":"SPT","quantity":"6281.824791","price":"0.00196604","timestamp":1650020709,"volume":"12.35031881","buyTxId":"c2b41b23e7255bb8294b5c5138cb1ac215f7da53","sellTxId":"be2d3a7614c41d8882b6e8821cd79649d9ad13ad"}
{"index": {"_index":"spt","_id":"3204109"}}
	{"id":3204109,"type":"sell","buyer":"thewycher","seller":"brofi-market","symbol":"SPT","quantity":"0.001784","price":"0.00196605","timestamp":1650024750,"volume":"0.00000351","buyTxId":"0b749528b1fb28be0a50e43fd14048b68708a4a2","sellTxId":"17a9938c94c25067baa23c9d23a1f0e04c48342c"}
{"index": {"_index":"spt","_id":"3204163"}}
	{"id":3204163,"type":"buy","buyer":"cathnir","seller":"brofi-market","symbol":"SPT","quantity":"0.051647","price":"0.00257446","timestamp":1650025440,"volume":"0.00013296","buyTxId":"d2a8de15764d0c0cb121fadbd077a9e360b7f54b","sellTxId":"02bb34de68299e9ca23c1c1c3d6ed7203c219eb9"}
{"index": {"_index":"spt","_id":"3204164"}}
	{"id":3204164,"type":"buy","buyer":"cathnir","seller":"dhedge-drips","symbol":"SPT","quantity":"0.004841","price":"0.00257446","timestamp":1650025440,"volume":"0.00001246","buyTxId":"d2a8de15764d0c0cb121fadbd077a9e360b7f54b","sellTxId":"68b019b8379f24a4259dc60645ef3d06974e1dd8"}
{"index": {"_index":"spt","_id":"3204165"}}
	{"id":3204165,"type":"buy","buyer":"cathnir","seller":"laundrywoman","symbol":"SPT","quantity":"1355.302305","price":"0.00257446","timestamp":1650025440,"volume":"3.48917157","buyTxId":"d2a8de15764d0c0cb121fadbd077a9e360b7f54b","sellTxId":"49b7601e42024fba07cdda0ed51ca78791a43e41"}
{"index": {"_index":"spt","_id":"3204179"}}
	{"id":3204179,"type":"sell","buyer":"thewycher","seller":"epicur0","symbol":"SPT","quantity":"220.032043","price":"0.00196605","timestamp":1650025617,"volume":"0.43259400","buyTxId":"0b749528b1fb28be0a50e43fd14048b68708a4a2","sellTxId":"3341c6e7f61e8c565bf5c2b48f95f70d892da9cf"}
{"index": {"_index":"spt","_id":"3204241"}}
	{"id":3204241,"type":"sell","buyer":"thewycher","seller":"dhedge-drips","symbol":"SPT","quantity":"0.025176","price":"0.00196605","timestamp":1650026763,"volume":"0.00004950","buyTxId":"0b749528b1fb28be0a50e43fd14048b68708a4a2","sellTxId":"eec11229a517f5d26fcf24be462a5e72f7941d88"}
{"index": {"_index":"spt","_id":"3204578"}}
	{"id":3204578,"type":"sell","buyer":"thewycher","seller":"dswap","symbol":"SPT","quantity":"0.552444","price":"0.00196605","timestamp":1650030414,"volume":"0.00108613","buyTxId":"0b749528b1fb28be0a50e43fd14048b68708a4a2","sellTxId":"3593cbfcd0d186ca1417eb371a71f602065dda03"}
{"index": {"_index":"spt","_id":"3204685"}}
	{"id":3204685,"type":"sell","buyer":"multifurcate","seller":"thranax","symbol":"SPT","quantity":"86.379724","price":"0.00196705","timestamp":1650031785,"volume":"0.16991324","buyTxId":"1031c545efe79a28b21b363e569c0c0b0f6a12a9","sellTxId":"5d247d079e24dd0c11636b53e5c8f6a10d98518a"}
{"index": {"_index":"spt","_id":"3205111"}}
	{"id":3205111,"type":"sell","buyer":"kitsuki","seller":"world4play2earn","symbol":"SPT","quantity":"800.000000","price":"0.00196706","timestamp":1650036810,"volume":"1.57364800","buyTxId":"968f169cc00bb6eb9a4a7ace2aedae5dee3430ac","sellTxId":"29209cb44afbb4f5906697c75223df6f8e12da7e"}
{"index": {"_index":"spt","_id":"3205142"}}
	{"id":3205142,"type":"buy","buyer":"thewycher","seller":"world4play2earn","symbol":"SPT","quantity":"999.999999","price":"0.00196706","timestamp":1650037113,"volume":"1.96706000","buyTxId":"043240c72b8f1cf65d297d81c98a65b4744d5734","sellTxId":"29209cb44afbb4f5906697c75223df6f8e12da7e"}
{"index": {"_index":"spt","_id":"3205146"}}
	{"id":3205146,"type":"buy","buyer":"thewycher","seller":"world4play2earn","symbol":"SPT","quantity":"3200.000001","price":"0.00196706","timestamp":1650037137,"volume":"6.29459200","buyTxId":"97ae214e0c3bc77a61141502a39aeb15d83de99a","sellTxId":"29209cb44afbb4f5906697c75223df6f8e12da7e"}
{"index": {"_index":"spt","_id":"3205186"}}
	{"id":3205186,"type":"buy","buyer":"thewycher","seller":"jos3lider","symbol":"SPT","quantity":"934.109183","price":"0.00229998","timestamp":1650037446,"volume":"2.14843244","buyTxId":"379564bb0040909f22d00151a28ed2fafeab3ec0","sellTxId":"67c7c869c03b47986c54cdc848481d8a3e3daec6"}
{"index": {"_index":"spt","_id":"3205189"}}
	{"id":3205189,"type":"buy","buyer":"thewycher","seller":"kitsuki","symbol":"SPT","quantity":"200.000000","price":"0.00229999","timestamp":1650037476,"volume":"0.45999800","buyTxId":"56c5983d2a2305f72eebce5918964fedd005351b","sellTxId":"c099d19f8cfd80e14ee745e8fc0674b7e0aa6b37"}
{"index": {"_index":"spt","_id":"3205395"}}
	{"id":3205395,"type":"sell","buyer":"multifurcate","seller":"brofi-market","symbol":"SPT","quantity":"0.263720","price":"0.00196808","timestamp":1650039468,"volume":"0.00051902","buyTxId":"6921be07648895a2004f5b00c138311c761cfbd0","sellTxId":"fd5dd4d742442f8f19d4fd09a2526d3f98b8a4d6"}
{"index": {"_index":"spt","_id":"3205408"}}
	{"id":3205408,"type":"sell","buyer":"multifurcate","seller":"bitcoinflood","symbol":"SPT","quantity":"12.114912","price":"0.00196808","timestamp":1650039690,"volume":"0.02384312","buyTxId":"6921be07648895a2004f5b00c138311c761cfbd0","sellTxId":"e1381382f86518341773b956fe45953685278d1b"}
{"index": {"_index":"spt","_id":"3205526"}}
	{"id":3205526,"type":"sell","buyer":"multifurcate","seller":"spongebob27","symbol":"SPT","quantity":"198.000000","price":"0.00196808","timestamp":1650041019,"volume":"0.38967984","buyTxId":"6358e9d75e18c119e4ce74d9545d90dfbae3bffb","sellTxId":"0b2e2bd240d86424271ba16d36666ad9f5860f8b"}
{"index": {"_index":"spt","_id":"3206166"}}
	{"id":3206166,"type":"sell","buyer":"kitsuki","seller":"lazybug","symbol":"SPT","quantity":"900.000000","price":"0.00200102","timestamp":1650045753,"volume":"1.80091800","buyTxId":"46bf82dc9c4669adc769fbccd45855e912db7787","sellTxId":"d6c37a2bbfc5fb9533f55e691c14615d3a3df50b"}
{"index": {"_index":"spt","_id":"3206167"}}
	{"id":3206167,"type":"sell","buyer":"multifurcate","seller":"lazybug","symbol":"SPT","quantity":"17734.206494","price":"0.00200100","timestamp":1650045753,"volume":"35.48614719","buyTxId":"172463cb8c554b35be7423d3145a9bed8a2dcd1c","sellTxId":"d6c37a2bbfc5fb9533f55e691c14615d3a3df50b"}
{"index": {"_index":"spt","_id":"3206325"}}
	{"id":3206325,"type":"buy","buyer":"jongolson","seller":"abh12345","symbol":"SPT","quantity":"1000.000000","price":"0.00227139","timestamp":1650047250,"volume":"2.27139000","buyTxId":"625b4d0a8b6808d1cfd28df9da0e3c98853905f5","sellTxId":"b8fae000e8b9fb3760719a37981c0524cd244d7e"}
{"index": {"_index":"spt","_id":"3206483"}}
	{"id":3206483,"type":"sell","buyer":"multifurcate","seller":"dhedge-drips","symbol":"SPT","quantity":"0.024723","price":"0.00200100","timestamp":1650048441,"volume":"0.00004947","buyTxId":"f546ea5b97292bf3facf27e703a55f975b7ba213","sellTxId":"b91321339f61edac538ade82f5cb99f83e916b4b"}
{"index": {"_index":"spt","_id":"3206504"}}
	{"id":3206504,"type":"buy","buyer":"ahmetay","seller":"abh12345","symbol":"SPT","quantity":"2309.809604","price":"0.00227139","timestamp":1650048525,"volume":"5.24647844","buyTxId":"7d0ca53f1f4a7ce59b9f7f902c865f5f8476a8f1","sellTxId":"b8fae000e8b9fb3760719a37981c0524cd244d7e"}
{"index": {"_index":"spt","_id":"3206505"}}
	{"id":3206505,"type":"buy","buyer":"ahmetay","seller":"dhedge-drips","symbol":"SPT","quantity":"0.024723","price":"0.00227139","timestamp":1650048525,"volume":"0.00005615","buyTxId":"7d0ca53f1f4a7ce59b9f7f902c865f5f8476a8f1","sellTxId":"a410bf51c40a6d639486c7f5236d5d80795e8332"}
{"index": {"_index":"spt","_id":"3206719"}}
	{"id":3206719,"type":"sell","buyer":"thewycher","seller":"chireerocks","symbol":"SPT","quantity":"119.399652","price":"0.00200101","timestamp":1650050256,"volume":"0.23891990","buyTxId":"eb06b11215cb46f62115be53235ec0fb806a7f26","sellTxId":"96be869101845e33c98ec1843f6e53becefadd9a"}
{"index": {"_index":"spt","_id":"3206775"}}
	{"id":3206775,"type":"buy","buyer":"druidsblood","seller":"laundrywoman","symbol":"SPT","quantity":"15421.000000","price":"0.00256932","timestamp":1650050952,"volume":"39.62148372","buyTxId":"e0a60c2701739856b567fd55d665011c6d8a3e64","sellTxId":"406c09c046d96af6b577021d963060222632912a"}
{"index": {"_index":"spt","_id":"3206925"}}
	{"id":3206925,"type":"sell","buyer":"thewycher","seller":"damla","symbol":"SPT","quantity":"77.259039","price":"0.00200204","timestamp":1650052560,"volume":"0.15467569","buyTxId":"b9a62f90ad0720badba05a24aa37cea14597822d","sellTxId":"f702ae047ad9f6c33594dff2a5e156ef578db922"}
{"index": {"_index":"spt","_id":"3207006"}}
	{"id":3207006,"type":"sell","buyer":"thewycher","seller":"brofi-market","symbol":"SPT","quantity":"0.011588","price":"0.00200204","timestamp":1650053499,"volume":"0.00002320","buyTxId":"b9a62f90ad0720badba05a24aa37cea14597822d","sellTxId":"b8c6281d8bb8942e92cc3c35be34d8fb284945da"}
{"index": {"_index":"spt","_id":"3207480"}}
	{"id":3207480,"type":"buy","buyer":"dswap","seller":"catomoon","symbol":"SPT","quantity":"2.602281","price":"0.00256000","timestamp":1650058680,"volume":"0.00666184","buyTxId":"5cfbf443ca37819e828e5736ce87546f6b0a129f","sellTxId":"c1403856847b7bcb5438fcac50279f84fa81ce4c"}
{"index": {"_index":"spt","_id":"3207481"}}
	{"id":3207481,"type":"buy","buyer":"dswap","seller":"brofi-market","symbol":"SPT","quantity":"0.011588","price":"0.00256000","timestamp":1650058680,"volume":"0.00002967","buyTxId":"5cfbf443ca37819e828e5736ce87546f6b0a129f","sellTxId":"059f764bedf04201c8fc3aec2bf4d0d4c9d9bb2a"}
{"index": {"_index":"spt","_id":"3207482"}}
	{"id":3207482,"type":"buy","buyer":"dswap","seller":"laundrywoman","symbol":"SPT","quantity":"1460.190296","price":"0.00256700","timestamp":1650058680,"volume":"3.74830849","buyTxId":"5cfbf443ca37819e828e5736ce87546f6b0a129f","sellTxId":"c0a5eaff0f8b9cf84e0925ac27c3746d66e41676"}
{"index": {"_index":"spt","_id":"3207495"}}
	{"id":3207495,"type":"buy","buyer":"jongolson","seller":"laundrywoman","symbol":"SPT","quantity":"10000.000000","price":"0.00256700","timestamp":1650058896,"volume":"25.67000000","buyTxId":"3a10af791bc36692c29e9402ce02336a62eb2f5a","sellTxId":"c0a5eaff0f8b9cf84e0925ac27c3746d66e41676"}
{"index": {"_index":"spt","_id":"3207539"}}
	{"id":3207539,"type":"sell","buyer":"thewycher","seller":"queenstarr","symbol":"SPT","quantity":"999.000000","price":"0.00230001","timestamp":1650059373,"volume":"2.29770999","buyTxId":"824dd9218b6030f9b50b25c9c6dd7e7e2ed4e262","sellTxId":"8ee20d8e58f98e0d40bc2e31b3f2fad8b909160b"}
{"index": {"_index":"spt","_id":"3207548"}}
	{"id":3207548,"type":"sell","buyer":"thewycher","seller":"queenstarr","symbol":"SPT","quantity":"0.999999","price":"0.00230001","timestamp":1650059466,"volume":"0.00230001","buyTxId":"824dd9218b6030f9b50b25c9c6dd7e7e2ed4e262","sellTxId":"14ca2bd53f45784889341863c545f2358726b236"}
{"index": {"_index":"spt","_id":"3207549"}}
	{"id":3207549,"type":"sell","buyer":"thewycher","seller":"queenstarr","symbol":"SPT","quantity":"262.000001","price":"0.00230001","timestamp":1650059466,"volume":"0.60260262","buyTxId":"deac4b0cfc65491061b3f4cc69f584a16564cf45","sellTxId":"14ca2bd53f45784889341863c545f2358726b236"}
{"index": {"_index":"spt","_id":"3207583"}}
	{"id":3207583,"type":"sell","buyer":"thewycher","seller":"resiliencia","symbol":"SPT","quantity":"132.796426","price":"0.00230001","timestamp":1650059688,"volume":"0.30543311","buyTxId":"deac4b0cfc65491061b3f4cc69f584a16564cf45","sellTxId":"1bfef64e953393c75f70016d39bc5babf7c83ceb"}
{"index": {"_index":"spt","_id":"3207653"}}
	{"id":3207653,"type":"sell","buyer":"thewycher","seller":"he-index","symbol":"SPT","quantity":"0.068000","price":"0.00230001","timestamp":1650060195,"volume":"0.00015640","buyTxId":"deac4b0cfc65491061b3f4cc69f584a16564cf45","sellTxId":"c32b1fbec817db0c623569c40fdafd9bac2ac939"}
{"index": {"_index":"spt","_id":"3208065"}}
	{"id":3208065,"type":"sell","buyer":"thewycher","seller":"spongebob27","symbol":"SPT","quantity":"500.000000","price":"0.00230001","timestamp":1650063081,"volume":"1.15000500","buyTxId":"2cb8b381dad0cc91aed347011d00fe5fdcecc0d0","sellTxId":"cd186582386c39681938660ac18e909e32fe2445"}
{"index": {"_index":"spt","_id":"3208068"}}
	{"id":3208068,"type":"sell","buyer":"thewycher","seller":"spongebob27","symbol":"SPT","quantity":"499.999999","price":"0.00230001","timestamp":1650063144,"volume":"1.15000500","buyTxId":"2cb8b381dad0cc91aed347011d00fe5fdcecc0d0","sellTxId":"948bf7ac199b8a41a32b4646e12d92ea1b02c5bb"}
{"index": {"_index":"spt","_id":"3208307"}}
	{"id":3208307,"type":"sell","buyer":"thewycher","seller":"spongebob27","symbol":"SPT","quantity":"999.999999","price":"0.00230001","timestamp":1650065202,"volume":"2.30001000","buyTxId":"68d98cd4952c1006e131dcb6347fb2d17c0eae4f","sellTxId":"1b70492711b7b52c7f0b8e627e7debb88fe67fea"}
{"index": {"_index":"spt","_id":"3208308"}}
	{"id":3208308,"type":"sell","buyer":"thewycher","seller":"spongebob27","symbol":"SPT","quantity":"197.177942","price":"0.00230001","timestamp":1650065202,"volume":"0.45351124","buyTxId":"a3368ab6c9301be1416ec8b85b25171e53200b3f","sellTxId":"1b70492711b7b52c7f0b8e627e7debb88fe67fea"}
{"index": {"_index":"spt","_id":"3208336"}}
	{"id":3208336,"type":"sell","buyer":"thewycher","seller":"sawcraz.art","symbol":"SPT","quantity":"802.822057","price":"0.00230001","timestamp":1650065562,"volume":"1.84649876","buyTxId":"a3368ab6c9301be1416ec8b85b25171e53200b3f","sellTxId":"1d44d586707966818fbfd49a7276162e8b745a4c"}
{"index": {"_index":"spt","_id":"3208337"}}
	{"id":3208337,"type":"sell","buyer":"groentje","seller":"sawcraz.art","symbol":"SPT","quantity":"600.000000","price":"0.00230000","timestamp":1650065562,"volume":"1.38000000","buyTxId":"5cb5ade3c8d9bd53b99fc61c668be1b76473a0be","sellTxId":"1d44d586707966818fbfd49a7276162e8b745a4c"}
{"index": {"_index":"spt","_id":"3208338"}}
	{"id":3208338,"type":"sell","buyer":"multifurcate","seller":"sawcraz.art","symbol":"SPT","quantity":"1724.924323","price":"0.00220100","timestamp":1650065562,"volume":"3.79655843","buyTxId":"432d39f9e181663a919c4a82792130eddd722dc6","sellTxId":"1d44d586707966818fbfd49a7276162e8b745a4c"}
{"index": {"_index":"spt","_id":"3208496"}}
	{"id":3208496,"type":"sell","buyer":"thewycher","seller":"brofi-market","symbol":"SPT","quantity":"4.986200","price":"0.00220101","timestamp":1650068001,"volume":"0.01097468","buyTxId":"5a0f6fda529fb63043dd01d4e300024f42a356df","sellTxId":"72807657bc73c4a1ae5ce1b76cc81c0d3ee35652"}
{"index": {"_index":"spt","_id":"3208697"}}
	{"id":3208697,"type":"sell","buyer":"multifurcate","seller":"dhedge-drips","symbol":"SPT","quantity":"0.005652","price":"0.00220202","timestamp":1650070002,"volume":"0.00001245","buyTxId":"f003b3846e34ef31dba714ffce86bb281ba04f38","sellTxId":"fd183826a685a28b5340dff9161413b97bab88c6"}
{"index": {"_index":"spt","_id":"3208806"}}
	{"id":3208806,"type":"sell","buyer":"multifurcate","seller":"bitcoinflood","symbol":"SPT","quantity":"121.769224","price":"0.00220202","timestamp":1650070824,"volume":"0.26813827","buyTxId":"f003b3846e34ef31dba714ffce86bb281ba04f38","sellTxId":"ddcb562af47c94647f8c68914674d4a489145a19"}
{"index": {"_index":"spt","_id":"3208860"}}
	{"id":3208860,"type":"sell","buyer":"multifurcate","seller":"teesart","symbol":"SPT","quantity":"10194.416659","price":"0.00220202","timestamp":1650071376,"volume":"22.44830937","buyTxId":"f003b3846e34ef31dba714ffce86bb281ba04f38","sellTxId":"ed6bbc0bc778d7a64c488380466f5ad26eb2b7c2"}
{"index": {"_index":"spt","_id":"3208913"}}
	{"id":3208913,"type":"sell","buyer":"multifurcate","seller":"pynutbater","symbol":"SPT","quantity":"95.582616","price":"0.00220202","timestamp":1650072528,"volume":"0.21047483","buyTxId":"f003b3846e34ef31dba714ffce86bb281ba04f38","sellTxId":"798decb31843820d6b2d25f32105a26882dc12dc"}
{"index": {"_index":"spt","_id":"3209359"}}
	{"id":3209359,"type":"sell","buyer":"thewycher","seller":"dusted","symbol":"SPT","quantity":"337.735672","price":"0.00220203","timestamp":1650077676,"volume":"0.74370408","buyTxId":"0b823da949fbd8f083096d1ac1ffa1d35f2363ee","sellTxId":"28570d0b76663efaadd39b03a68d4ad34f697741"}
