{"index": {"_index":"spt","_id":"2228161"}}
	{"id":2228161,"type":"sell","buyer":"granddaddies","seller":"steem82868","symbol":"SPT","quantity":"6.975002","price":"0.00333004","timestamp":1639106604,"volume":"0.02322704","buyTxId":"ad03de2fb448ed857650694f2120df41df0f385c","sellTxId":"e50ec8b451ae18aac58cad004539ddc6ac3b7068"}
{"index": {"_index":"spt","_id":"2228266"}}
	{"id":2228266,"type":"buy","buyer":"dyimsen","seller":"saachi","symbol":"SPT","quantity":"1128.729784","price":"0.00377000","timestamp":1639107597,"volume":"4.25531129","buyTxId":"4d590d3534b481a7d4f77886413d8c90ca43ae68","sellTxId":"386c0cb6d79f6c4c9476dfac0b230fcd630725fb"}
{"index": {"_index":"spt","_id":"2228267"}}
	{"id":2228267,"type":"buy","buyer":"dyimsen","seller":"kojiri","symbol":"SPT","quantity":"38.088016","price":"0.00377000","timestamp":1639107597,"volume":"0.14359182","buyTxId":"4d590d3534b481a7d4f77886413d8c90ca43ae68","sellTxId":"968cdc26e6c05ddf002b3ee05e96fceac0d2d379"}
{"index": {"_index":"spt","_id":"2228307"}}
	{"id":2228307,"type":"sell","buyer":"granddaddies","seller":"dyimsen","symbol":"SPT","quantity":"1235.817800","price":"0.00377001","timestamp":1639108029,"volume":"4.65904546","buyTxId":"7937292bfeb12f66495b0f6d191452e7e39fc54a","sellTxId":"c913b67d9cbaf07d67997827d19fc44ce6247867"}
{"index": {"_index":"spt","_id":"2228561"}}
	{"id":2228561,"type":"sell","buyer":"granddaddies","seller":"votebetting","symbol":"SPT","quantity":"0.881000","price":"0.00333004","timestamp":1639109574,"volume":"0.00293377","buyTxId":"a8321387c5bcb705433776f203280d4e69917df7","sellTxId":"2cb45067186bdbab63282e6058262ea8d341ddaa"}
{"index": {"_index":"spt","_id":"2228616"}}
	{"id":2228616,"type":"buy","buyer":"arbys","seller":"zhourunfa","symbol":"SPT","quantity":"33700.783790","price":"0.00378000","timestamp":1639110039,"volume":"127.38896273","buyTxId":"1f4fee3f10fd384dc218a07dad7d8c90fc124fe3","sellTxId":"b6e789f0cfc50c2b56993997ddc9b81ebc2dd7bf"}
{"index": {"_index":"spt","_id":"2229533"}}
	{"id":2229533,"type":"sell","buyer":"granddaddies","seller":"mercurial9","symbol":"SPT","quantity":"205.438045","price":"0.00333004","timestamp":1639117305,"volume":"0.68411691","buyTxId":"0fc3b5f56eacbb4fc36454671cede3ad9c726b31","sellTxId":"5197f5d1155849ec001ea705816ed611876b608f"}
{"index": {"_index":"spt","_id":"2229773"}}
	{"id":2229773,"type":"buy","buyer":"dswap","seller":"naymur","symbol":"SPT","quantity":"131.866728","price":"0.00375000","timestamp":1639118700,"volume":"0.49450023","buyTxId":"a01cb91893855c656e3446bb4f2c69f45e8d6c01","sellTxId":"472ff156ef5dc96ccb057cc24d4fad200265df86"}
{"index": {"_index":"spt","_id":"2230334"}}
	{"id":2230334,"type":"buy","buyer":"bananofarmer","seller":"naymur","symbol":"SPT","quantity":"100.372981","price":"0.00375000","timestamp":1639121847,"volume":"0.37639868","buyTxId":"a48946c6cb8c00f8534bace2743354f49342f95f","sellTxId":"472ff156ef5dc96ccb057cc24d4fad200265df86"}
{"index": {"_index":"spt","_id":"2230436"}}
	{"id":2230436,"type":"sell","buyer":"granddaddies","seller":"chekohler","symbol":"SPT","quantity":"0.138213","price":"0.00333004","timestamp":1639122327,"volume":"0.00046025","buyTxId":"0fc3b5f56eacbb4fc36454671cede3ad9c726b31","sellTxId":"15b5d6560298d5c18859bfc762a648de82b41080"}
{"index": {"_index":"spt","_id":"2230441"}}
	{"id":2230441,"type":"buy","buyer":"captainquack22","seller":"naymur","symbol":"SPT","quantity":"533.333333","price":"0.00375000","timestamp":1639122348,"volume":"2","buyTxId":"1c66a993b74034af856d712674a775df90be7176","sellTxId":"472ff156ef5dc96ccb057cc24d4fad200265df86"}
{"index": {"_index":"spt","_id":"2230949"}}
	{"id":2230949,"type":"buy","buyer":"rgacnik","seller":"naymur","symbol":"SPT","quantity":"7.500000","price":"0.00375000","timestamp":1639125348,"volume":"0.02812500","buyTxId":"a0855ba9dc1dda74febec3fcb29d9302c3418a87","sellTxId":"472ff156ef5dc96ccb057cc24d4fad200265df86"}
{"index": {"_index":"spt","_id":"2230966"}}
	{"id":2230966,"type":"buy","buyer":"rgacnik","seller":"naymur","symbol":"SPT","quantity":"197.034955","price":"0.00375000","timestamp":1639125438,"volume":"0.73888108","buyTxId":"cfcb2eb8baa06698ba138fea87aed80db8526f18","sellTxId":"472ff156ef5dc96ccb057cc24d4fad200265df86"}
{"index": {"_index":"spt","_id":"2230988"}}
	{"id":2230988,"type":"sell","buyer":"rgacnik","seller":"jacksonizer","symbol":"SPT","quantity":"315.520928","price":"0.00375000","timestamp":1639125558,"volume":"1.18320348","buyTxId":"cfcb2eb8baa06698ba138fea87aed80db8526f18","sellTxId":"bb78c0fbc2e2cce44cd1f7717cd83c8d62cf5fd1"}
{"index": {"_index":"spt","_id":"2231266"}}
	{"id":2231266,"type":"buy","buyer":"dswap","seller":"dhedge-drips","symbol":"SPT","quantity":"0.038978","price":"0.00378000","timestamp":1639127313,"volume":"0.00014734","buyTxId":"aa3c41809a377fdfbc4e7d7ff5340799db6dfa3a","sellTxId":"c5dc9bd62d676ceea5fc0ddf86c4fbfc5bc7ee8e"}
{"index": {"_index":"spt","_id":"2231267"}}
	{"id":2231267,"type":"buy","buyer":"dswap","seller":"brofi-market","symbol":"SPT","quantity":"0.797056","price":"0.00378000","timestamp":1639127313,"volume":"0.00301287","buyTxId":"aa3c41809a377fdfbc4e7d7ff5340799db6dfa3a","sellTxId":"c7a78cc7ccc0b029458cdefcddbc71f956f2d862"}
{"index": {"_index":"spt","_id":"2231268"}}
	{"id":2231268,"type":"buy","buyer":"dswap","seller":"dhedge-drips","symbol":"SPT","quantity":"0.022318","price":"0.00378000","timestamp":1639127313,"volume":"0.00008436","buyTxId":"aa3c41809a377fdfbc4e7d7ff5340799db6dfa3a","sellTxId":"a87dc840533fd11a18900e2fa612d52ea66b34a9"}
{"index": {"_index":"spt","_id":"2231269"}}
	{"id":2231269,"type":"buy","buyer":"dswap","seller":"brofi-market","symbol":"SPT","quantity":"0.056822","price":"0.00378000","timestamp":1639127313,"volume":"0.00021479","buyTxId":"aa3c41809a377fdfbc4e7d7ff5340799db6dfa3a","sellTxId":"c45d1a0ef54bd67454da31a3d2f569078d7fe597"}
{"index": {"_index":"spt","_id":"2231270"}}
	{"id":2231270,"type":"buy","buyer":"dswap","seller":"brofi-market","symbol":"SPT","quantity":"4.105022","price":"0.00378000","timestamp":1639127313,"volume":"0.01551698","buyTxId":"aa3c41809a377fdfbc4e7d7ff5340799db6dfa3a","sellTxId":"bba414ebcfa02299102b827c6c8e167889e0ca87"}
{"index": {"_index":"spt","_id":"2231271"}}
	{"id":2231271,"type":"buy","buyer":"dswap","seller":"dhedge-drips","symbol":"SPT","quantity":"0.008657","price":"0.00378000","timestamp":1639127313,"volume":"0.00003272","buyTxId":"aa3c41809a377fdfbc4e7d7ff5340799db6dfa3a","sellTxId":"d61c131e7429f93a6c23222d457fee592e0992e9"}
{"index": {"_index":"spt","_id":"2231272"}}
	{"id":2231272,"type":"buy","buyer":"dswap","seller":"brofi-market","symbol":"SPT","quantity":"2.706610","price":"0.00379999","timestamp":1639127313,"volume":"0.01028509","buyTxId":"aa3c41809a377fdfbc4e7d7ff5340799db6dfa3a","sellTxId":"7d33bc1b597e973602871562fc1d4bf14925e99a"}
{"index": {"_index":"spt","_id":"2231273"}}
	{"id":2231273,"type":"buy","buyer":"dswap","seller":"finnx","symbol":"SPT","quantity":"11.501131","price":"0.00380000","timestamp":1639127313,"volume":"0.04370430","buyTxId":"aa3c41809a377fdfbc4e7d7ff5340799db6dfa3a","sellTxId":"bce2bc54903b6a68de20f4e6b3fe0b486433d0f6"}
{"index": {"_index":"spt","_id":"2231274"}}
	{"id":2231274,"type":"sell","buyer":"granddaddies","seller":"belemo","symbol":"SPT","quantity":"6144.942638","price":"0.00375001","timestamp":1639127322,"volume":"23.04359634","buyTxId":"9d443884117f0a7c34b83d94fc0535016fd6baac","sellTxId":"515247c6b9980a44ed26a587691a2f518f5de848"}
{"index": {"_index":"spt","_id":"2231332"}}
	{"id":2231332,"type":"buy","buyer":"dswap","seller":"finnx","symbol":"SPT","quantity":"100.434210","price":"0.00380000","timestamp":1639127757,"volume":"0.38165000","buyTxId":"3a7afadc5c7402b8b3ffcc94100fbbb2939542f6","sellTxId":"bce2bc54903b6a68de20f4e6b3fe0b486433d0f6"}
{"index": {"_index":"spt","_id":"2231380"}}
	{"id":2231380,"type":"buy","buyer":"dswap","seller":"finnx","symbol":"SPT","quantity":"20.338507","price":"0.00380000","timestamp":1639128033,"volume":"0.07728633","buyTxId":"388b348e2da3186a9156e064141c6a25b90169b5","sellTxId":"bce2bc54903b6a68de20f4e6b3fe0b486433d0f6"}
{"index": {"_index":"spt","_id":"2231398"}}
	{"id":2231398,"type":"buy","buyer":"dswap","seller":"finnx","symbol":"SPT","quantity":"16.368981","price":"0.00380000","timestamp":1639128195,"volume":"0.06220213","buyTxId":"583c8a9236d05ee951c64e00ef3e31802c28dba4","sellTxId":"bce2bc54903b6a68de20f4e6b3fe0b486433d0f6"}
{"index": {"_index":"spt","_id":"2231435"}}
	{"id":2231435,"type":"buy","buyer":"dswap","seller":"finnx","symbol":"SPT","quantity":"22.976113","price":"0.00380000","timestamp":1639128420,"volume":"0.08730923","buyTxId":"fb6b0c45b943fd8b1ddb7ac73a9457f48831d36a","sellTxId":"bce2bc54903b6a68de20f4e6b3fe0b486433d0f6"}
{"index": {"_index":"spt","_id":"2231462"}}
	{"id":2231462,"type":"buy","buyer":"dswap","seller":"finnx","symbol":"SPT","quantity":"3.850663","price":"0.00380000","timestamp":1639128618,"volume":"0.01463252","buyTxId":"a9d23a50591a35f82e842cfc25d2dac247b564d4","sellTxId":"bce2bc54903b6a68de20f4e6b3fe0b486433d0f6"}
{"index": {"_index":"spt","_id":"2231480"}}
	{"id":2231480,"type":"sell","buyer":"granddaddies","seller":"mistakili","symbol":"SPT","quantity":"1800.075478","price":"0.00375001","timestamp":1639128777,"volume":"6.75030104","buyTxId":"9d443884117f0a7c34b83d94fc0535016fd6baac","sellTxId":"d9c9ba0ee22905480b3a4aa2321839d33acfa914"}
{"index": {"_index":"spt","_id":"2231483"}}
	{"id":2231483,"type":"buy","buyer":"dswap","seller":"finnx","symbol":"SPT","quantity":"7.768910","price":"0.00380000","timestamp":1639128804,"volume":"0.02952186","buyTxId":"6a22860eb2127f585b9e80d702a1130bb88d87ba","sellTxId":"bce2bc54903b6a68de20f4e6b3fe0b486433d0f6"}
{"index": {"_index":"spt","_id":"2231496"}}
	{"id":2231496,"type":"buy","buyer":"dswap","seller":"finnx","symbol":"SPT","quantity":"1.308023","price":"0.00380000","timestamp":1639128936,"volume":"0.00497049","buyTxId":"e750c3d0d8aa15e8bbde685a28a3165db1a84af6","sellTxId":"bce2bc54903b6a68de20f4e6b3fe0b486433d0f6"}
{"index": {"_index":"spt","_id":"2231515"}}
	{"id":2231515,"type":"buy","buyer":"dswap","seller":"finnx","symbol":"SPT","quantity":"22.624894","price":"0.00380000","timestamp":1639129065,"volume":"0.08597460","buyTxId":"654c7ba22c07115671638b00f5cc6a81040cc4f9","sellTxId":"bce2bc54903b6a68de20f4e6b3fe0b486433d0f6"}
{"index": {"_index":"spt","_id":"2231648"}}
	{"id":2231648,"type":"sell","buyer":"granddaddies","seller":"mightyrocklee","symbol":"SPT","quantity":"909.371515","price":"0.00375001","timestamp":1639129794,"volume":"3.41015227","buyTxId":"9d443884117f0a7c34b83d94fc0535016fd6baac","sellTxId":"4a66a97207efd10b7610321134c00c5a59476032"}
{"index": {"_index":"spt","_id":"2231737"}}
	{"id":2231737,"type":"sell","buyer":"granddaddies","seller":"rgacnik","symbol":"SPT","quantity":"520.055883","price":"0.00333004","timestamp":1639130412,"volume":"1.73180689","buyTxId":"ed9ef37127e996f6caa94e74bc0f5655d771096e","sellTxId":"27c0580da293431c884c5c418c05a133b39cdb08"}
{"index": {"_index":"spt","_id":"2232222"}}
	{"id":2232222,"type":"buy","buyer":"gamefiles","seller":"finnx","symbol":"SPT","quantity":"5.014338","price":"0.00380000","timestamp":1639133832,"volume":"0.01905448","buyTxId":"46a224d44608a1b5ccdb55832b37e961011efbb9","sellTxId":"bce2bc54903b6a68de20f4e6b3fe0b486433d0f6"}
{"index": {"_index":"spt","_id":"2232223"}}
	{"id":2232223,"type":"buy","buyer":"gamefiles","seller":"brofi-market","symbol":"SPT","quantity":"1.665100","price":"0.00380000","timestamp":1639133832,"volume":"0.00632738","buyTxId":"46a224d44608a1b5ccdb55832b37e961011efbb9","sellTxId":"ef613240de0f7ce41df95a14dbdc78d14474d5ab"}
{"index": {"_index":"spt","_id":"2232224"}}
	{"id":2232224,"type":"buy","buyer":"gamefiles","seller":"decepticons","symbol":"SPT","quantity":"3864.170700","price":"0.00380000","timestamp":1639133832,"volume":"14.68384866","buyTxId":"46a224d44608a1b5ccdb55832b37e961011efbb9","sellTxId":"75b174bd66ec50136ac15af7504c76d2b812a1e7"}
{"index": {"_index":"spt","_id":"2232225"}}
	{"id":2232225,"type":"buy","buyer":"gamefiles","seller":"tabs1250","symbol":"SPT","quantity":"185.202000","price":"0.00380000","timestamp":1639133832,"volume":"0.70376760","buyTxId":"46a224d44608a1b5ccdb55832b37e961011efbb9","sellTxId":"d0751750a28c2224bfda9915e924433bad5d6a17"}
{"index": {"_index":"spt","_id":"2232273"}}
	{"id":2232273,"type":"buy","buyer":"gamefiles","seller":"brofi-market","symbol":"SPT","quantity":"0.181484","price":"0.00389998","timestamp":1639134105,"volume":"0.00070778","buyTxId":"f1103fea3c9adfd43e92f34948b89419b735de41","sellTxId":"d973d8bee5d9d46233fd7ec649b267463dd98a2d"}
{"index": {"_index":"spt","_id":"2232283"}}
	{"id":2232283,"type":"buy","buyer":"granddaddies","seller":"he-index","symbol":"SPT","quantity":"0.005000","price":"0.00389999","timestamp":1639134159,"volume":"0.00001950","buyTxId":"157cf0018581d868218d65e92c9dad6c11651b41","sellTxId":"217e581d0f5cdb87c79f8f7ce9c724237c57977c"}
{"index": {"_index":"spt","_id":"2232284"}}
	{"id":2232284,"type":"buy","buyer":"granddaddies","seller":"brofi-market","symbol":"SPT","quantity":"3.042638","price":"0.00389999","timestamp":1639134159,"volume":"0.01186626","buyTxId":"157cf0018581d868218d65e92c9dad6c11651b41","sellTxId":"8ed2e6d42b15c8ac74f02cb952f9525b095b2a5a"}
{"index": {"_index":"spt","_id":"2232285"}}
	{"id":2232285,"type":"buy","buyer":"granddaddies","seller":"dhedge-drips","symbol":"SPT","quantity":"0.002621","price":"0.00389999","timestamp":1639134159,"volume":"0.00001022","buyTxId":"157cf0018581d868218d65e92c9dad6c11651b41","sellTxId":"8f50aaf25c32201ee825e6e5c6beec9b4d9a4468"}
{"index": {"_index":"spt","_id":"2232380"}}
	{"id":2232380,"type":"buy","buyer":"gamefiles","seller":"brofi-market","symbol":"SPT","quantity":"0.007859","price":"0.00397998","timestamp":1639134852,"volume":"0.00003128","buyTxId":"c08bc590f8a8160486bee5e9b4402f60583eb1d2","sellTxId":"981969f5fd6c09e05d8523fa1fa52210e4138ebb"}
{"index": {"_index":"spt","_id":"2232410"}}
	{"id":2232410,"type":"buy","buyer":"gamefiles","seller":"dhedge-drips","symbol":"SPT","quantity":"4.752153","price":"0.00397999","timestamp":1639135218,"volume":"0.01891352","buyTxId":"d0122416faa80bcc16e5bf88f2330403972f8239","sellTxId":"13df8ae404c4437c05f1cf019af56ecb19764f1d"}
{"index": {"_index":"spt","_id":"2232411"}}
	{"id":2232411,"type":"buy","buyer":"gamefiles","seller":"brofi-market","symbol":"SPT","quantity":"0.070490","price":"0.00397999","timestamp":1639135218,"volume":"0.00028055","buyTxId":"d0122416faa80bcc16e5bf88f2330403972f8239","sellTxId":"669f5be758833c8eab21aa15eb2d76e7ab1b8016"}
{"index": {"_index":"spt","_id":"2232412"}}
	{"id":2232412,"type":"buy","buyer":"gamefiles","seller":"brofi-market","symbol":"SPT","quantity":"3.047557","price":"0.00398000","timestamp":1639135218,"volume":"0.01212928","buyTxId":"d0122416faa80bcc16e5bf88f2330403972f8239","sellTxId":"19f14cc24b3c832a912f8505ea46e0cf205332f0"}
{"index": {"_index":"spt","_id":"2232413"}}
	{"id":2232413,"type":"buy","buyer":"gamefiles","seller":"ashwind","symbol":"SPT","quantity":"10306.118506","price":"0.00398000","timestamp":1639135218,"volume":"41.01835165","buyTxId":"d0122416faa80bcc16e5bf88f2330403972f8239","sellTxId":"7ce83ce637f55404905f66eace6832ee80c6625d"}
{"index": {"_index":"spt","_id":"2232414"}}
	{"id":2232414,"type":"buy","buyer":"gamefiles","seller":"brofi-market","symbol":"SPT","quantity":"0.012764","price":"0.00399999","timestamp":1639135218,"volume":"0.00005106","buyTxId":"d0122416faa80bcc16e5bf88f2330403972f8239","sellTxId":"631cf582c85aa112f54d44f2e130d896815f71e4"}
{"index": {"_index":"spt","_id":"2232415"}}
	{"id":2232415,"type":"buy","buyer":"gamefiles","seller":"kiokizz","symbol":"SPT","quantity":"3893.962356","price":"0.00400000","timestamp":1639135218,"volume":"15.57584942","buyTxId":"d0122416faa80bcc16e5bf88f2330403972f8239","sellTxId":"90eb949de6684bff0fb0f8a850e7bb6458e3e347"}
{"index": {"_index":"spt","_id":"2232689"}}
	{"id":2232689,"type":"sell","buyer":"granddaddies","seller":"mercurial9","symbol":"SPT","quantity":"532.677367","price":"0.00333004","timestamp":1639137429,"volume":"1.77383694","buyTxId":"9885f9b915c1289cf7ef41e61753ad8fbeef9c82","sellTxId":"f26a65d8a630cbf0116d379da6d8c9cc697cd8a6"}
{"index": {"_index":"spt","_id":"2232797"}}
	{"id":2232797,"type":"sell","buyer":"granddaddies","seller":"brofi-market","symbol":"SPT","quantity":"0.002145","price":"0.00333004","timestamp":1639138257,"volume":"0.00000714","buyTxId":"9885f9b915c1289cf7ef41e61753ad8fbeef9c82","sellTxId":"b079b3ff88f4623d9671ffb26ee4e44c068d3eaa"}
{"index": {"_index":"spt","_id":"2232823"}}
	{"id":2232823,"type":"sell","buyer":"granddaddies","seller":"phortun","symbol":"SPT","quantity":"35.153761","price":"0.00333004","timestamp":1639138419,"volume":"0.11706343","buyTxId":"9885f9b915c1289cf7ef41e61753ad8fbeef9c82","sellTxId":"6ece7645b49a5df1cd1089342ad5065f6dfe6829"}
{"index": {"_index":"spt","_id":"2233146"}}
	{"id":2233146,"type":"sell","buyer":"granddaddies","seller":"dswap","symbol":"SPT","quantity":"47.26","price":"0.00333004","timestamp":1639140342,"volume":"0.15737769","buyTxId":"9885f9b915c1289cf7ef41e61753ad8fbeef9c82","sellTxId":"8fd429d64f01724cefe339a855d29cfa141daccc"}
{"index": {"_index":"spt","_id":"2233338"}}
	{"id":2233338,"type":"sell","buyer":"granddaddies","seller":"notaboutme","symbol":"SPT","quantity":"385.000000","price":"0.00333004","timestamp":1639141590,"volume":"1.28206540","buyTxId":"9885f9b915c1289cf7ef41e61753ad8fbeef9c82","sellTxId":"9548edbe797c303fd90940c82d0e407e33212148"}
{"index": {"_index":"spt","_id":"2233474"}}
	{"id":2233474,"type":"sell","buyer":"granddaddies","seller":"dswap","symbol":"SPT","quantity":"13.403664","price":"0.00333004","timestamp":1639142376,"volume":"0.04463474","buyTxId":"9885f9b915c1289cf7ef41e61753ad8fbeef9c82","sellTxId":"4ea62d2cf81018bb97de6889d162203060330c44"}
{"index": {"_index":"spt","_id":"2234706"}}
	{"id":2234706,"type":"sell","buyer":"granddaddies","seller":"syel25","symbol":"SPT","quantity":"800.000000","price":"0.00333004","timestamp":1639150770,"volume":"2.66403200","buyTxId":"9885f9b915c1289cf7ef41e61753ad8fbeef9c82","sellTxId":"6a731f560a8337f7db5a3b1018487a05eba5a62c"}
{"index": {"_index":"spt","_id":"2234993"}}
	{"id":2234993,"type":"sell","buyer":"granddaddies","seller":"teenagecrypto","symbol":"SPT","quantity":"29.044170","price":"0.00333004","timestamp":1639152138,"volume":"0.09671825","buyTxId":"9885f9b915c1289cf7ef41e61753ad8fbeef9c82","sellTxId":"f64594b184e92f3bfa55225b2c12400dc7725bab"}
{"index": {"_index":"spt","_id":"2235054"}}
	{"id":2235054,"type":"sell","buyer":"granddaddies","seller":"dragouner","symbol":"SPT","quantity":"12.500000","price":"0.00333004","timestamp":1639152564,"volume":"0.04162550","buyTxId":"9885f9b915c1289cf7ef41e61753ad8fbeef9c82","sellTxId":"56249617b38a24684461bdd3951fc3ba54233df9"}
{"index": {"_index":"spt","_id":"2235116"}}
	{"id":2235116,"type":"sell","buyer":"granddaddies","seller":"brofi-market","symbol":"SPT","quantity":"0.213696","price":"0.00333004","timestamp":1639152936,"volume":"0.00071162","buyTxId":"9885f9b915c1289cf7ef41e61753ad8fbeef9c82","sellTxId":"aaa9b249167faa618d14f74a8d41a690683b30ed"}
{"index": {"_index":"spt","_id":"2235196"}}
	{"id":2235196,"type":"buy","buyer":"dswap","seller":"mango-juice","symbol":"SPT","quantity":"52.565184","price":"0.00429000","timestamp":1639153356,"volume":"0.22550464","buyTxId":"6ef6282e8899d72fefa6682dfc4f81130c733595","sellTxId":"bf92f7f4836764d82756505f7789b83ad704c552"}
{"index": {"_index":"spt","_id":"2235238"}}
	{"id":2235238,"type":"buy","buyer":"drunksamurai","seller":"mango-juice","symbol":"SPT","quantity":"250.000000","price":"0.00429000","timestamp":1639153647,"volume":"1.07250000","buyTxId":"4cb98fb56c592de18d9b63dcd19a5f73f0c9a758","sellTxId":"bf92f7f4836764d82756505f7789b83ad704c552"}
{"index": {"_index":"spt","_id":"2235305"}}
	{"id":2235305,"type":"buy","buyer":"samarek69","seller":"mango-juice","symbol":"SPT","quantity":"9.498060","price":"0.00429000","timestamp":1639153935,"volume":"0.04074668","buyTxId":"bade1cec004d1df531e62e9799f9c370f0b28a82","sellTxId":"bf92f7f4836764d82756505f7789b83ad704c552"}
{"index": {"_index":"spt","_id":"2235400"}}
	{"id":2235400,"type":"sell","buyer":"granddaddies","seller":"balbaabart","symbol":"SPT","quantity":"8.168895","price":"0.00333004","timestamp":1639154307,"volume":"0.02720275","buyTxId":"9885f9b915c1289cf7ef41e61753ad8fbeef9c82","sellTxId":"415fe66cd954761a2c92b1c3d0235fb2d12a15ef"}
{"index": {"_index":"spt","_id":"2235525"}}
	{"id":2235525,"type":"sell","buyer":"granddaddies","seller":"abcor","symbol":"SPT","quantity":"892.728796","price":"0.00333004","timestamp":1639154856,"volume":"2.97282260","buyTxId":"9885f9b915c1289cf7ef41e61753ad8fbeef9c82","sellTxId":"083516947277135bf1dd7a7222338f955839d47b"}
{"index": {"_index":"spt","_id":"2235638"}}
	{"id":2235638,"type":"sell","buyer":"granddaddies","seller":"nyxlabs","symbol":"SPT","quantity":"409.900846","price":"0.00333004","timestamp":1639155219,"volume":"1.36498621","buyTxId":"9885f9b915c1289cf7ef41e61753ad8fbeef9c82","sellTxId":"0c5c74fa2df0a7c8c053973cb4334b64ffc440c0"}
{"index": {"_index":"spt","_id":"2235658"}}
	{"id":2235658,"type":"sell","buyer":"granddaddies","seller":"eforucom","symbol":"SPT","quantity":"3.739272","price":"0.00333004","timestamp":1639155327,"volume":"0.01245193","buyTxId":"9885f9b915c1289cf7ef41e61753ad8fbeef9c82","sellTxId":"3a3b08f81841477fb6e8635bbe252e53e035bba1"}
{"index": {"_index":"spt","_id":"2235862"}}
	{"id":2235862,"type":"sell","buyer":"granddaddies","seller":"hiveexplorers","symbol":"SPT","quantity":"265.737019","price":"0.00333004","timestamp":1639156455,"volume":"0.88491490","buyTxId":"9885f9b915c1289cf7ef41e61753ad8fbeef9c82","sellTxId":"ee36e02d1be8cadf602626c8884d0ec5f87a6721"}
{"index": {"_index":"spt","_id":"2236404"}}
	{"id":2236404,"type":"sell","buyer":"granddaddies","seller":"bong1011","symbol":"SPT","quantity":"1692.078090","price":"0.00333007","timestamp":1639159926,"volume":"5.63473849","buyTxId":"c6a3fef4bb1e24527fcfe65eff29d5037fce5489","sellTxId":"5801ef7c099bc38448515ab21e38dd888fc451c1"}
{"index": {"_index":"spt","_id":"2236692"}}
	{"id":2236692,"type":"sell","buyer":"granddaddies","seller":"dhedge-drips","symbol":"SPT","quantity":"0.020233","price":"0.00333301","timestamp":1639161975,"volume":"0.00006744","buyTxId":"4d723694f6f9fa8812a9fda3d7074f08eb785f86","sellTxId":"992bd2f1b7f8197acf584949e9d778ecc4cdfed0"}
{"index": {"_index":"spt","_id":"2236929"}}
	{"id":2236929,"type":"sell","buyer":"granddaddies","seller":"dubble.eth","symbol":"SPT","quantity":"15.531234","price":"0.00333301","timestamp":1639163979,"volume":"0.05176576","buyTxId":"4d723694f6f9fa8812a9fda3d7074f08eb785f86","sellTxId":"d86926d8c91b2879acf09ed7731dd7f48e0b0cd5"}
{"index": {"_index":"spt","_id":"2237014"}}
	{"id":2237014,"type":"sell","buyer":"granddaddies","seller":"chireerocks","symbol":"SPT","quantity":"295.260774","price":"0.00333301","timestamp":1639164504,"volume":"0.98410711","buyTxId":"4d723694f6f9fa8812a9fda3d7074f08eb785f86","sellTxId":"bd6e4c6422a377369d253d641d87a28d5ec3f237"}
{"index": {"_index":"spt","_id":"2237285"}}
	{"id":2237285,"type":"sell","buyer":"granddaddies","seller":"thahodler","symbol":"SPT","quantity":"1449.000000","price":"0.00333301","timestamp":1639166487,"volume":"4.82953149","buyTxId":"4d723694f6f9fa8812a9fda3d7074f08eb785f86","sellTxId":"b41e3ade2b1d548196814e5b26a84be66e0a102c"}
{"index": {"_index":"spt","_id":"2237370"}}
	{"id":2237370,"type":"sell","buyer":"granddaddies","seller":"brofi-market","symbol":"SPT","quantity":"0.104414","price":"0.00333301","timestamp":1639167207,"volume":"0.00034801","buyTxId":"4d723694f6f9fa8812a9fda3d7074f08eb785f86","sellTxId":"5e11b05fa70a91f723997851ce3d9122f79efeef"}
{"index": {"_index":"spt","_id":"2237400"}}
	{"id":2237400,"type":"sell","buyer":"granddaddies","seller":"averistew","symbol":"SPT","quantity":"5420","price":"0.00333301","timestamp":1639167405,"volume":"18.06491420","buyTxId":"4d723694f6f9fa8812a9fda3d7074f08eb785f86","sellTxId":"b65a5e33d197042bb73760c7cdcde2718fc4124c"}
{"index": {"_index":"spt","_id":"2237435"}}
	{"id":2237435,"type":"sell","buyer":"granddaddies","seller":"theclasser1","symbol":"SPT","quantity":"103.538438","price":"0.00333301","timestamp":1639167873,"volume":"0.34509465","buyTxId":"4d723694f6f9fa8812a9fda3d7074f08eb785f86","sellTxId":"890cc3697dbb71116034dc7769cf349ace1d6533"}
{"index": {"_index":"spt","_id":"2237562"}}
	{"id":2237562,"type":"sell","buyer":"granddaddies","seller":"hiveexplorers","symbol":"SPT","quantity":"86.215614","price":"0.00333303","timestamp":1639169010,"volume":"0.28735923","buyTxId":"084dd93be4b2f1a473a9eff5f4f43d08d89d149e","sellTxId":"e2d06b8dee45521ea273c622c177fa9842b6fa59"}
{"index": {"_index":"spt","_id":"2237650"}}
	{"id":2237650,"type":"sell","buyer":"granddaddies","seller":"nrg","symbol":"SPT","quantity":"4153.552067","price":"0.00333303","timestamp":1639169817,"volume":"13.84391365","buyTxId":"084dd93be4b2f1a473a9eff5f4f43d08d89d149e","sellTxId":"feeacb33e14ea0b8d524c3279f414ba6e83a1173-14"}
{"index": {"_index":"spt","_id":"2237711"}}
	{"id":2237711,"type":"buy","buyer":"caimanx","seller":"mango-juice","symbol":"SPT","quantity":"329.000000","price":"0.00418490","timestamp":1639170399,"volume":"1.37683210","buyTxId":"4485a7c2e1b3e964b967aebace0088d51780d642","sellTxId":"90bdc156ee30c1ac0e440f94a4b9951bfc298554"}
{"index": {"_index":"spt","_id":"2238007"}}
	{"id":2238007,"type":"sell","buyer":"granddaddies","seller":"dswap","symbol":"SPT","quantity":"819","price":"0.00333303","timestamp":1639173291,"volume":"2.72975157","buyTxId":"084dd93be4b2f1a473a9eff5f4f43d08d89d149e","sellTxId":"d707a885f6265b4eddbc260c600e4933c768c0a6"}
{"index": {"_index":"spt","_id":"2238208"}}
	{"id":2238208,"type":"sell","buyer":"granddaddies","seller":"he-index","symbol":"SPT","quantity":"0.005000","price":"0.00333303","timestamp":1639175475,"volume":"0.00001667","buyTxId":"9b12fee105076c9316c662cc9d3f3b81ed68db0f","sellTxId":"9b4e81cfe90105f113ba6a5bf3412a01c1659ba4"}
{"index": {"_index":"spt","_id":"2238357"}}
	{"id":2238357,"type":"sell","buyer":"granddaddies","seller":"hiveexplorers","symbol":"SPT","quantity":"114.421629","price":"0.00333303","timestamp":1639176783,"volume":"0.38137072","buyTxId":"9b12fee105076c9316c662cc9d3f3b81ed68db0f","sellTxId":"78730247d7080fc0d671bf9637c7af64752a71d7"}
{"index": {"_index":"spt","_id":"2238362"}}
	{"id":2238362,"type":"sell","buyer":"granddaddies","seller":"erathael","symbol":"SPT","quantity":"1000.000000","price":"0.00333303","timestamp":1639176831,"volume":"3.33303000","buyTxId":"9b12fee105076c9316c662cc9d3f3b81ed68db0f","sellTxId":"3e46b26f0a656381e6c2afc871b31c6b812180aa"}
{"index": {"_index":"spt","_id":"2238399"}}
	{"id":2238399,"type":"sell","buyer":"granddaddies","seller":"xabi","symbol":"SPT","quantity":"370.215538","price":"0.00333303","timestamp":1639177377,"volume":"1.23393949","buyTxId":"9b12fee105076c9316c662cc9d3f3b81ed68db0f","sellTxId":"5bca81fbdb262b83498a65f98f3c19a15d5043a7"}
{"index": {"_index":"spt","_id":"2238714"}}
	{"id":2238714,"type":"sell","buyer":"granddaddies","seller":"hiveexplorers","symbol":"SPT","quantity":"58.571032","price":"0.00333303","timestamp":1639180134,"volume":"0.19521901","buyTxId":"9b12fee105076c9316c662cc9d3f3b81ed68db0f","sellTxId":"f281b90924accc80264b689a4acc2ef4b9951261"}
{"index": {"_index":"spt","_id":"2238882"}}
	{"id":2238882,"type":"sell","buyer":"granddaddies","seller":"hiveexplorers","symbol":"SPT","quantity":"205.458407","price":"0.00333303","timestamp":1639181076,"volume":"0.68479903","buyTxId":"9b12fee105076c9316c662cc9d3f3b81ed68db0f","sellTxId":"67c9a0423bb64271c61b62dbe57cb1cf52423831"}
{"index": {"_index":"spt","_id":"2238974"}}
	{"id":2238974,"type":"sell","buyer":"granddaddies","seller":"brofi-market","symbol":"SPT","quantity":"3.244260","price":"0.00333303","timestamp":1639181673,"volume":"0.01081322","buyTxId":"9b12fee105076c9316c662cc9d3f3b81ed68db0f","sellTxId":"be514782d1e1ab633c8f23f63ac3ac930ca0194e"}
{"index": {"_index":"spt","_id":"2239096"}}
	{"id":2239096,"type":"sell","buyer":"granddaddies","seller":"hiveexplorers","symbol":"SPT","quantity":"201.355586","price":"0.00333303","timestamp":1639182849,"volume":"0.67112421","buyTxId":"9b12fee105076c9316c662cc9d3f3b81ed68db0f","sellTxId":"2e400221b94fd3054fc2f1a676f652a0986ec39a"}
{"index": {"_index":"spt","_id":"2239166"}}
	{"id":2239166,"type":"buy","buyer":"avengelis","seller":"laundrywoman","symbol":"SPT","quantity":"100.000000","price":"0.00399999","timestamp":1639183443,"volume":"0.39999900","buyTxId":"c0b8a0ff77112c89c6a19625c2f7f8becab6db8d","sellTxId":"5ca2a929e9b589c3432b62de8e6e42f5cdd84b5f"}
{"index": {"_index":"spt","_id":"2239181"}}
	{"id":2239181,"type":"sell","buyer":"granddaddies","seller":"dhedge-drips","symbol":"SPT","quantity":"0.011548","price":"0.00333303","timestamp":1639183590,"volume":"0.00003849","buyTxId":"9b12fee105076c9316c662cc9d3f3b81ed68db0f","sellTxId":"7e9c98c88b366da7e5b288d14d428e34d6f11dd3"}
{"index": {"_index":"spt","_id":"2239268"}}
	{"id":2239268,"type":"sell","buyer":"granddaddies","seller":"magnacarta","symbol":"SPT","quantity":"0.155","price":"0.00333303","timestamp":1639184433,"volume":"0.00051662","buyTxId":"9b12fee105076c9316c662cc9d3f3b81ed68db0f","sellTxId":"e564f2f29249e9cfdf0b57a6941cf8827cf34533"}
{"index": {"_index":"spt","_id":"2239371"}}
	{"id":2239371,"type":"sell","buyer":"granddaddies","seller":"magnacarta","symbol":"SPT","quantity":"0.155","price":"0.00333303","timestamp":1639185480,"volume":"0.00051662","buyTxId":"9b12fee105076c9316c662cc9d3f3b81ed68db0f","sellTxId":"6ce4634c1efbb547df62ef6dbbc20b3fd890409d"}
{"index": {"_index":"spt","_id":"2239912"}}
	{"id":2239912,"type":"sell","buyer":"granddaddies","seller":"steem82868","symbol":"SPT","quantity":"10.145288","price":"0.00333303","timestamp":1639190046,"volume":"0.03381455","buyTxId":"098b950935784fccd3afb33e8bce200f4d97dacf","sellTxId":"b1d0cb78a3349f2688c765fbfc8713cc2bfe3a7f"}
{"index": {"_index":"spt","_id":"2240058"}}
	{"id":2240058,"type":"sell","buyer":"granddaddies","seller":"ura-soul","symbol":"SPT","quantity":"1892.87989","price":"0.00333303","timestamp":1639191447,"volume":"6.30902546","buyTxId":"098b950935784fccd3afb33e8bce200f4d97dacf","sellTxId":"ecfb8d761f0c7c883a037bd5ebe0b85516ea2c8a"}
