{"index": {"_index":"spt","_id":"1686132"}}
	{"id":1686132,"type":"sell","buyer":"pi-trader","seller":"iceman-23","symbol":"SPT","quantity":"0.004494","price":"0.01200005","timestamp":1634006103,"volume":"0.00005393","buyTxId":"41a1600ab7c3b00d1568382005f3ad2abf454f4b-1","sellTxId":"283f89fde94ef6812f1ca404e2499156a26ed05e"}
{"index": {"_index":"spt","_id":"1686155"}}
	{"id":1686155,"type":"sell","buyer":"granddaddies","seller":"steem82868","symbol":"SPT","quantity":"5.424917","price":"0.01200010","timestamp":1634006277,"volume":"0.06509955","buyTxId":"5b05615267ba74f5c41631f20acdeaf0f9c6ec14","sellTxId":"cd84eb4f604c64329ade7009cb309c23b7e20dbd"}
{"index": {"_index":"spt","_id":"1686160"}}
	{"id":1686160,"type":"buy","buyer":"pi-trader","seller":"iceman23","symbol":"SPT","quantity":"0.533338","price":"0.01200013","timestamp":1634006373,"volume":"0.00640013","buyTxId":"8426bfe9403b956caff522d7727da42c03f3bb85-1","sellTxId":"88e4706efb63838a412cff94987578f7a3a65734"}
{"index": {"_index":"spt","_id":"1686209"}}
	{"id":1686209,"type":"sell","buyer":"granddaddies","seller":"riponr","symbol":"SPT","quantity":"1469.594334","price":"0.01200008","timestamp":1634006649,"volume":"17.63524958","buyTxId":"93faf4efada551e097e08eea5f8e24a85c8803c9","sellTxId":"4f7bd9178beb8062b927bf68727b7808300ee21d"}
{"index": {"_index":"spt","_id":"1686305"}}
	{"id":1686305,"type":"buy","buyer":"dswap","seller":"laundrywoman","symbol":"SPT","quantity":"32.598439","price":"0.01388999","timestamp":1634008656,"volume":"0.45279200","buyTxId":"84742045c49bdb92d70cb56942028d45c6912e33","sellTxId":"ba4f531cae60418fa70cdc73371fe96b1ca358b9"}
{"index": {"_index":"spt","_id":"1686319"}}
	{"id":1686319,"type":"sell","buyer":"pi-trader","seller":"omegasplinter","symbol":"SPT","quantity":"1.501634","price":"0.01200007","timestamp":1634009025,"volume":"0.01801971","buyTxId":"2907bfaba917cb2f3b82733ff4a9819f86f8bc39-1","sellTxId":"3f26a5b4b10f8117688394486587448e2c026117"}
{"index": {"_index":"spt","_id":"1686416"}}
	{"id":1686416,"type":"sell","buyer":"pi-trader","seller":"iceman23","symbol":"SPT","quantity":"0.215845","price":"0.01200005","timestamp":1634010606,"volume":"0.00259015","buyTxId":"b773476aff96ecf07234498af673a6fadbc2f7c5-1","sellTxId":"2cd571846b60846262231c616b79cb7518f0b536"}
{"index": {"_index":"spt","_id":"1686445"}}
	{"id":1686445,"type":"sell","buyer":"pi-trader","seller":"iceman-23","symbol":"SPT","quantity":"0.000984","price":"0.01200001","timestamp":1634010984,"volume":"0.00001181","buyTxId":"5f72d85485745444dc479d9daa700c6af9c687b3-3","sellTxId":"2abeab022fe071c55a239de6955615744598a363"}
{"index": {"_index":"spt","_id":"1686534"}}
	{"id":1686534,"type":"sell","buyer":"helicopterben","seller":"chireerocks","symbol":"SPT","quantity":"17.248212","price":"0.01250000","timestamp":1634011977,"volume":"0.21560265","buyTxId":"31539a50ea106d88ef53f25b93fab07272b0fea5","sellTxId":"cd75d5bfc703071cc89b80761d28e5cd4fe5d943"}
{"index": {"_index":"spt","_id":"1686562"}}
	{"id":1686562,"type":"sell","buyer":"helicopterben","seller":"hive.pizza","symbol":"SPT","quantity":"15.303786","price":"0.01250000","timestamp":1634012457,"volume":"0.19129733","buyTxId":"31539a50ea106d88ef53f25b93fab07272b0fea5","sellTxId":"4b4514ea76e419e6d83c5357c58f18fbd9a39a34"}
{"index": {"_index":"spt","_id":"1686653"}}
	{"id":1686653,"type":"sell","buyer":"helicopterben","seller":"nrg","symbol":"SPT","quantity":"2023.336467","price":"0.01250000","timestamp":1634013996,"volume":"25.29170584","buyTxId":"31539a50ea106d88ef53f25b93fab07272b0fea5","sellTxId":"049ae87c889e106e2a8ac9ebe988c9d2db670443"}
{"index": {"_index":"spt","_id":"1686702"}}
	{"id":1686702,"type":"sell","buyer":"helicopterben","seller":"travelgirl","symbol":"SPT","quantity":"4700.000000","price":"0.01250000","timestamp":1634014659,"volume":"58.75000000","buyTxId":"31539a50ea106d88ef53f25b93fab07272b0fea5","sellTxId":"bf17fb6c5f98ebc8932e4ae3b3b9915bc673eb01"}
{"index": {"_index":"spt","_id":"1686716"}}
	{"id":1686716,"type":"buy","buyer":"peeholder","seller":"spt-shturm","symbol":"SPT","quantity":"214.945384","price":"0.01349490","timestamp":1634014944,"volume":"2.90066646","buyTxId":"48debacace9ea64007d450d5f28c7456866144c9","sellTxId":"364fe2dcdda14b7fecd48c5511425d8bc299fd39"}
{"index": {"_index":"spt","_id":"1686717"}}
	{"id":1686717,"type":"buy","buyer":"peeholder","seller":"hansvonkatte","symbol":"SPT","quantity":"0.008000","price":"0.01349999","timestamp":1634014944,"volume":"0.00010800","buyTxId":"48debacace9ea64007d450d5f28c7456866144c9","sellTxId":"624b5a68308864bc02908b505fd57099e1829fa4"}
{"index": {"_index":"spt","_id":"1686718"}}
	{"id":1686718,"type":"buy","buyer":"peeholder","seller":"rosiew","symbol":"SPT","quantity":"2035.046616","price":"0.01350000","timestamp":1634014944,"volume":"27.47312932","buyTxId":"48debacace9ea64007d450d5f28c7456866144c9","sellTxId":"0167b330cc4ff6ef8ae471689805d54b40b43972"}
{"index": {"_index":"spt","_id":"1686738"}}
	{"id":1686738,"type":"sell","buyer":"helicopterben","seller":"ahmetay","symbol":"SPT","quantity":"3244.111535","price":"0.01250000","timestamp":1634015307,"volume":"40.55139418","buyTxId":"31539a50ea106d88ef53f25b93fab07272b0fea5","sellTxId":"15fbbbeb62af29626e8310d97cd2e77e2933b8c1"}
{"index": {"_index":"spt","_id":"1686796"}}
	{"id":1686796,"type":"buy","buyer":"spirits4you","seller":"rosiew","symbol":"SPT","quantity":"1041.780860","price":"0.01350000","timestamp":1634016153,"volume":"14.06404161","buyTxId":"e2ed2880b0cf147ebce74178ee3dd52b9c2b3992","sellTxId":"0167b330cc4ff6ef8ae471689805d54b40b43972"}
{"index": {"_index":"spt","_id":"1686835"}}
	{"id":1686835,"type":"sell","buyer":"helicopterben","seller":"ahmetay","symbol":"SPT","quantity":"10000.000000","price":"0.01250000","timestamp":1634016786,"volume":"125.00000000","buyTxId":"d0639526d766af113dd7a234aab55641f4eb42cb","sellTxId":"df52184297c558e1786e108d60c6c98d5bbefd6c"}
{"index": {"_index":"spt","_id":"1686838"}}
	{"id":1686838,"type":"buy","buyer":"davdiprossimo","seller":"rosiew","symbol":"SPT","quantity":"540.386784","price":"0.01350000","timestamp":1634016831,"volume":"7.29522158","buyTxId":"63fe1f7ccfb0f80ad0487ec67ec59a3e926d4a4b","sellTxId":"0167b330cc4ff6ef8ae471689805d54b40b43972"}
{"index": {"_index":"spt","_id":"1686839"}}
	{"id":1686839,"type":"buy","buyer":"davdiprossimo","seller":"laundrywoman","symbol":"SPT","quantity":"13873.644143","price":"0.01388999","timestamp":1634016831,"volume":"192.70477842","buyTxId":"63fe1f7ccfb0f80ad0487ec67ec59a3e926d4a4b","sellTxId":"ba4f531cae60418fa70cdc73371fe96b1ca358b9"}
{"index": {"_index":"spt","_id":"1686901"}}
	{"id":1686901,"type":"sell","buyer":"pi-trader","seller":"chekohler","symbol":"SPT","quantity":"12.392813","price":"0.01200013","timestamp":1634017899,"volume":"0.14871537","buyTxId":"4de09897c5c5794491a56c9e926a6cd429eb75ca-7","sellTxId":"d551887acaf47449d687ae2223b681b1ccc7a2e1"}
{"index": {"_index":"spt","_id":"1687067"}}
	{"id":1687067,"type":"sell","buyer":"happymax","seller":"ahmetay","symbol":"SPT","quantity":"2013.837494","price":"0.01250010","timestamp":1634019702,"volume":"25.17317006","buyTxId":"88407996a920f288f0b1e1ef0d80fc15105f2b47","sellTxId":"2f6aa68739f2dd10908030528c6aed7701969ecf"}
{"index": {"_index":"spt","_id":"1687161"}}
	{"id":1687161,"type":"sell","buyer":"happymax","seller":"dhedge-drips","symbol":"SPT","quantity":"95.848793","price":"0.01250010","timestamp":1634021145,"volume":"1.19811950","buyTxId":"88407996a920f288f0b1e1ef0d80fc15105f2b47","sellTxId":"4304be184b0dae77df01a8c7ea8362fa3c3d99f2"}
{"index": {"_index":"spt","_id":"1687217"}}
	{"id":1687217,"type":"buy","buyer":"kidwasabi","seller":"laundrywoman","symbol":"SPT","quantity":"2210.875614","price":"0.01388999","timestamp":1634022012,"volume":"30.70904017","buyTxId":"02562165c00c9eedc6004ca0c2a4bfea13b5be80","sellTxId":"ba4f531cae60418fa70cdc73371fe96b1ca358b9"}
{"index": {"_index":"spt","_id":"1687241"}}
	{"id":1687241,"type":"sell","buyer":"anadolu","seller":"roguecrane","symbol":"SPT","quantity":"0.000466","price":"0.01251000","timestamp":1634022663,"volume":"0.00000583","buyTxId":"880e91529b6132ed2db22e1d8931686bbf4fab73","sellTxId":"3a763d4c15824218fc5ed4e952e83e5becb28f33"}
{"index": {"_index":"spt","_id":"1687318"}}
	{"id":1687318,"type":"buy","buyer":"jongolson","seller":"laundrywoman","symbol":"SPT","quantity":"1000.000000","price":"0.01388998","timestamp":1634024454,"volume":"13.88998000","buyTxId":"e2069591858d72d00824c8e6b664a3809524a8da","sellTxId":"7421e36bc76f2a5cac013f1fd5e99318c1984a8d"}
{"index": {"_index":"spt","_id":"1687349"}}
	{"id":1687349,"type":"sell","buyer":"anadolu","seller":"revisesociology","symbol":"SPT","quantity":"1000.000000","price":"0.01251000","timestamp":1634025840,"volume":"12.51000000","buyTxId":"880e91529b6132ed2db22e1d8931686bbf4fab73","sellTxId":"f1677817c74c49ad4798f6f0392aad055f21bdc7"}
{"index": {"_index":"spt","_id":"1687410"}}
	{"id":1687410,"type":"sell","buyer":"anadolu","seller":"ahmetay","symbol":"SPT","quantity":"8999.999534","price":"0.01251000","timestamp":1634026842,"volume":"112.58999417","buyTxId":"880e91529b6132ed2db22e1d8931686bbf4fab73","sellTxId":"dc8684ceff84e6d6b3d7b3f78953a1201f03ac04"}
{"index": {"_index":"spt","_id":"1687411"}}
	{"id":1687411,"type":"sell","buyer":"happymax","seller":"ahmetay","symbol":"SPT","quantity":"11696.278210","price":"0.01250010","timestamp":1634026842,"volume":"146.20464725","buyTxId":"88407996a920f288f0b1e1ef0d80fc15105f2b47","sellTxId":"dc8684ceff84e6d6b3d7b3f78953a1201f03ac04"}
{"index": {"_index":"spt","_id":"1687421"}}
	{"id":1687421,"type":"sell","buyer":"happymax","seller":"ahmetay","symbol":"SPT","quantity":"5993.035503","price":"0.01250010","timestamp":1634027001,"volume":"74.91354309","buyTxId":"88407996a920f288f0b1e1ef0d80fc15105f2b47","sellTxId":"be1b3da5f9f95d0293b50d9c538586066703c84f"}
{"index": {"_index":"spt","_id":"1687422"}}
	{"id":1687422,"type":"sell","buyer":"helicopterben","seller":"ahmetay","symbol":"SPT","quantity":"10000.000000","price":"0.01250000","timestamp":1634027001,"volume":"125.00000000","buyTxId":"16183d6dc105d8e9b6630d17256f91b3c4e07dd6","sellTxId":"be1b3da5f9f95d0293b50d9c538586066703c84f"}
{"index": {"_index":"spt","_id":"1687423"}}
	{"id":1687423,"type":"sell","buyer":"one3979","seller":"ahmetay","symbol":"SPT","quantity":"200.000000","price":"0.01200000","timestamp":1634027001,"volume":"2.40000000","buyTxId":"f8fe36c192c5717b5bec80a4c15f5c7edbd93d9f","sellTxId":"be1b3da5f9f95d0293b50d9c538586066703c84f"}
{"index": {"_index":"spt","_id":"1687424"}}
	{"id":1687424,"type":"sell","buyer":"enm1","seller":"ahmetay","symbol":"SPT","quantity":"307.856624","price":"0.01200000","timestamp":1634027001,"volume":"3.69427949","buyTxId":"1467d24a869e277b45afe24ab907eb938e056011","sellTxId":"be1b3da5f9f95d0293b50d9c538586066703c84f"}
{"index": {"_index":"spt","_id":"1687491"}}
	{"id":1687491,"type":"sell","buyer":"pi-trader","seller":"vospaxik","symbol":"SPT","quantity":"100.000000","price":"0.01200001","timestamp":1634028483,"volume":"1.20000100","buyTxId":"fbbd52102d4839d4464badc13429a5a9737ae139-2","sellTxId":"a6aa2b6feb888af5de9cbcac5eb9c1caf8223a59"}
{"index": {"_index":"spt","_id":"1687496"}}
	{"id":1687496,"type":"sell","buyer":"pi-trader","seller":"vospaxik","symbol":"SPT","quantity":"118.952903","price":"0.01200001","timestamp":1634028624,"volume":"1.42743603","buyTxId":"41c69bb5c868db93ce21903fe22af311a10f2637-4","sellTxId":"99fd689ae373a74fdb21cd00cb15447305dc060b"}
{"index": {"_index":"spt","_id":"1687529"}}
	{"id":1687529,"type":"buy","buyer":"dswap","seller":"laundrywoman","symbol":"SPT","quantity":"218.978262","price":"0.01369999","timestamp":1634029305,"volume":"3","buyTxId":"5edd88b4351790df7ab915a0eefb442a2f3771ba","sellTxId":"f0bd2480d49bdefb90262640d5f8b0613103dcfc"}
{"index": {"_index":"spt","_id":"1687542"}}
	{"id":1687542,"type":"buy","buyer":"dswap","seller":"laundrywoman","symbol":"SPT","quantity":"267.439209","price":"0.01369999","timestamp":1634029605,"volume":"3.66391449","buyTxId":"26d42d525cb2fced2221a3b5a8113026ad589b09","sellTxId":"f0bd2480d49bdefb90262640d5f8b0613103dcfc"}
{"index": {"_index":"spt","_id":"1687549"}}
	{"id":1687549,"type":"sell","buyer":"pi-trader","seller":"dswap","symbol":"SPT","quantity":"267.439209","price":"0.01200003","timestamp":1634029746,"volume":"3.20927853","buyTxId":"93baedda11e75867f47dcec6d48b37ab2defc423-3","sellTxId":"ad0f353de145c7941d1394514a74c93514d3baec"}
{"index": {"_index":"spt","_id":"1687570"}}
	{"id":1687570,"type":"sell","buyer":"pi-trader","seller":"iceman23","symbol":"SPT","quantity":"0.093167","price":"0.01200011","timestamp":1634030064,"volume":"0.00111801","buyTxId":"8381abab535745de29778e45941db291ad075030-1","sellTxId":"26b9f460167681d44d8bf0d7ec41780857667435"}
{"index": {"_index":"spt","_id":"1687621"}}
	{"id":1687621,"type":"buy","buyer":"samarek69","seller":"laundrywoman","symbol":"SPT","quantity":"2.387500","price":"0.01369999","timestamp":1634030901,"volume":"0.03270873","buyTxId":"c3b9ca0018663dd404d6b8eb747ade366d025d00","sellTxId":"f0bd2480d49bdefb90262640d5f8b0613103dcfc"}
{"index": {"_index":"spt","_id":"1687665"}}
	{"id":1687665,"type":"sell","buyer":"granddaddies","seller":"jayyyyyez","symbol":"SPT","quantity":"9.163483","price":"0.01200006","timestamp":1634031726,"volume":"0.10996235","buyTxId":"0fbf8c56ba61777b36877de37f12d5f0d2d18103","sellTxId":"374dae9df9b64cac793c2628345e91c148c915f3"}
{"index": {"_index":"spt","_id":"1687764"}}
	{"id":1687764,"type":"buy","buyer":"dswap","seller":"laundrywoman","symbol":"SPT","quantity":"186.687620","price":"0.01369999","timestamp":1634033400,"volume":"2.55761854","buyTxId":"90a09bab65c8fb44b2ecf114730bde4abf4bf830","sellTxId":"f0bd2480d49bdefb90262640d5f8b0613103dcfc"}
{"index": {"_index":"spt","_id":"1687786"}}
	{"id":1687786,"type":"sell","buyer":"pi-trader","seller":"dswap","symbol":"SPT","quantity":"186.687620","price":"0.01200007","timestamp":1634033553,"volume":"2.24026451","buyTxId":"1c61473efd171c1cd583f5269a671e544e2599a5-7","sellTxId":"71e12f543bef3900d3bf18937e90b98f2181ca4d"}
{"index": {"_index":"spt","_id":"1687963"}}
	{"id":1687963,"type":"buy","buyer":"dswap","seller":"laundrywoman","symbol":"SPT","quantity":"9270.079759","price":"0.01369999","timestamp":1634035992,"volume":"127","buyTxId":"3e8ea9e1a6c114b6bab200947acf611381c4e61a","sellTxId":"f0bd2480d49bdefb90262640d5f8b0613103dcfc"}
{"index": {"_index":"spt","_id":"1687996"}}
	{"id":1687996,"type":"sell","buyer":"pi-trader","seller":"cjabellera3","symbol":"SPT","quantity":"69.278519","price":"0.01200001","timestamp":1634036691,"volume":"0.83134292","buyTxId":"d301dc7c78f2782be76645e3758daeda3592f3ee-2","sellTxId":"6fcecd2275e2d177caa89d0bdeef69b980d1dd0e"}
{"index": {"_index":"spt","_id":"1688067"}}
	{"id":1688067,"type":"buy","buyer":"uyobong","seller":"laundrywoman","symbol":"SPT","quantity":"350.000000","price":"0.01368999","timestamp":1634037585,"volume":"4.79149650","buyTxId":"b0d3d7fc63c68ef89a415748a8ce0865006acb21","sellTxId":"b9fe74affa3ab9f4a749e592e7d58f5ef41b0466"}
{"index": {"_index":"spt","_id":"1688068"}}
	{"id":1688068,"type":"sell","buyer":"enm1","seller":"shortsegments","symbol":"SPT","quantity":"687.623051","price":"0.01200000","timestamp":1634037585,"volume":"8.25147661","buyTxId":"1467d24a869e277b45afe24ab907eb938e056011","sellTxId":"0ab1096a840ac231654ed4bd997534717d8535a9"}
{"index": {"_index":"spt","_id":"1688084"}}
	{"id":1688084,"type":"sell","buyer":"enm1","seller":"burningelk","symbol":"SPT","quantity":"42.287000","price":"0.01200000","timestamp":1634037924,"volume":"0.50744400","buyTxId":"1467d24a869e277b45afe24ab907eb938e056011","sellTxId":"00171c4b301234997adbcbc6bbfd9992fc70c93c"}
{"index": {"_index":"spt","_id":"1688241"}}
	{"id":1688241,"type":"sell","buyer":"enm1","seller":"esmeesmith","symbol":"SPT","quantity":"0.026","price":"0.01200000","timestamp":1634040609,"volume":"0.00031200","buyTxId":"1467d24a869e277b45afe24ab907eb938e056011","sellTxId":"0beb91b3ddb3bebb8cddd0e3af9bdbd1810a6506"}
{"index": {"_index":"spt","_id":"1688323"}}
	{"id":1688323,"type":"sell","buyer":"anadolu","seller":"fullcoverbetting","symbol":"SPT","quantity":"16.207765","price":"0.01205000","timestamp":1634041317,"volume":"0.19530357","buyTxId":"d63cc9799ce8a43ba10fce3746d5cacf21e37bc2","sellTxId":"4c10f6c93d0099efbaadd99bb4d11239cf79f04f"}
{"index": {"_index":"spt","_id":"1688329"}}
	{"id":1688329,"type":"sell","buyer":"anadolu","seller":"ahmetay","symbol":"SPT","quantity":"835.361827","price":"0.01205000","timestamp":1634041464,"volume":"10.06611002","buyTxId":"d63cc9799ce8a43ba10fce3746d5cacf21e37bc2","sellTxId":"ea89ed388f0007f3fa39390c3f21320df6a4ff4d"}
{"index": {"_index":"spt","_id":"1688403"}}
	{"id":1688403,"type":"sell","buyer":"enm1","seller":"alive.chat","symbol":"SPT","quantity":"0.262876","price":"0.01200000","timestamp":1634042334,"volume":"0.00315451","buyTxId":"1467d24a869e277b45afe24ab907eb938e056011","sellTxId":"fd97744b99d0f496ac6b14623302372e288d8be2"}
{"index": {"_index":"spt","_id":"1688413"}}
	{"id":1688413,"type":"sell","buyer":"enm1","seller":"rital75","symbol":"SPT","quantity":"3000.000000","price":"0.01200000","timestamp":1634042409,"volume":"36.00000000","buyTxId":"1467d24a869e277b45afe24ab907eb938e056011","sellTxId":"96c305188b9efdfb66cdcba9e74be836cd6fd755"}
{"index": {"_index":"spt","_id":"1688603"}}
	{"id":1688603,"type":"sell","buyer":"pi-trader","seller":"kakakk","symbol":"SPT","quantity":"4795.338423","price":"0.01165020","timestamp":1634044386,"volume":"55.86665170","buyTxId":"5b60197a3a65627edd4e88771adae7e80730d09f-11","sellTxId":"f52a70462dc6c6847b7907f4d26545055f4e60c3"}
{"index": {"_index":"spt","_id":"1688748"}}
	{"id":1688748,"type":"buy","buyer":"sandrao","seller":"laundrywoman","symbol":"SPT","quantity":"1.000000","price":"0.01299999","timestamp":1634046573,"volume":"0.01299999","buyTxId":"218e9ba5a346fe8a4c751f5eb3571a25b5bad73a","sellTxId":"eb354bd13cdf4d9a144eb71a734703d7e435997c"}
{"index": {"_index":"spt","_id":"1688761"}}
	{"id":1688761,"type":"sell","buyer":"granddaddies","seller":"mawit07","symbol":"SPT","quantity":"4.253270","price":"0.01165017","timestamp":1634046708,"volume":"0.04955132","buyTxId":"01adfc883a86d0ca3bbdf02930823e69ad8419f7","sellTxId":"6b7fd2ec97098b92dba6d4bffda52e42c12c046a"}
{"index": {"_index":"spt","_id":"1688868"}}
	{"id":1688868,"type":"buy","buyer":"brataka","seller":"laundrywoman","symbol":"SPT","quantity":"94.000000","price":"0.01299999","timestamp":1634048217,"volume":"1.22199906","buyTxId":"2746ef9602c93c6ac6384e2e21779ba188c8b09d","sellTxId":"eb354bd13cdf4d9a144eb71a734703d7e435997c"}
{"index": {"_index":"spt","_id":"1689232"}}
	{"id":1689232,"type":"sell","buyer":"granddaddies","seller":"brofi-market","symbol":"SPT","quantity":"0.333294","price":"0.01165011","timestamp":1634055000,"volume":"0.00388291","buyTxId":"20744ceec05ed9dc77f8f56b4f090190244d7ac4","sellTxId":"80f05ea6593bfbf198a037788d5fc7c1d2987ac6"}
{"index": {"_index":"spt","_id":"1689421"}}
	{"id":1689421,"type":"buy","buyer":"dswap","seller":"laundrywoman","symbol":"SPT","quantity":"0.009647","price":"0.01298999","timestamp":1634056554,"volume":"0.00012532","buyTxId":"15fd57a322a6360ad55ba0482a118d0583698ece","sellTxId":"55b5b3a50ddcbb60096309349274e3c09de45162"}
{"index": {"_index":"spt","_id":"1689675"}}
	{"id":1689675,"type":"buy","buyer":"nyxlabs","seller":"brofi-market","symbol":"SPT","quantity":"0.333294","price":"0.01298999","timestamp":1634059038,"volume":"0.00432949","buyTxId":"dec470c5051b37dfd1daa90b14f2697327673e78","sellTxId":"a2444fdb631e31a69ccc2201b3aa5c1a86b4782e"}
{"index": {"_index":"spt","_id":"1689676"}}
	{"id":1689676,"type":"buy","buyer":"nyxlabs","seller":"laundrywoman","symbol":"SPT","quantity":"999.666706","price":"0.01299999","timestamp":1634059038,"volume":"12.99565718","buyTxId":"dec470c5051b37dfd1daa90b14f2697327673e78","sellTxId":"cceabf66048fd3b8562e7baee536d48840db8190"}
{"index": {"_index":"spt","_id":"1689732"}}
	{"id":1689732,"type":"buy","buyer":"mad-runner","seller":"laundrywoman","symbol":"SPT","quantity":"15.000000","price":"0.01299999","timestamp":1634059866,"volume":"0.19499985","buyTxId":"97218372240fd6afb2f11b0cc0e0a7d0b4229391","sellTxId":"cceabf66048fd3b8562e7baee536d48840db8190"}
{"index": {"_index":"spt","_id":"1689780"}}
	{"id":1689780,"type":"buy","buyer":"jongolson","seller":"laundrywoman","symbol":"SPT","quantity":"1000.000000","price":"0.01299999","timestamp":1634060367,"volume":"12.99999000","buyTxId":"e499cf5926d0031b0e690c1294d766de12917f41","sellTxId":"31801d75c03505d364ed1991007a58085ac5e819"}
{"index": {"_index":"spt","_id":"1689781"}}
	{"id":1689781,"type":"buy","buyer":"dswap","seller":"laundrywoman","symbol":"SPT","quantity":"10000.007692","price":"0.01299999","timestamp":1634060418,"volume":"130","buyTxId":"9e99e9c34c3706c4c05b1f3cc99acde08df52dee","sellTxId":"31801d75c03505d364ed1991007a58085ac5e819"}
{"index": {"_index":"spt","_id":"1689837"}}
	{"id":1689837,"type":"sell","buyer":"pi-trader","seller":"mawit07","symbol":"SPT","quantity":"3298.814488","price":"0.01171001","timestamp":1634060862,"volume":"38.62915064","buyTxId":"782228c8b06d35e9b5cca4d1f14e023a35c7851c-7","sellTxId":"dfc6766b103a528888c5504e6817858939bf5693"}
{"index": {"_index":"spt","_id":"1689928"}}
	{"id":1689928,"type":"sell","buyer":"pi-trader","seller":"khazrakh","symbol":"SPT","quantity":"363.271000","price":"0.01170003","timestamp":1634062089,"volume":"4.25028160","buyTxId":"35bbdce1cf424eea536c067366338057e9a7e6a3-11","sellTxId":"351da92422dd716e485d1759d95c1452feeae1c5"}
{"index": {"_index":"spt","_id":"1690002"}}
	{"id":1690002,"type":"sell","buyer":"pi-trader","seller":"chel-koby","symbol":"SPT","quantity":"570.000000","price":"0.01170001","timestamp":1634062797,"volume":"6.66900570","buyTxId":"8d724e30d4871fc32f48b92d8d5aec3e571e9027-6","sellTxId":"744c6bc9c00a2bfdf48abf3f28da8a2d68665151"}
{"index": {"_index":"spt","_id":"1690048"}}
	{"id":1690048,"type":"buy","buyer":"dswap","seller":"laundrywoman","symbol":"SPT","quantity":"12.307701","price":"0.01299999","timestamp":1634063586,"volume":"0.16000000","buyTxId":"e817504b18e1cebfa09cfa10157158ef46a6de4f","sellTxId":"ab0f30dbb8565a022d4bc6a8f1763ba37cd3f644"}
{"index": {"_index":"spt","_id":"1690059"}}
	{"id":1690059,"type":"sell","buyer":"granddaddies","seller":"lifeskills-tv","symbol":"SPT","quantity":"8000.000000","price":"0.01170010","timestamp":1634063760,"volume":"93.60080000","buyTxId":"170e8206ce3614e27a5c9bf2ddfa218c11aa0353","sellTxId":"a959d8fcbe820e23e047a40c4b149b0ddb5ea64f"}
{"index": {"_index":"spt","_id":"1690067"}}
	{"id":1690067,"type":"sell","buyer":"pi-trader","seller":"lifeskills-tv","symbol":"SPT","quantity":"8000.000000","price":"0.01170011","timestamp":1634063805,"volume":"93.60088000","buyTxId":"e25fff3518f5ce9cb56db3b40285af05f6e722bf-3","sellTxId":"87e23572f4efb6bce968bf54154edd79b39589e9"}
{"index": {"_index":"spt","_id":"1690068"}}
	{"id":1690068,"type":"sell","buyer":"granddaddies","seller":"lifeskills-tv","symbol":"SPT","quantity":"8021.791971","price":"0.01170010","timestamp":1634063805,"volume":"93.85576824","buyTxId":"170e8206ce3614e27a5c9bf2ddfa218c11aa0353","sellTxId":"87e23572f4efb6bce968bf54154edd79b39589e9"}
{"index": {"_index":"spt","_id":"1690080"}}
	{"id":1690080,"type":"sell","buyer":"pi-trader","seller":"magnacarta","symbol":"SPT","quantity":"11.087716","price":"0.01170007","timestamp":1634064120,"volume":"0.12972705","buyTxId":"7acfcc2413397a8835304583504349ad2c25c78c-5","sellTxId":"af052481d92e875012e2d3d0a6d606414d874700"}
{"index": {"_index":"spt","_id":"1690082"}}
	{"id":1690082,"type":"sell","buyer":"pi-trader","seller":"karuna21","symbol":"SPT","quantity":"127","price":"0.01170007","timestamp":1634064129,"volume":"1.48590889","buyTxId":"7acfcc2413397a8835304583504349ad2c25c78c-5","sellTxId":"c14f423ca641dd9f5a4cd1883e20f1c4fde00d4e"}
{"index": {"_index":"spt","_id":"1690096"}}
	{"id":1690096,"type":"sell","buyer":"pi-trader","seller":"dhedge-drips","symbol":"SPT","quantity":"0.031437","price":"0.01170013","timestamp":1634064354,"volume":"0.00036782","buyTxId":"e3fcdd3089e29f4c9d8b0b4f4dbd91bd5f2dbcd3-7","sellTxId":"34a02bc12d392c9a98702ca726cc244b5dbeba1e"}
{"index": {"_index":"spt","_id":"1690355"}}
	{"id":1690355,"type":"sell","buyer":"pi-trader","seller":"reward.app","symbol":"SPT","quantity":"1353.449518","price":"0.01171001","timestamp":1634068440,"volume":"15.84890739","buyTxId":"cf9fb2b178040c8b715f39fdeba46cdd15248a23-4","sellTxId":"0dc93557f0e164697867a542ceb24cc3d22a3396"}
{"index": {"_index":"spt","_id":"1690370"}}
	{"id":1690370,"type":"buy","buyer":"nyxlabs","seller":"laundrywoman","symbol":"SPT","quantity":"250.000000","price":"0.01299999","timestamp":1634068602,"volume":"3.24999750","buyTxId":"273aa931991aa5a4a20daf6b51d553e0697f5859","sellTxId":"ab0f30dbb8565a022d4bc6a8f1763ba37cd3f644"}
{"index": {"_index":"spt","_id":"1690376"}}
	{"id":1690376,"type":"buy","buyer":"small1axe","seller":"laundrywoman","symbol":"SPT","quantity":"109.954000","price":"0.01299999","timestamp":1634068665,"volume":"1.42940090","buyTxId":"a99f182acd8b1d02ca27151fcd847ede1568f81d","sellTxId":"ab0f30dbb8565a022d4bc6a8f1763ba37cd3f644"}
{"index": {"_index":"spt","_id":"1690384"}}
	{"id":1690384,"type":"buy","buyer":"small1axe","seller":"laundrywoman","symbol":"SPT","quantity":"4000.000000","price":"0.01299999","timestamp":1634068854,"volume":"51.99996000","buyTxId":"f13f760e78962c1c618aef5f179424c8b89d8baf","sellTxId":"ab0f30dbb8565a022d4bc6a8f1763ba37cd3f644"}
{"index": {"_index":"spt","_id":"1690403"}}
	{"id":1690403,"type":"sell","buyer":"granddaddies","seller":"bitcoinflood","symbol":"SPT","quantity":"17.555824","price":"0.01171006","timestamp":1634069247,"volume":"0.20557975","buyTxId":"9057b22ddd52ea06393ca9368b9407b61dc85ad2","sellTxId":"de93906afcfde961e95d59f1725ee4e223b56c77"}
{"index": {"_index":"spt","_id":"1690404"}}
	{"id":1690404,"type":"sell","buyer":"pi-trader","seller":"revise.leo","symbol":"SPT","quantity":"27.000000","price":"0.01171007","timestamp":1634069289,"volume":"0.31617189","buyTxId":"34b8b638592f843f94db9e2a4596432d7bbc1652-3","sellTxId":"e03b031c141cee242191f4ef19a46e4a82e4002b"}
{"index": {"_index":"spt","_id":"1690628"}}
	{"id":1690628,"type":"sell","buyer":"pi-trader","seller":"forexbrokr","symbol":"SPT","quantity":"1.510390","price":"0.01185001","timestamp":1634072100,"volume":"0.01789814","buyTxId":"ad5cc9cfcc18943d8a205345eced28701cd904de-3","sellTxId":"38c68d955551433b510f05bc4c001c6b7e6db95e"}
{"index": {"_index":"spt","_id":"1690858"}}
	{"id":1690858,"type":"buy","buyer":"rital75","seller":"beco132","symbol":"SPT","quantity":"102.000000","price":"0.01215400","timestamp":1634076045,"volume":"1.23970800","buyTxId":"bad3ac16f4eefacd00a0682d7b93fe22293601b1","sellTxId":"77c1de7b3a41ffb63ba577b3de67f4fed3954068"}
{"index": {"_index":"spt","_id":"1690900"}}
	{"id":1690900,"type":"buy","buyer":"trans-juanmi","seller":"beco132","symbol":"SPT","quantity":"0.427000","price":"0.01215400","timestamp":1634076924,"volume":"0.00518976","buyTxId":"b3753767505888ea437b60e0554e54b2b1779836","sellTxId":"77c1de7b3a41ffb63ba577b3de67f4fed3954068"}
{"index": {"_index":"spt","_id":"1690901"}}
	{"id":1690901,"type":"buy","buyer":"trans-juanmi","seller":"laundrywoman","symbol":"SPT","quantity":"40.573000","price":"0.01298999","timestamp":1634076924,"volume":"0.52704286","buyTxId":"b3753767505888ea437b60e0554e54b2b1779836","sellTxId":"40492d90af323600d737e290e89746834a57a7c6"}
{"index": {"_index":"spt","_id":"1690936"}}
	{"id":1690936,"type":"sell","buyer":"granddaddies","seller":"jakkal","symbol":"SPT","quantity":"17.663785","price":"0.01185062","timestamp":1634077815,"volume":"0.20932680","buyTxId":"3ad7618d99444b901290f75f6237b5a350f99024","sellTxId":"ce0f024378ae2787fc1584c69c27cab285b9b953"}
{"index": {"_index":"spt","_id":"1690938"}}
	{"id":1690938,"type":"sell","buyer":"granddaddies","seller":"bitcoinflood","symbol":"SPT","quantity":"69.597803","price":"0.01185054","timestamp":1634077929,"volume":"0.82477155","buyTxId":"537e26ef71c348063aafd6ec1f061b018be96efa","sellTxId":"cd2f853417bdbe640d8d18a65065958c2cff1c91"}
{"index": {"_index":"spt","_id":"1690942"}}
	{"id":1690942,"type":"buy","buyer":"peeholder","seller":"laundrywoman","symbol":"SPT","quantity":"23000.000000","price":"0.01298999","timestamp":1634077989,"volume":"298.76977000","buyTxId":"d08f1e956fde423fd8d4533d6f700ec25507c78f","sellTxId":"40492d90af323600d737e290e89746834a57a7c6"}
{"index": {"_index":"spt","_id":"1690990"}}
	{"id":1690990,"type":"sell","buyer":"granddaddies","seller":"dynamicgreentk","symbol":"SPT","quantity":"579.704649","price":"0.01185056","timestamp":1634078904,"volume":"6.86982473","buyTxId":"96e909f95240c1928a69de52a88283125d17a1c3","sellTxId":"e9ebd618ba89d48fa73c8b5fc3ad42cd156a1e3b"}
{"index": {"_index":"spt","_id":"1690992"}}
	{"id":1690992,"type":"sell","buyer":"pi-trader","seller":"ryanpiloneo","symbol":"SPT","quantity":"313.204617","price":"0.01185059","timestamp":1634079024,"volume":"3.71165950","buyTxId":"3a154bc1f66977dded196b9e59ca45776a9a26b1-3","sellTxId":"8ab1e08c5c2ef9a7aed4193f94dc207dfd90775a"}
{"index": {"_index":"spt","_id":"1691070"}}
	{"id":1691070,"type":"buy","buyer":"brettpullen","seller":"laundrywoman","symbol":"SPT","quantity":"500.000000","price":"0.01298999","timestamp":1634080173,"volume":"6.49499500","buyTxId":"870f6bc0110f52d988fbe5fa35888450d7f727ae","sellTxId":"40492d90af323600d737e290e89746834a57a7c6"}
{"index": {"_index":"spt","_id":"1691074"}}
	{"id":1691074,"type":"sell","buyer":"pi-trader","seller":"crossbro","symbol":"SPT","quantity":"603.000000","price":"0.01185055","timestamp":1634080200,"volume":"7.14588165","buyTxId":"090b8e3b3407b188b432942362a3aa0838e73497-1","sellTxId":"0fb79f67fd7e5e4ef8312c0cf9dbae8d86505291"}
{"index": {"_index":"spt","_id":"1691076"}}
	{"id":1691076,"type":"sell","buyer":"pi-trader","seller":"justinparke","symbol":"SPT","quantity":"10.86632","price":"0.01185057","timestamp":1634080257,"volume":"0.12877209","buyTxId":"5b39a11d470f763cddda37aeeeb42029f3847675-3","sellTxId":"556b09d263fbe507b639d59f0f7db68cd66f49d0"}
{"index": {"_index":"spt","_id":"1691225"}}
	{"id":1691225,"type":"sell","buyer":"pi-trader","seller":"teenagecrypto","symbol":"SPT","quantity":"12.805209","price":"0.01185059","timestamp":1634082162,"volume":"0.15174928","buyTxId":"b9fd4f7cc8667075354b38761e6f804af4debb96-3","sellTxId":"903e6812e9faae694573a834434ce3183c1d93e6"}
{"index": {"_index":"spt","_id":"1691246"}}
	{"id":1691246,"type":"sell","buyer":"pi-trader","seller":"iceman23","symbol":"SPT","quantity":"2022.688763","price":"0.01185061","timestamp":1634082708,"volume":"23.97009568","buyTxId":"a72a62946e66aedaea561c8f9bb5ee53c6a5f063-5","sellTxId":"e7b1d5635c6a6b03c4499c3b60b6cf45dd5dd1d4"}
{"index": {"_index":"spt","_id":"1691301"}}
	{"id":1691301,"type":"sell","buyer":"pi-trader","seller":"chubb149","symbol":"SPT","quantity":"150.000000","price":"0.01185057","timestamp":1634083737,"volume":"1.77758550","buyTxId":"39c8a9e11142e548e9d010efedce03572db7e5a6-1","sellTxId":"3cb04c2e65cab824cf80a91d327ba6657f901f87"}
{"index": {"_index":"spt","_id":"1691322"}}
	{"id":1691322,"type":"sell","buyer":"pi-trader","seller":"brofi-market","symbol":"SPT","quantity":"4.253492","price":"0.01185061","timestamp":1634083890,"volume":"0.05040647","buyTxId":"f25d7795bdb542b77bf6afea1cf7f610c384ea1c-2","sellTxId":"53c522b2725a87ab8dfbfcef402bbd8fb5bfa1b6"}
{"index": {"_index":"spt","_id":"1691348"}}
	{"id":1691348,"type":"sell","buyer":"pi-trader","seller":"shaddrak","symbol":"SPT","quantity":"473.913330","price":"0.01185061","timestamp":1634084376,"volume":"5.61616205","buyTxId":"55c38e134e7c70a52e0260d51e19a50769fcb901-3","sellTxId":"4b008911dc13d914e9c978cec4695dca227f1685"}
{"index": {"_index":"spt","_id":"1691388"}}
	{"id":1691388,"type":"buy","buyer":"druidsblood","seller":"laundrywoman","symbol":"SPT","quantity":"34100.000000","price":"0.01298999","timestamp":1634085369,"volume":"442.95865900","buyTxId":"c2a6a0df53556e12aea07e81c4391496dc9e44d8","sellTxId":"40492d90af323600d737e290e89746834a57a7c6"}
{"index": {"_index":"spt","_id":"1691395"}}
	{"id":1691395,"type":"buy","buyer":"diamonddreamer","seller":"laundrywoman","symbol":"SPT","quantity":"43250.000000","price":"0.01298999","timestamp":1634085432,"volume":"561.81706750","buyTxId":"ae2f36fc6764cb86daab08977824e4ac51b6a13e","sellTxId":"40492d90af323600d737e290e89746834a57a7c6"}
{"index": {"_index":"spt","_id":"1691430"}}
	{"id":1691430,"type":"sell","buyer":"pi-trader","seller":"dhedge-drips","symbol":"SPT","quantity":"0.029500","price":"0.01185009","timestamp":1634086011,"volume":"0.00034958","buyTxId":"e670f6398cf5759be3bb3faa6320d38607179115-9","sellTxId":"1b38fed6e2a646d8397fed8860c461a3b8640fc1"}
{"index": {"_index":"spt","_id":"1691479"}}
	{"id":1691479,"type":"sell","buyer":"granddaddies","seller":"iceman23","symbol":"SPT","quantity":"0.172565","price":"0.01185010","timestamp":1634086446,"volume":"0.00204491","buyTxId":"0b3b0bd7922a402f7a8bca3242eb6fee7acd8df1","sellTxId":"520b34deaf87feabdb85d76a9f78832227982fd2"}
{"index": {"_index":"spt","_id":"1691594"}}
	{"id":1691594,"type":"sell","buyer":"granddaddies","seller":"iceman-23","symbol":"SPT","quantity":"0.013686","price":"0.01185002","timestamp":1634088858,"volume":"0.00016218","buyTxId":"264b53c849b0acfb99685b89c6b3ff3f2c421eea","sellTxId":"aa5c9298fadf036b4776f0addc3acd660808b844"}
{"index": {"_index":"spt","_id":"1691622"}}
	{"id":1691622,"type":"buy","buyer":"emma001","seller":"jnn10","symbol":"SPT","quantity":"50.000000","price":"0.01200000","timestamp":1634089368,"volume":"0.60000000","buyTxId":"620b8bd6031571e8b6ff0e375589819ee50f019e","sellTxId":"1628d2ace18d61b1acbc36f65e29788576fdf307"}
{"index": {"_index":"spt","_id":"1691623"}}
	{"id":1691623,"type":"buy","buyer":"emma001","seller":"dhedge-drips","symbol":"SPT","quantity":"0.029500","price":"0.01200000","timestamp":1634089368,"volume":"0.00035400","buyTxId":"620b8bd6031571e8b6ff0e375589819ee50f019e","sellTxId":"00423aed7515cc8f987cc443693136141d64e26d"}
{"index": {"_index":"spt","_id":"1691631"}}
	{"id":1691631,"type":"sell","buyer":"pi-trader","seller":"quintaesencia","symbol":"SPT","quantity":"7.893657","price":"0.01200003","timestamp":1634089473,"volume":"0.09472412","buyTxId":"5fd69b6a0944869ef8a1d015e183d47378985a3c-7","sellTxId":"e99a8cc8e1c381beb89c4b97f8c4e4640b1addc0"}
{"index": {"_index":"spt","_id":"1691657"}}
	{"id":1691657,"type":"sell","buyer":"pi-trader","seller":"travelgirl","symbol":"SPT","quantity":"5000.000000","price":"0.01200003","timestamp":1634089959,"volume":"60.00015000","buyTxId":"a399888599d699f28dd8ad270203b6c368d9e3f3-7","sellTxId":"df70a6d7bea85a9fda96d24aeb73da3867471c13"}
{"index": {"_index":"spt","_id":"1691707"}}
	{"id":1691707,"type":"sell","buyer":"pi-trader","seller":"dynamicgreentk","symbol":"SPT","quantity":"326.946113","price":"0.01200003","timestamp":1634091342,"volume":"3.92336316","buyTxId":"a38641cfec1c9712bc034ceb6aa8a2d7482a4247-5","sellTxId":"1af7a5e7c57fc70396946da1b0a1e326c98804af"}
