{"index": {"_index":"spt","_id":"2895924"}}
	{"id":2895924,"type":"buy","buyer":"evernoticethat","seller":"mightyrocklee","symbol":"SPT","quantity":"242.085200","price":"0.00300000","timestamp":1646278197,"volume":"0.72625560","buyTxId":"6e12361a56c70a403159dedcd475931b9ebe7d67","sellTxId":"0004546e1949f1b1b82c85fb8e71b33e7d42e066"}
{"index": {"_index":"spt","_id":"2895925"}}
	{"id":2895925,"type":"buy","buyer":"evernoticethat","seller":"dhedge-drips","symbol":"SPT","quantity":"0.002535","price":"0.00300000","timestamp":1646278197,"volume":"0.00000761","buyTxId":"6e12361a56c70a403159dedcd475931b9ebe7d67","sellTxId":"0aeafb53224f67ec2670c7494012dd5192e5a57d"}
{"index": {"_index":"spt","_id":"2895926"}}
	{"id":2895926,"type":"buy","buyer":"evernoticethat","seller":"brofi-market","symbol":"SPT","quantity":"3.017250","price":"0.00309900","timestamp":1646278197,"volume":"0.00935046","buyTxId":"6e12361a56c70a403159dedcd475931b9ebe7d67","sellTxId":"b4690f6baaed1bca3a4c775aa7a7b747a175738e"}
{"index": {"_index":"spt","_id":"2895927"}}
	{"id":2895927,"type":"buy","buyer":"evernoticethat","seller":"laundrywoman","symbol":"SPT","quantity":"754.895015","price":"0.00309900","timestamp":1646278197,"volume":"2.33941965","buyTxId":"6e12361a56c70a403159dedcd475931b9ebe7d67","sellTxId":"2f461faba92ac7b618c402d1778ef4a9cf560187"}
{"index": {"_index":"spt","_id":"2896521"}}
	{"id":2896521,"type":"sell","buyer":"sbi-tokens","seller":"splintercell-01","symbol":"SPT","quantity":"1902.726779","price":"0.00290000","timestamp":1646287062,"volume":"5.51790766","buyTxId":"6db760fd738322828c62f54d511e678e3edc847e","sellTxId":"cd06bbfba6badd502beb3c4966971ed9c6d37c1e"}
{"index": {"_index":"spt","_id":"2896611"}}
	{"id":2896611,"type":"sell","buyer":"sbi-tokens","seller":"blue.rabbit","symbol":"SPT","quantity":"354.636752","price":"0.00290000","timestamp":1646288013,"volume":"1.02844658","buyTxId":"6db760fd738322828c62f54d511e678e3edc847e","sellTxId":"e605ae3a879e72fd6ddddc1950216e5fd0e82e0b"}
{"index": {"_index":"spt","_id":"2896695"}}
	{"id":2896695,"type":"sell","buyer":"sbi-tokens","seller":"knightsunited","symbol":"SPT","quantity":"191.510144","price":"0.00290000","timestamp":1646289003,"volume":"0.55537942","buyTxId":"6db760fd738322828c62f54d511e678e3edc847e","sellTxId":"b5b399169186edb067a73091f2587856c0a55cf6"}
{"index": {"_index":"spt","_id":"2896834"}}
	{"id":2896834,"type":"sell","buyer":"sbi-tokens","seller":"dswap","symbol":"SPT","quantity":"1746.53","price":"0.00290000","timestamp":1646291316,"volume":"5.06493700","buyTxId":"6db760fd738322828c62f54d511e678e3edc847e","sellTxId":"7bc2f350cee7f469401a2f62f0d43357b635e459"}
{"index": {"_index":"spt","_id":"2896848"}}
	{"id":2896848,"type":"buy","buyer":"adrianus","seller":"loganhate","symbol":"SPT","quantity":"12.566294","price":"0.00295000","timestamp":1646291532,"volume":"0.03707057","buyTxId":"467bcd868e106334cd19a37a5f33f89852633cd9","sellTxId":"7e2c7f3583f3215326fbafff34ffc5378a36157e"}
{"index": {"_index":"spt","_id":"2896923"}}
	{"id":2896923,"type":"sell","buyer":"sbi-tokens","seller":"goldmonsters","symbol":"SPT","quantity":"611.041413","price":"0.00290000","timestamp":1646292420,"volume":"1.77202010","buyTxId":"6db760fd738322828c62f54d511e678e3edc847e","sellTxId":"1d68a6728b87ca3ebd7ae2ff2ff951cc69a29442"}
{"index": {"_index":"spt","_id":"2897018"}}
	{"id":2897018,"type":"sell","buyer":"sbi-tokens","seller":"juanmiguelsalas","symbol":"SPT","quantity":"64.180990","price":"0.00290000","timestamp":1646294445,"volume":"0.18612487","buyTxId":"6db760fd738322828c62f54d511e678e3edc847e","sellTxId":"69a860a5498bd97612f0882486ce29d7eb222745"}
{"index": {"_index":"spt","_id":"2897397"}}
	{"id":2897397,"type":"sell","buyer":"sbi-tokens","seller":"libertycrypto27","symbol":"SPT","quantity":"2301.117729","price":"0.00290000","timestamp":1646300454,"volume":"6.67324141","buyTxId":"6db760fd738322828c62f54d511e678e3edc847e","sellTxId":"522632a74afbe80e022f43e182f399af1c5d694b"}
{"index": {"_index":"spt","_id":"2897809"}}
	{"id":2897809,"type":"sell","buyer":"sbi-tokens","seller":"digital-fortress","symbol":"SPT","quantity":"2.817074","price":"0.00290000","timestamp":1646305878,"volume":"0.00816951","buyTxId":"6db760fd738322828c62f54d511e678e3edc847e","sellTxId":"c159621ff85aca379d3ac5859e054d3fa9ffa6c6"}
{"index": {"_index":"spt","_id":"2898002"}}
	{"id":2898002,"type":"sell","buyer":"sbi-tokens","seller":"frawdielp2","symbol":"SPT","quantity":"53.049022","price":"0.00290000","timestamp":1646308197,"volume":"0.15384216","buyTxId":"6db760fd738322828c62f54d511e678e3edc847e","sellTxId":"55514d1e6172becebd85a17d631c566b0f6b6a23"}
{"index": {"_index":"spt","_id":"2898109"}}
	{"id":2898109,"type":"sell","buyer":"sbi-tokens","seller":"brofi-market","symbol":"SPT","quantity":"0.003785","price":"0.00290000","timestamp":1646309736,"volume":"0.00001098","buyTxId":"6db760fd738322828c62f54d511e678e3edc847e","sellTxId":"0fbbe1f18ea8472145a756b0f1f61638da1b8743"}
{"index": {"_index":"spt","_id":"2898164"}}
	{"id":2898164,"type":"sell","buyer":"sbi-tokens","seller":"karamyog","symbol":"SPT","quantity":"3.266072","price":"0.00290000","timestamp":1646310606,"volume":"0.00947161","buyTxId":"6db760fd738322828c62f54d511e678e3edc847e","sellTxId":"c920b23c46fb7f82165cd9a6a7f2bb386b862e59"}
{"index": {"_index":"spt","_id":"2898397"}}
	{"id":2898397,"type":"sell","buyer":"sbi-tokens","seller":"mango-juice","symbol":"SPT","quantity":"3135.212002","price":"0.00290000","timestamp":1646312739,"volume":"9.09211481","buyTxId":"6db760fd738322828c62f54d511e678e3edc847e","sellTxId":"651e3cfcf26e1603fdf212b760129a9c89da16e9"}
{"index": {"_index":"spt","_id":"2898479"}}
	{"id":2898479,"type":"sell","buyer":"sbi-tokens","seller":"ahmetay","symbol":"SPT","quantity":"3472.616297","price":"0.00290000","timestamp":1646313633,"volume":"10.07058726","buyTxId":"6db760fd738322828c62f54d511e678e3edc847e","sellTxId":"00016bf521a9dc53892bda15edcc45b1048fc631"}
{"index": {"_index":"spt","_id":"2898495"}}
	{"id":2898495,"type":"buy","buyer":"adrianus","seller":"kojiri","symbol":"SPT","quantity":"55.749377","price":"0.00294000","timestamp":1646313735,"volume":"0.16390317","buyTxId":"38d7f1d5ba92ed010585020ec952c1dc044fc338","sellTxId":"ec119b2a899c654e785af45cf4b286369e3bce97"}
{"index": {"_index":"spt","_id":"2898512"}}
	{"id":2898512,"type":"sell","buyer":"sbi-tokens","seller":"cdm.ano","symbol":"SPT","quantity":"0.851275","price":"0.00290000","timestamp":1646314059,"volume":"0.00246870","buyTxId":"6db760fd738322828c62f54d511e678e3edc847e","sellTxId":"eef7453689e75b4949d232ab09c8a33c07572709"}
{"index": {"_index":"spt","_id":"2898534"}}
	{"id":2898534,"type":"sell","buyer":"sbi-tokens","seller":"genet","symbol":"SPT","quantity":"0.076448","price":"0.00290000","timestamp":1646314407,"volume":"0.00022170","buyTxId":"6db760fd738322828c62f54d511e678e3edc847e","sellTxId":"5953e449ee5dfa14bb7d33cdc75fbe05123bd382"}
{"index": {"_index":"spt","_id":"2898553"}}
	{"id":2898553,"type":"sell","buyer":"sbi-tokens","seller":"mercurial9","symbol":"SPT","quantity":"666.332725","price":"0.00290000","timestamp":1646314752,"volume":"1.93236490","buyTxId":"6db760fd738322828c62f54d511e678e3edc847e","sellTxId":"d0d923dd783042d67a363ce633a0c8991ca1e8d9"}
{"index": {"_index":"spt","_id":"2898563"}}
	{"id":2898563,"type":"sell","buyer":"sbi-tokens","seller":"frawdielp","symbol":"SPT","quantity":"0.766584","price":"0.00290000","timestamp":1646314920,"volume":"0.00222309","buyTxId":"6db760fd738322828c62f54d511e678e3edc847e","sellTxId":"aa56240a11586e9ec4a470c48e368a64dc8f1faa"}
{"index": {"_index":"spt","_id":"2898674"}}
	{"id":2898674,"type":"sell","buyer":"sbi-tokens","seller":"fedesox","symbol":"SPT","quantity":"415.120840","price":"0.00290000","timestamp":1646316639,"volume":"1.20385044","buyTxId":"6db760fd738322828c62f54d511e678e3edc847e","sellTxId":"3cb7924131ce74015df4b098c59e1dfa5eed088c"}
{"index": {"_index":"spt","_id":"2898733"}}
	{"id":2898733,"type":"sell","buyer":"sbi-tokens","seller":"dsc-r2cornell","symbol":"SPT","quantity":"32.370568","price":"0.00290000","timestamp":1646317341,"volume":"0.09387465","buyTxId":"6db760fd738322828c62f54d511e678e3edc847e","sellTxId":"2ee481243ce6c95bb6f65539aed8469023c4764a"}
{"index": {"_index":"spt","_id":"2898903"}}
	{"id":2898903,"type":"sell","buyer":"sbi-tokens","seller":"cryptobeautiful","symbol":"SPT","quantity":"488.988691","price":"0.00290000","timestamp":1646319690,"volume":"1.41806720","buyTxId":"6db760fd738322828c62f54d511e678e3edc847e","sellTxId":"6089f5a503762efb75fad727d9af659f3f924c46"}
{"index": {"_index":"spt","_id":"2899049"}}
	{"id":2899049,"type":"sell","buyer":"sbi-tokens","seller":"dswap","symbol":"SPT","quantity":"4.506942","price":"0.00290000","timestamp":1646321310,"volume":"0.01307013","buyTxId":"6db760fd738322828c62f54d511e678e3edc847e","sellTxId":"93bd4daa63a598215b597e3772e6860ea3650c2a"}
{"index": {"_index":"spt","_id":"2899236"}}
	{"id":2899236,"type":"sell","buyer":"sbi-tokens","seller":"brofi-market","symbol":"SPT","quantity":"0.430465","price":"0.00290000","timestamp":1646323899,"volume":"0.00124835","buyTxId":"6db760fd738322828c62f54d511e678e3edc847e","sellTxId":"d39d311129e0754babe875ce2c317c88a6301e1b"}
{"index": {"_index":"spt","_id":"2899339"}}
	{"id":2899339,"type":"buy","buyer":"dswap","seller":"kojiri","symbol":"SPT","quantity":"53.163292","price":"0.00294000","timestamp":1646324343,"volume":"0.15630008","buyTxId":"e66764576c68b5752ceac9e0755fd65574524a9c","sellTxId":"ec119b2a899c654e785af45cf4b286369e3bce97"}
{"index": {"_index":"spt","_id":"2899349"}}
	{"id":2899349,"type":"sell","buyer":"sbi-tokens","seller":"shauner","symbol":"SPT","quantity":"131.925626","price":"0.00290000","timestamp":1646324493,"volume":"0.38258432","buyTxId":"6db760fd738322828c62f54d511e678e3edc847e","sellTxId":"d63665233ac3e0fee8d9ee0f7ed3345c1955d150"}
{"index": {"_index":"spt","_id":"2899376"}}
	{"id":2899376,"type":"buy","buyer":"dswap","seller":"kojiri","symbol":"SPT","quantity":"106.122448","price":"0.00294000","timestamp":1646324964,"volume":"0.31200000","buyTxId":"e3d22e5b9f7dc2c2bcc245dc3da2797ad02236d2","sellTxId":"ec119b2a899c654e785af45cf4b286369e3bce97"}
{"index": {"_index":"spt","_id":"2899678"}}
	{"id":2899678,"type":"sell","buyer":"sbi-tokens","seller":"jnn10","symbol":"SPT","quantity":"4.636774","price":"0.00290000","timestamp":1646328402,"volume":"0.01344664","buyTxId":"6db760fd738322828c62f54d511e678e3edc847e","sellTxId":"b44752ce1d3266a64e8ff3998b3ccf8175817835"}
{"index": {"_index":"spt","_id":"2899690"}}
	{"id":2899690,"type":"sell","buyer":"sbi-tokens","seller":"dhedge","symbol":"SPT","quantity":"0.005500","price":"0.00290000","timestamp":1646328477,"volume":"0.00001595","buyTxId":"6db760fd738322828c62f54d511e678e3edc847e","sellTxId":"e75b2c41c78a8e62e83ef514149045804a4ffa7c"}
{"index": {"_index":"spt","_id":"2899778"}}
	{"id":2899778,"type":"sell","buyer":"sbi-tokens","seller":"dhedge-drips","symbol":"SPT","quantity":"0.040710","price":"0.00290000","timestamp":1646329191,"volume":"0.00011806","buyTxId":"6db760fd738322828c62f54d511e678e3edc847e","sellTxId":"ee1b2a799bcf33b2919a9d46463e5797f2d8ca9a"}
{"index": {"_index":"spt","_id":"2899925"}}
	{"id":2899925,"type":"sell","buyer":"sbi-tokens","seller":"zionazrael","symbol":"SPT","quantity":"8719.644030","price":"0.00290000","timestamp":1646330550,"volume":"25.28696769","buyTxId":"6db760fd738322828c62f54d511e678e3edc847e","sellTxId":"3827966199f262569904dc7b0dca1d7c87d35906"}
{"index": {"_index":"spt","_id":"2899941"}}
	{"id":2899941,"type":"buy","buyer":"captainquack22","seller":"kojiri","symbol":"SPT","quantity":"458.843537","price":"0.00294000","timestamp":1646330661,"volume":"1.349","buyTxId":"4a346a3fe9164c076bad4a137b97f3ace09197d0","sellTxId":"ec119b2a899c654e785af45cf4b286369e3bce97"}
{"index": {"_index":"spt","_id":"2899999"}}
	{"id":2899999,"type":"sell","buyer":"sbi-tokens","seller":"obmop","symbol":"SPT","quantity":"37.619462","price":"0.00290000","timestamp":1646331306,"volume":"0.10909643","buyTxId":"6db760fd738322828c62f54d511e678e3edc847e","sellTxId":"9f242f41838cf02ce12b16b17055eac96cdeb799"}
{"index": {"_index":"spt","_id":"2900232"}}
	{"id":2900232,"type":"sell","buyer":"dechuck","seller":"felipejoys","symbol":"SPT","quantity":"100.000000","price":"0.00289999","timestamp":1646334312,"volume":"0.28999900","buyTxId":"7a341cf2b50d278989d90e77115bcb4e16bfb8a9","sellTxId":"1dab4ecc394d2c2571edc029be25e6fcc2fa19cf"}
{"index": {"_index":"spt","_id":"2900237"}}
	{"id":2900237,"type":"buy","buyer":"jongolson","seller":"felipejoys","symbol":"SPT","quantity":"700.000000","price":"0.00289999","timestamp":1646334336,"volume":"2.02999300","buyTxId":"f185a8cf51559954f655bfe32a72378b74a7fbbb","sellTxId":"1dab4ecc394d2c2571edc029be25e6fcc2fa19cf"}
{"index": {"_index":"spt","_id":"2900242"}}
	{"id":2900242,"type":"buy","buyer":"jongolson","seller":"felipejoys","symbol":"SPT","quantity":"300.000000","price":"0.00289999","timestamp":1646334366,"volume":"0.86999700","buyTxId":"4ae1ea837f92a2c85e62b970a9167721bb3162dc","sellTxId":"1dab4ecc394d2c2571edc029be25e6fcc2fa19cf"}
{"index": {"_index":"spt","_id":"2900465"}}
	{"id":2900465,"type":"sell","buyer":"kitsuki","seller":"catomoon","symbol":"SPT","quantity":"1.117142","price":"0.00286000","timestamp":1646337516,"volume":"0.00319503","buyTxId":"0877c4555a338c3a7083acbca1cc410284465393","sellTxId":"1a5d5fe1389c4ba552ef5aed6bf9376932a049ac"}
{"index": {"_index":"spt","_id":"2900501"}}
	{"id":2900501,"type":"sell","buyer":"dechuck","seller":"brofi-market","symbol":"SPT","quantity":"0.010929","price":"0.00286001","timestamp":1646338248,"volume":"0.00003126","buyTxId":"291ae7d6bbe60a4b3a31a8e1ab4ecd19058f6aca","sellTxId":"a61953f2d9de5872c8661190da9b9c0d2e375e44"}
{"index": {"_index":"spt","_id":"2900696"}}
	{"id":2900696,"type":"buy","buyer":"druidsblood","seller":"felipejoys","symbol":"SPT","quantity":"4640.124497","price":"0.00289999","timestamp":1646340606,"volume":"13.45631464","buyTxId":"89484289bf71f9bbd5545334cb2b26db99211cb0","sellTxId":"1dab4ecc394d2c2571edc029be25e6fcc2fa19cf"}
{"index": {"_index":"spt","_id":"2900697"}}
	{"id":2900697,"type":"buy","buyer":"druidsblood","seller":"brofi-market","symbol":"SPT","quantity":"0.010929","price":"0.00289999","timestamp":1646340606,"volume":"0.00003169","buyTxId":"89484289bf71f9bbd5545334cb2b26db99211cb0","sellTxId":"0f7b0167373e65a67d77954a24d4db85dc093235"}
{"index": {"_index":"spt","_id":"2900698"}}
	{"id":2900698,"type":"buy","buyer":"druidsblood","seller":"obmop","symbol":"SPT","quantity":"409.439001","price":"0.00290000","timestamp":1646340606,"volume":"1.18737310","buyTxId":"89484289bf71f9bbd5545334cb2b26db99211cb0","sellTxId":"9f242f41838cf02ce12b16b17055eac96cdeb799"}
{"index": {"_index":"spt","_id":"2900699"}}
	{"id":2900699,"type":"buy","buyer":"druidsblood","seller":"kojiri","symbol":"SPT","quantity":"326.121346","price":"0.00294000","timestamp":1646340606,"volume":"0.95879676","buyTxId":"89484289bf71f9bbd5545334cb2b26db99211cb0","sellTxId":"ec119b2a899c654e785af45cf4b286369e3bce97"}
{"index": {"_index":"spt","_id":"2900700"}}
	{"id":2900700,"type":"buy","buyer":"druidsblood","seller":"brofi-market","symbol":"SPT","quantity":"0.003785","price":"0.00294000","timestamp":1646340606,"volume":"0.00001113","buyTxId":"89484289bf71f9bbd5545334cb2b26db99211cb0","sellTxId":"7b190b3226f861ce9f2c5b988b2c5ce3c760764c"}
{"index": {"_index":"spt","_id":"2900701"}}
	{"id":2900701,"type":"buy","buyer":"druidsblood","seller":"brofi-market","symbol":"SPT","quantity":"0.430465","price":"0.00294000","timestamp":1646340606,"volume":"0.00126557","buyTxId":"89484289bf71f9bbd5545334cb2b26db99211cb0","sellTxId":"1553a2bcbe708e07ee615d148f0258c6acd079b1"}
{"index": {"_index":"spt","_id":"2900702"}}
	{"id":2900702,"type":"buy","buyer":"druidsblood","seller":"dhedge","symbol":"SPT","quantity":"0.005500","price":"0.00294000","timestamp":1646340606,"volume":"0.00001617","buyTxId":"89484289bf71f9bbd5545334cb2b26db99211cb0","sellTxId":"f7820a5552790808ea6e27cb8c9902816417997b"}
{"index": {"_index":"spt","_id":"2900703"}}
	{"id":2900703,"type":"buy","buyer":"druidsblood","seller":"dhedge-drips","symbol":"SPT","quantity":"0.040710","price":"0.00294000","timestamp":1646340606,"volume":"0.00011969","buyTxId":"89484289bf71f9bbd5545334cb2b26db99211cb0","sellTxId":"8d4e3cd80d9b7523f7f8fc40a65f370a66c570c2"}
{"index": {"_index":"spt","_id":"2900704"}}
	{"id":2900704,"type":"buy","buyer":"druidsblood","seller":"loganhate","symbol":"SPT","quantity":"624.617526","price":"0.00295000","timestamp":1646340606,"volume":"1.84262170","buyTxId":"89484289bf71f9bbd5545334cb2b26db99211cb0","sellTxId":"7e2c7f3583f3215326fbafff34ffc5378a36157e"}
{"index": {"_index":"spt","_id":"2900705"}}
	{"id":2900705,"type":"buy","buyer":"druidsblood","seller":"forexbrokr","symbol":"SPT","quantity":"3.314817","price":"0.00300000","timestamp":1646340606,"volume":"0.00994445","buyTxId":"89484289bf71f9bbd5545334cb2b26db99211cb0","sellTxId":"3b8ee2139de8cd195b2035146769602174b92779"}
{"index": {"_index":"spt","_id":"2900706"}}
	{"id":2900706,"type":"buy","buyer":"druidsblood","seller":"master-lamps","symbol":"SPT","quantity":"0.505000","price":"0.00309899","timestamp":1646340606,"volume":"0.00156499","buyTxId":"89484289bf71f9bbd5545334cb2b26db99211cb0","sellTxId":"028c5666cf05b1015553d4f1de76e25157e02bb5"}
{"index": {"_index":"spt","_id":"2900707"}}
	{"id":2900707,"type":"buy","buyer":"druidsblood","seller":"laundrywoman","symbol":"SPT","quantity":"1120.386424","price":"0.00309900","timestamp":1646340606,"volume":"3.47207753","buyTxId":"89484289bf71f9bbd5545334cb2b26db99211cb0","sellTxId":"5a30e496af34f30f64ac87c4a09011a2bda2a219"}
{"index": {"_index":"spt","_id":"2901633"}}
	{"id":2901633,"type":"sell","buyer":"dechuck","seller":"gringo94","symbol":"SPT","quantity":"17.535886","price":"0.00286001","timestamp":1646351142,"volume":"0.05015281","buyTxId":"291ae7d6bbe60a4b3a31a8e1ab4ecd19058f6aca","sellTxId":"a2c7e505edb8bf28d8be1047e7b644ec8f212176"}
{"index": {"_index":"spt","_id":"2901770"}}
	{"id":2901770,"type":"sell","buyer":"dechuck","seller":"brofi-market","symbol":"SPT","quantity":"3.241372","price":"0.00286001","timestamp":1646352795,"volume":"0.00927036","buyTxId":"291ae7d6bbe60a4b3a31a8e1ab4ecd19058f6aca","sellTxId":"1d110492e3fb7465f4ee431ced2ed8522a50a676"}
{"index": {"_index":"spt","_id":"2901850"}}
	{"id":2901850,"type":"sell","buyer":"dechuck","seller":"chireerocks","symbol":"SPT","quantity":"79.211813","price":"0.00286001","timestamp":1646353620,"volume":"0.22654657","buyTxId":"291ae7d6bbe60a4b3a31a8e1ab4ecd19058f6aca","sellTxId":"fb35d4431d8c7d2bd4b78423fad84a9a7b7f14b8"}
{"index": {"_index":"spt","_id":"2901956"}}
	{"id":2901956,"type":"sell","buyer":"kitsuki","seller":"dhedge-drips","symbol":"SPT","quantity":"0.004200","price":"0.00286000","timestamp":1646354781,"volume":"0.00001201","buyTxId":"0877c4555a338c3a7083acbca1cc410284465393","sellTxId":"39ab722b8b109c74d8f04c1b227b46dcc387d198"}
{"index": {"_index":"spt","_id":"2902290"}}
	{"id":2902290,"type":"sell","buyer":"kitsuki","seller":"digital-fortress","symbol":"SPT","quantity":"0.624012","price":"0.00286000","timestamp":1646356845,"volume":"0.00178467","buyTxId":"0877c4555a338c3a7083acbca1cc410284465393","sellTxId":"2b27d317498c594edd7ca970d5e4ea07aeb44d26"}
{"index": {"_index":"spt","_id":"2902562"}}
	{"id":2902562,"type":"sell","buyer":"kitsuki","seller":"zonadigital21","symbol":"SPT","quantity":"72.000000","price":"0.00286000","timestamp":1646360052,"volume":"0.20592000","buyTxId":"0877c4555a338c3a7083acbca1cc410284465393","sellTxId":"95c451d5decb2d6dc133a32f8e43472f5311a08e"}
{"index": {"_index":"spt","_id":"2902821"}}
	{"id":2902821,"type":"buy","buyer":"dswap","seller":"chireerocks","symbol":"SPT","quantity":"4.282824","price":"0.00286001","timestamp":1646363280,"volume":"0.01224892","buyTxId":"d49a119e8d8355abc1d69a8e4d379488a9fe574d","sellTxId":"fb35d4431d8c7d2bd4b78423fad84a9a7b7f14b8"}
{"index": {"_index":"spt","_id":"2902822"}}
	{"id":2902822,"type":"buy","buyer":"dswap","seller":"dhedge-drips","symbol":"SPT","quantity":"0.004200","price":"0.00286001","timestamp":1646363280,"volume":"0.00001201","buyTxId":"d49a119e8d8355abc1d69a8e4d379488a9fe574d","sellTxId":"9ce9667d2ff36c5efba2faa67a0646bede4d1102"}
{"index": {"_index":"spt","_id":"2902823"}}
	{"id":2902823,"type":"buy","buyer":"dswap","seller":"kitsuki","symbol":"SPT","quantity":"60.000000","price":"0.00309000","timestamp":1646363280,"volume":"0.18540000","buyTxId":"d49a119e8d8355abc1d69a8e4d379488a9fe574d","sellTxId":"d15080f0ce7a9cabefe0f46919bc335584eb60a2"}
{"index": {"_index":"spt","_id":"2902824"}}
	{"id":2902824,"type":"buy","buyer":"dswap","seller":"brofi-market","symbol":"SPT","quantity":"3.241372","price":"0.00309000","timestamp":1646363280,"volume":"0.01001584","buyTxId":"d49a119e8d8355abc1d69a8e4d379488a9fe574d","sellTxId":"6f355e1d0753b6e0dc5541573f1477db75ccf3fa"}
{"index": {"_index":"spt","_id":"2902825"}}
	{"id":2902825,"type":"buy","buyer":"dswap","seller":"laundrywoman","symbol":"SPT","quantity":"6716.804748","price":"0.00309800","timestamp":1646363280,"volume":"20.80866111","buyTxId":"d49a119e8d8355abc1d69a8e4d379488a9fe574d","sellTxId":"fce578738ce8c18e1647a8c06e018f0a622c0dc1"}
