{"index": {"_index":"spt","_id":"2705623"}}
	{"id":2705623,"type":"buy","buyer":"jongolson","seller":"forexbrokr","symbol":"SPT","quantity":"119.558856","price":"0.00200000","timestamp":1643949372,"volume":"0.23911771","buyTxId":"5eb237725a797a951751301f7b38837b8541acb3","sellTxId":"3a904f9973dc283a4539acbb39f4318531694bdc"}
{"index": {"_index":"spt","_id":"2705624"}}
	{"id":2705624,"type":"buy","buyer":"jongolson","seller":"brofi-market","symbol":"SPT","quantity":"3.416993","price":"0.00219900","timestamp":1643949372,"volume":"0.00751397","buyTxId":"5eb237725a797a951751301f7b38837b8541acb3","sellTxId":"6f78cb7b1c017ca7d940a88cf90554863f780ae2"}
{"index": {"_index":"spt","_id":"2705625"}}
	{"id":2705625,"type":"buy","buyer":"jongolson","seller":"kitsuki","symbol":"SPT","quantity":"477.024151","price":"0.00234000","timestamp":1643949372,"volume":"1.11623651","buyTxId":"5eb237725a797a951751301f7b38837b8541acb3","sellTxId":"dd00d2d16335f42f2116f508f4193b2341493d5c"}
{"index": {"_index":"spt","_id":"2705694"}}
	{"id":2705694,"type":"sell","buyer":"h3m4n7","seller":"gehenna08","symbol":"SPT","quantity":"500.000000","price":"0.00162110","timestamp":1643950626,"volume":"0.81055000","buyTxId":"a9c0e10d5fa53c0dc1f26c6436189dc97a253e03","sellTxId":"dfe2d9e8b20e00a2d3682677337bea21be7f5f47"}
{"index": {"_index":"spt","_id":"2705696"}}
	{"id":2705696,"type":"sell","buyer":"thewycher","seller":"gehenna08","symbol":"SPT","quantity":"629.339255","price":"0.00162101","timestamp":1643950656,"volume":"1.02016523","buyTxId":"745985a8a5eacf25fb5a2bf383027c5a8fd9d88e","sellTxId":"860e431ee8f37272dd713f4a10524736b293e613"}
{"index": {"_index":"spt","_id":"2705700"}}
	{"id":2705700,"type":"sell","buyer":"multifurcate","seller":"gehenna08","symbol":"SPT","quantity":"760.230000","price":"0.00162100","timestamp":1643950683,"volume":"1.23233283","buyTxId":"cda306b48f554254e5c4fbacb2cf864149cd6e0f","sellTxId":"622cec335da9c2a79ca6943bd794874d7189fb44"}
{"index": {"_index":"spt","_id":"2705753"}}
	{"id":2705753,"type":"sell","buyer":"h3m4n7","seller":"mvl2304","symbol":"SPT","quantity":"500.000000","price":"0.00162110","timestamp":1643952102,"volume":"0.81055000","buyTxId":"f88b424bfcebb872442de913f92668d8ae724ef8","sellTxId":"df526a42006a218457482487ea84ec5382cf070c"}
{"index": {"_index":"spt","_id":"2705754"}}
	{"id":2705754,"type":"sell","buyer":"multifurcate","seller":"mvl2304","symbol":"SPT","quantity":"3513.781702","price":"0.00162100","timestamp":1643952138,"volume":"5.69584014","buyTxId":"cda306b48f554254e5c4fbacb2cf864149cd6e0f","sellTxId":"e7b14a1469d551d3c3b62ba0019b2f2c2e8c1532"}
{"index": {"_index":"spt","_id":"2706248"}}
	{"id":2706248,"type":"buy","buyer":"captainquack22","seller":"thewycher","symbol":"SPT","quantity":"631.971240","price":"0.00233999","timestamp":1643959017,"volume":"1.47880638","buyTxId":"05c05a92a5fd056057d9ed4257ed16292f7582d9","sellTxId":"91919d6b56fe4390f8af67c16ccadd0d532948e0"}
{"index": {"_index":"spt","_id":"2706249"}}
	{"id":2706249,"type":"buy","buyer":"captainquack22","seller":"kitsuki","symbol":"SPT","quantity":"21.975849","price":"0.00234000","timestamp":1643959017,"volume":"0.05142349","buyTxId":"05c05a92a5fd056057d9ed4257ed16292f7582d9","sellTxId":"dd00d2d16335f42f2116f508f4193b2341493d5c"}
{"index": {"_index":"spt","_id":"2706250"}}
	{"id":2706250,"type":"buy","buyer":"captainquack22","seller":"kitsuki","symbol":"SPT","quantity":"166.568534","price":"0.00234000","timestamp":1643959017,"volume":"0.38977037","buyTxId":"05c05a92a5fd056057d9ed4257ed16292f7582d9","sellTxId":"d3ec5473b6c3df90808e057fbfd7176ea42a5e6f"}
{"index": {"_index":"spt","_id":"2706267"}}
	{"id":2706267,"type":"buy","buyer":"drunksamurai","seller":"kitsuki","symbol":"SPT","quantity":"233.431466","price":"0.00234000","timestamp":1643959224,"volume":"0.54622963","buyTxId":"1bc344e77192093e12a7f87ab33622dd5312bb13","sellTxId":"d3ec5473b6c3df90808e057fbfd7176ea42a5e6f"}
{"index": {"_index":"spt","_id":"2706415"}}
	{"id":2706415,"type":"buy","buyer":"adrianus","seller":"he-index","symbol":"SPT","quantity":"0.010000","price":"0.00235900","timestamp":1643961570,"volume":"0.00002359","buyTxId":"d5523ed26e558fcf091f57e9b5a143b98e7f06b1","sellTxId":"bdc195394f134783b7ac76c11f19d0df4628806b"}
{"index": {"_index":"spt","_id":"2706416"}}
	{"id":2706416,"type":"buy","buyer":"adrianus","seller":"laundrywoman","symbol":"SPT","quantity":"4.565000","price":"0.00235900","timestamp":1643961570,"volume":"0.01076884","buyTxId":"d5523ed26e558fcf091f57e9b5a143b98e7f06b1","sellTxId":"82edf071ea0e6c3c1ed9061c5d1b6cf50f9048d7"}
{"index": {"_index":"spt","_id":"2706491"}}
	{"id":2706491,"type":"sell","buyer":"drunksamurai","seller":"brofi-market","symbol":"SPT","quantity":"0.281607","price":"0.00234000","timestamp":1643962527,"volume":"0.00065896","buyTxId":"1bc344e77192093e12a7f87ab33622dd5312bb13","sellTxId":"3b62f25ee8bb9ffa3ecef17d4d22657f532169a6"}
{"index": {"_index":"spt","_id":"2707048"}}
	{"id":2707048,"type":"sell","buyer":"drunksamurai","seller":"h3m4n7","symbol":"SPT","quantity":"6.807743","price":"0.00234000","timestamp":1643967651,"volume":"0.01593012","buyTxId":"1bc344e77192093e12a7f87ab33622dd5312bb13","sellTxId":"0579f5afa1773450a14bcb69926a07c51013d832"}
{"index": {"_index":"spt","_id":"2707353"}}
	{"id":2707353,"type":"buy","buyer":"adrianus","seller":"laundrywoman","symbol":"SPT","quantity":"35.743206","price":"0.00233900","timestamp":1643972442,"volume":"0.08360336","buyTxId":"68a833366902cc089e0666bdfe73f67ed96f3e81","sellTxId":"0762f88b6e9004fadfa5ca7c074dde6e47cc7043"}
{"index": {"_index":"spt","_id":"2707361"}}
	{"id":2707361,"type":"buy","buyer":"adrianus","seller":"laundrywoman","symbol":"SPT","quantity":"2.203142","price":"0.00233900","timestamp":1643972511,"volume":"0.00515315","buyTxId":"4709415bbdb9dc0708458557f68ca618c12311d6","sellTxId":"0762f88b6e9004fadfa5ca7c074dde6e47cc7043"}
{"index": {"_index":"spt","_id":"2707575"}}
	{"id":2707575,"type":"sell","buyer":"thewycher","seller":"mercurial9","symbol":"SPT","quantity":"210.232210","price":"0.00164001","timestamp":1643976249,"volume":"0.34478293","buyTxId":"8f343d9f414ccdaaf73605859cbcaf2108a5ad6e","sellTxId":"d7e531ec2f44422e5914339000aea12042494662"}
{"index": {"_index":"spt","_id":"2707610"}}
	{"id":2707610,"type":"sell","buyer":"thewycher","seller":"brofi-market","symbol":"SPT","quantity":"0.001933","price":"0.00164001","timestamp":1643976678,"volume":"0.00000317","buyTxId":"8f343d9f414ccdaaf73605859cbcaf2108a5ad6e","sellTxId":"60cc3dcfe331a5fdde80304157b40e9795b764fb"}
{"index": {"_index":"spt","_id":"2707664"}}
	{"id":2707664,"type":"buy","buyer":"adrianus","seller":"mango-juice","symbol":"SPT","quantity":"0.710034","price":"0.00233000","timestamp":1643977680,"volume":"0.00165438","buyTxId":"1a3a9357f35e92761a4d811426eedbc1406b9105","sellTxId":"dafd9837985d880396a0bdffb51160aab9284f09"}
{"index": {"_index":"spt","_id":"2707719"}}
	{"id":2707719,"type":"sell","buyer":"thewycher","seller":"dhedge-drips","symbol":"SPT","quantity":"0.026580","price":"0.00164001","timestamp":1643978790,"volume":"0.00004359","buyTxId":"8f343d9f414ccdaaf73605859cbcaf2108a5ad6e","sellTxId":"b43cf255e9b3a824a844dd657b2b44e9101fa289"}
{"index": {"_index":"spt","_id":"2708046"}}
	{"id":2708046,"type":"sell","buyer":"thewycher","seller":"felipejoys","symbol":"SPT","quantity":"739.739277","price":"0.00164001","timestamp":1643982234,"volume":"1.21317981","buyTxId":"8f343d9f414ccdaaf73605859cbcaf2108a5ad6e","sellTxId":"7d7c205f2962492e5e35b3f7675a7ef215c37853"}
{"index": {"_index":"spt","_id":"2708106"}}
	{"id":2708106,"type":"sell","buyer":"caimanx","seller":"magnacarta","symbol":"SPT","quantity":"0.007229","price":"0.00164000","timestamp":1643983044,"volume":"0.00001186","buyTxId":"2bfa0fbfb214d352511181899227071e906cbfc0","sellTxId":"3ef60895079bfd0b14ab572a005eadb31b32ebd8"}
{"index": {"_index":"spt","_id":"2708131"}}
	{"id":2708131,"type":"buy","buyer":"mobi72","seller":"felipejoys","symbol":"SPT","quantity":"529.009469","price":"0.00164001","timestamp":1643983290,"volume":"0.86758082","buyTxId":"b90ef909ed7024788a48169787234539e60e814e","sellTxId":"7d7c205f2962492e5e35b3f7675a7ef215c37853"}
{"index": {"_index":"spt","_id":"2708267"}}
	{"id":2708267,"type":"sell","buyer":"mobi72","seller":"blumela","symbol":"SPT","quantity":"470.990531","price":"0.00180000","timestamp":1643984679,"volume":"0.84778296","buyTxId":"b90ef909ed7024788a48169787234539e60e814e","sellTxId":"2958b0df200c81764af200c86b4262d7584fde26"}
{"index": {"_index":"spt","_id":"2708409"}}
	{"id":2708409,"type":"buy","buyer":"mobi72","seller":"blumela","symbol":"SPT","quantity":"1145.000000","price":"0.00180000","timestamp":1643986038,"volume":"2.06100000","buyTxId":"075aa10de4d0671038351bd4a958a4a55528a00e","sellTxId":"2958b0df200c81764af200c86b4262d7584fde26"}
{"index": {"_index":"spt","_id":"2708574"}}
	{"id":2708574,"type":"buy","buyer":"chireerocks","seller":"blumela","symbol":"SPT","quantity":"0.465383","price":"0.00180000","timestamp":1643987925,"volume":"0.00083769","buyTxId":"9bc85d6d028bebe8698482a068cc71898d9c6a85","sellTxId":"2958b0df200c81764af200c86b4262d7584fde26"}
{"index": {"_index":"spt","_id":"2708586"}}
	{"id":2708586,"type":"buy","buyer":"chireerocks","seller":"mango-juice","symbol":"SPT","quantity":"697.274026","price":"0.00233000","timestamp":1643988069,"volume":"1.62464848","buyTxId":"ca62c3b38fa094b3a033134107e2d32b28c91d8c","sellTxId":"dafd9837985d880396a0bdffb51160aab9284f09"}
{"index": {"_index":"spt","_id":"2708587"}}
	{"id":2708587,"type":"buy","buyer":"chireerocks","seller":"brofi-market","symbol":"SPT","quantity":"0.001933","price":"0.00233000","timestamp":1643988069,"volume":"0.00000450","buyTxId":"ca62c3b38fa094b3a033134107e2d32b28c91d8c","sellTxId":"3aa83533d0a2908b5578454cf6eeecb3d8cb2048"}
{"index": {"_index":"spt","_id":"2708588"}}
	{"id":2708588,"type":"buy","buyer":"chireerocks","seller":"dhedge-drips","symbol":"SPT","quantity":"0.026580","price":"0.00233000","timestamp":1643988069,"volume":"0.00006193","buyTxId":"ca62c3b38fa094b3a033134107e2d32b28c91d8c","sellTxId":"e448dd26a0b9ad9a8d3d2f4e579f3b5c497909cd"}
{"index": {"_index":"spt","_id":"2708747"}}
	{"id":2708747,"type":"sell","buyer":"chireerocks","seller":"mangomayhem","symbol":"SPT","quantity":"2.778850","price":"0.00233000","timestamp":1643990136,"volume":"0.00647472","buyTxId":"ca62c3b38fa094b3a033134107e2d32b28c91d8c","sellTxId":"a30d3753bf5cf625bddf775a13b43e6ffb8e6ec8"}
{"index": {"_index":"spt","_id":"2708810"}}
	{"id":2708810,"type":"sell","buyer":"chireerocks","seller":"bokica80","symbol":"SPT","quantity":"105.192506","price":"0.00233000","timestamp":1643990973,"volume":"0.24509854","buyTxId":"ca62c3b38fa094b3a033134107e2d32b28c91d8c","sellTxId":"3a2314ffdbc01ac60c421caf69e5ebecb930112c"}
{"index": {"_index":"spt","_id":"2708830"}}
	{"id":2708830,"type":"sell","buyer":"chireerocks","seller":"brofi-market","symbol":"SPT","quantity":"0.024792","price":"0.00233000","timestamp":1643991108,"volume":"0.00005777","buyTxId":"ca62c3b38fa094b3a033134107e2d32b28c91d8c","sellTxId":"bef05d672f0f1070a93e29599ca6c4c88d849cd5"}
{"index": {"_index":"spt","_id":"2708939"}}
	{"id":2708939,"type":"sell","buyer":"chireerocks","seller":"blurtyield","symbol":"SPT","quantity":"22.047437","price":"0.00233000","timestamp":1643992443,"volume":"0.05137053","buyTxId":"ca62c3b38fa094b3a033134107e2d32b28c91d8c","sellTxId":"e600ce7edfb43ef60bdb734700617580eba98e5d"}
{"index": {"_index":"spt","_id":"2709184"}}
	{"id":2709184,"type":"sell","buyer":"kitsuki","seller":"badrag","symbol":"SPT","quantity":"200.000000","price":"0.00171000","timestamp":1643994675,"volume":"0.34200000","buyTxId":"45fe81b24ac4e9b7dd96ca387562ec2acd1e8f8b","sellTxId":"22f08c2752cd1bc685cf94c4a16c13b6a9539f77"}
{"index": {"_index":"spt","_id":"2709199"}}
	{"id":2709199,"type":"buy","buyer":"captainquack22","seller":"badrag","symbol":"SPT","quantity":"718.128654","price":"0.00171000","timestamp":1643994771,"volume":"1.228","buyTxId":"20e30f10a8c038efc723fef29182ce1172058825","sellTxId":"22f08c2752cd1bc685cf94c4a16c13b6a9539f77"}
{"index": {"_index":"spt","_id":"2709203"}}
	{"id":2709203,"type":"sell","buyer":"caimanx","seller":"badrag","symbol":"SPT","quantity":"734.000000","price":"0.00170000","timestamp":1643994807,"volume":"1.24780000","buyTxId":"a912b990c4ca62b8c3ba47608f159cb213bf35bd","sellTxId":"aaab0c4237455d42718f8d058130fc7212924185"}
{"index": {"_index":"spt","_id":"2709343"}}
	{"id":2709343,"type":"sell","buyer":"kitsuki","seller":"catomoon","symbol":"SPT","quantity":"0.882011","price":"0.00165000","timestamp":1643996019,"volume":"0.00145532","buyTxId":"dd36ace9f787df8c0ed0fd1b70a3bea0733796ab","sellTxId":"453faf0c85dd0a25191e666afb1bf1bea60b7ad6"}
{"index": {"_index":"spt","_id":"2709513"}}
	{"id":2709513,"type":"buy","buyer":"carlinhusss","seller":"badrag","symbol":"SPT","quantity":"971.260286","price":"0.00199000","timestamp":1643997042,"volume":"1.93280797","buyTxId":"25527da200a564b3f2a0fb0a1c321b576d1a22fc","sellTxId":"3d92357b3f7876affca9fe1bb7b198cae6d30d48"}
{"index": {"_index":"spt","_id":"2709522"}}
	{"id":2709522,"type":"buy","buyer":"jongolson","seller":"badrag","symbol":"SPT","quantity":"785.498656","price":"0.00199000","timestamp":1643997162,"volume":"1.56314233","buyTxId":"d4a884f6294fc56f0d4ef0f14d38e3ade662247e","sellTxId":"3d92357b3f7876affca9fe1bb7b198cae6d30d48"}
{"index": {"_index":"spt","_id":"2709523"}}
	{"id":2709523,"type":"buy","buyer":"jongolson","seller":"lulu-the-fizzgig","symbol":"SPT","quantity":"214.501344","price":"0.00220000","timestamp":1643997162,"volume":"0.47190296","buyTxId":"d4a884f6294fc56f0d4ef0f14d38e3ade662247e","sellTxId":"d681565ae5762a5f7ca4d61bb65588c56f240a06"}
{"index": {"_index":"spt","_id":"2709525"}}
	{"id":2709525,"type":"sell","buyer":"coininstant","seller":"elricmoonslayer","symbol":"SPT","quantity":"0.347794","price":"0.00166000","timestamp":1643997183,"volume":"0.00057734","buyTxId":"c6f78eeb623b20c366d79a110e8769b008f0bedb","sellTxId":"6384fe1a9845fc4e17533ae10963e1894263b7b8"}
{"index": {"_index":"spt","_id":"2709622"}}
	{"id":2709622,"type":"sell","buyer":"kitsuki","seller":"lazybug","symbol":"SPT","quantity":"999.117989","price":"0.00165000","timestamp":1643998080,"volume":"1.64854468","buyTxId":"dd36ace9f787df8c0ed0fd1b70a3bea0733796ab","sellTxId":"53a5d492f51476fdabd2201ba1a3e2c66666cd26"}
{"index": {"_index":"spt","_id":"2709623"}}
	{"id":2709623,"type":"sell","buyer":"mobi72","seller":"lazybug","symbol":"SPT","quantity":"1000.000000","price":"0.00164000","timestamp":1643998080,"volume":"1.64000000","buyTxId":"380173880d9a4e6785b9af95aaf404da3afbac8f","sellTxId":"53a5d492f51476fdabd2201ba1a3e2c66666cd26"}
{"index": {"_index":"spt","_id":"2709624"}}
	{"id":2709624,"type":"sell","buyer":"bennyboy0014","seller":"lazybug","symbol":"SPT","quantity":"388.996918","price":"0.00163000","timestamp":1643998080,"volume":"0.63406498","buyTxId":"f3c0f7a3f16d43fd63f05a46688d9ca28f34c7b2","sellTxId":"53a5d492f51476fdabd2201ba1a3e2c66666cd26"}
{"index": {"_index":"spt","_id":"2709625"}}
	{"id":2709625,"type":"sell","buyer":"h3m4n7","seller":"lazybug","symbol":"SPT","quantity":"1000.000000","price":"0.00162200","timestamp":1643998080,"volume":"1.62200000","buyTxId":"6aa62211de96e8900808fa500290bd9b43245127","sellTxId":"53a5d492f51476fdabd2201ba1a3e2c66666cd26"}
{"index": {"_index":"spt","_id":"2709626"}}
	{"id":2709626,"type":"sell","buyer":"h3m4n7","seller":"lazybug","symbol":"SPT","quantity":"2.445361","price":"0.00162110","timestamp":1643998080,"volume":"0.00396417","buyTxId":"2d2a98dea009467f019eba2bd6a08e6636fdf54a","sellTxId":"53a5d492f51476fdabd2201ba1a3e2c66666cd26"}
{"index": {"_index":"spt","_id":"2709641"}}
	{"id":2709641,"type":"sell","buyer":"h3m4n7","seller":"lazybug","symbol":"SPT","quantity":"497.554639","price":"0.00162110","timestamp":1643998254,"volume":"0.80658583","buyTxId":"2d2a98dea009467f019eba2bd6a08e6636fdf54a","sellTxId":"f93246a9857eaafbcd59c6a74525bd82b15fdda3"}
{"index": {"_index":"spt","_id":"2709642"}}
	{"id":2709642,"type":"sell","buyer":"multifurcate","seller":"lazybug","symbol":"SPT","quantity":"10323.956155","price":"0.00161250","timestamp":1643998254,"volume":"16.64737930","buyTxId":"fc67049b1e96d29b46761237b266545c249f9603","sellTxId":"f93246a9857eaafbcd59c6a74525bd82b15fdda3"}
{"index": {"_index":"spt","_id":"2709704"}}
	{"id":2709704,"type":"sell","buyer":"multifurcate","seller":"coolguy123","symbol":"SPT","quantity":"196.587977","price":"0.00161250","timestamp":1643998680,"volume":"0.31699811","buyTxId":"fc67049b1e96d29b46761237b266545c249f9603","sellTxId":"0652d25dcc33c38f7c665b00c3c9c179d1f41f66"}
{"index": {"_index":"spt","_id":"2709713"}}
	{"id":2709713,"type":"sell","buyer":"multifurcate","seller":"dswap","symbol":"SPT","quantity":"3.12","price":"0.00161250","timestamp":1643998779,"volume":"0.00503100","buyTxId":"fc67049b1e96d29b46761237b266545c249f9603","sellTxId":"226e253dc32f1def12badec06e13da3e98426fbc"}
{"index": {"_index":"spt","_id":"2709783"}}
	{"id":2709783,"type":"sell","buyer":"multifurcate","seller":"eghnim","symbol":"SPT","quantity":"11619.694577","price":"0.00161250","timestamp":1643999517,"volume":"18.73675751","buyTxId":"fc67049b1e96d29b46761237b266545c249f9603","sellTxId":"38145e52a0db03a00d4f81779a443dad781d44a0"}
{"index": {"_index":"spt","_id":"2709871"}}
	{"id":2709871,"type":"sell","buyer":"multifurcate","seller":"dhedge-drips","symbol":"SPT","quantity":"0.002324","price":"0.00161250","timestamp":1644000357,"volume":"0.00000375","buyTxId":"fc67049b1e96d29b46761237b266545c249f9603","sellTxId":"0d7aeb9cd38d30cfc96b5ed5558bf41f9739e617"}
{"index": {"_index":"spt","_id":"2709983"}}
	{"id":2709983,"type":"buy","buyer":"sazzad-sm","seller":"elricmoonslayer","symbol":"SPT","quantity":"6.991402","price":"0.00166000","timestamp":1644001416,"volume":"0.01160573","buyTxId":"bb4601ce027ef1dd1f8188bb8df66c4b0b01aa72","sellTxId":"6384fe1a9845fc4e17533ae10963e1894263b7b8"}
{"index": {"_index":"spt","_id":"2709984"}}
	{"id":2709984,"type":"buy","buyer":"sazzad-sm","seller":"dhedge-drips","symbol":"SPT","quantity":"0.002324","price":"0.00166000","timestamp":1644001416,"volume":"0.00000386","buyTxId":"bb4601ce027ef1dd1f8188bb8df66c4b0b01aa72","sellTxId":"0d0896efed180b3807810649fdff435ad98cdb27"}
{"index": {"_index":"spt","_id":"2710042"}}
	{"id":2710042,"type":"buy","buyer":"sazzad-sm","seller":"kitsuki","symbol":"SPT","quantity":"394.725365","price":"0.00219000","timestamp":1644002208,"volume":"0.86444855","buyTxId":"4d3e8e35712effeaed9d4925e5f22bab9bae14d5","sellTxId":"5ecdd52519916424f46f900de7d9882e35f5a586"}
{"index": {"_index":"spt","_id":"2710232"}}
	{"id":2710232,"type":"sell","buyer":"h3m4n7","seller":"taskmaster4450","symbol":"SPT","quantity":"125.113882","price":"0.00161480","timestamp":1644004734,"volume":"0.20203390","buyTxId":"268270d295766af45e2a7f39fc73234b0151fab1","sellTxId":"fb5908bc2adfd348e8eebef6f91b15c4a355b246"}
{"index": {"_index":"spt","_id":"2710301"}}
	{"id":2710301,"type":"sell","buyer":"h3m4n7","seller":"brofi-market","symbol":"SPT","quantity":"0.003884","price":"0.00161480","timestamp":1644005493,"volume":"0.00000627","buyTxId":"268270d295766af45e2a7f39fc73234b0151fab1","sellTxId":"6ad405eca8a45888fc06aebc9c7b0add9593c7c4"}
{"index": {"_index":"spt","_id":"2711139"}}
	{"id":2711139,"type":"sell","buyer":"kitsuki","seller":"he-index","symbol":"SPT","quantity":"0.035000","price":"0.00162000","timestamp":1644016689,"volume":"0.00005670","buyTxId":"8f4473bbf13def8f9cde2a5bf3d29ef6c7a4870a","sellTxId":"fccbee51efa905a8a2955571b7240f1bed7cecd6"}
{"index": {"_index":"spt","_id":"2711432"}}
	{"id":2711432,"type":"sell","buyer":"kitsuki","seller":"dswap","symbol":"SPT","quantity":"100","price":"0.00162000","timestamp":1644019896,"volume":"0.16200000","buyTxId":"8f4473bbf13def8f9cde2a5bf3d29ef6c7a4870a","sellTxId":"674836b40a7893fea6b42c5873ab30617be05a20"}
{"index": {"_index":"spt","_id":"2711465"}}
	{"id":2711465,"type":"sell","buyer":"kitsuki","seller":"brofi-market","symbol":"SPT","quantity":"3.781984","price":"0.00162000","timestamp":1644020016,"volume":"0.00612681","buyTxId":"8f4473bbf13def8f9cde2a5bf3d29ef6c7a4870a","sellTxId":"ee8396007ce9a6db573af48d2913d89fc541b5a3"}
{"index": {"_index":"spt","_id":"2711478"}}
	{"id":2711478,"type":"sell","buyer":"kitsuki","seller":"dswap","symbol":"SPT","quantity":"92","price":"0.00162000","timestamp":1644020064,"volume":"0.14904000","buyTxId":"8f4473bbf13def8f9cde2a5bf3d29ef6c7a4870a","sellTxId":"aff45bb33ae6eb34a8a49d9c59722d1368fe8299"}
{"index": {"_index":"spt","_id":"2711594"}}
	{"id":2711594,"type":"sell","buyer":"kitsuki","seller":"nrg","symbol":"SPT","quantity":"104.183016","price":"0.00162000","timestamp":1644021531,"volume":"0.16877649","buyTxId":"8f4473bbf13def8f9cde2a5bf3d29ef6c7a4870a","sellTxId":"77fcc5e3c7352072abde4e2f5f2480b9130b154a-12"}
{"index": {"_index":"spt","_id":"2711595"}}
	{"id":2711595,"type":"sell","buyer":"h3m4n7","seller":"nrg","symbol":"SPT","quantity":"500.000000","price":"0.00162000","timestamp":1644021531,"volume":"0.81000000","buyTxId":"9b5b62ca3daea49373af11fb03d979d9a3f14c7a","sellTxId":"77fcc5e3c7352072abde4e2f5f2480b9130b154a-12"}
{"index": {"_index":"spt","_id":"2711596"}}
	{"id":2711596,"type":"sell","buyer":"h3m4n7","seller":"nrg","symbol":"SPT","quantity":"374.882234","price":"0.00161480","timestamp":1644021531,"volume":"0.60535983","buyTxId":"268270d295766af45e2a7f39fc73234b0151fab1","sellTxId":"77fcc5e3c7352072abde4e2f5f2480b9130b154a-12"}
{"index": {"_index":"spt","_id":"2711597"}}
	{"id":2711597,"type":"sell","buyer":"h3m4n7","seller":"nrg","symbol":"SPT","quantity":"500.000000","price":"0.00161480","timestamp":1644021531,"volume":"0.80740000","buyTxId":"76e76a8f45d42684cf14254789f57a22e1d90831","sellTxId":"77fcc5e3c7352072abde4e2f5f2480b9130b154a-12"}
{"index": {"_index":"spt","_id":"2711598"}}
	{"id":2711598,"type":"sell","buyer":"multifurcate","seller":"nrg","symbol":"SPT","quantity":"575.331315","price":"0.00161460","timestamp":1644021531,"volume":"0.92892994","buyTxId":"a0c2d0dabb3301157a2990b825c4a3d55f5d6627","sellTxId":"77fcc5e3c7352072abde4e2f5f2480b9130b154a-12"}
{"index": {"_index":"spt","_id":"2711629"}}
	{"id":2711629,"type":"sell","buyer":"multifurcate","seller":"dhedge-drips","symbol":"SPT","quantity":"0.003738","price":"0.00161460","timestamp":1644021969,"volume":"0.00000604","buyTxId":"a0c2d0dabb3301157a2990b825c4a3d55f5d6627","sellTxId":"bf29c2b79c288eae6f3a3548da6ae57e98e646d7"}
{"index": {"_index":"spt","_id":"2711663"}}
	{"id":2711663,"type":"sell","buyer":"multifurcate","seller":"chireerocks","symbol":"SPT","quantity":"132.977708","price":"0.00161460","timestamp":1644022308,"volume":"0.21470581","buyTxId":"a0c2d0dabb3301157a2990b825c4a3d55f5d6627","sellTxId":"51cb6577f7cb9dbaab776b54a6cb5dcea44868a6"}
{"index": {"_index":"spt","_id":"2712043"}}
	{"id":2712043,"type":"sell","buyer":"multifurcate","seller":"cjlugo","symbol":"SPT","quantity":"1607.793286","price":"0.00161600","timestamp":1644028383,"volume":"2.59819395","buyTxId":"38dc3b1f891380ab75f95d17b043eff8f7efa4b7","sellTxId":"421d1028ff49b2ed595deaec060d55397ff4b6b9"}
{"index": {"_index":"spt","_id":"2712285"}}
	{"id":2712285,"type":"sell","buyer":"multifurcate","seller":"tobetada","symbol":"SPT","quantity":"4827.000000","price":"0.00161716","timestamp":1644031446,"volume":"7.80603132","buyTxId":"a96d8506ca759f0a5fc091aecd92844c8022b0d9","sellTxId":"e759b34c5594a8ff5e477b977a62d974dc9aa872"}
{"index": {"_index":"spt","_id":"2712359"}}
	{"id":2712359,"type":"sell","buyer":"multifurcate","seller":"knightsunited","symbol":"SPT","quantity":"560.326443","price":"0.00161716","timestamp":1644032241,"volume":"0.90613751","buyTxId":"a96d8506ca759f0a5fc091aecd92844c8022b0d9","sellTxId":"f77724199d232420286ff7470c9a9cf7acd935b1"}
{"index": {"_index":"spt","_id":"2712394"}}
	{"id":2712394,"type":"sell","buyer":"multifurcate","seller":"kasaisoul","symbol":"SPT","quantity":"0.072954","price":"0.00161716","timestamp":1644032745,"volume":"0.00011798","buyTxId":"a96d8506ca759f0a5fc091aecd92844c8022b0d9","sellTxId":"5e488d637fde657cf05bb643034bdcbc2494985b"}
