{"index": {"_index":"spt","_id":"2647643"}}
	{"id":2647643,"type":"sell","buyer":"kid.miniatures","seller":"brofi-market","symbol":"SPT","quantity":"0.098537","price":"0.00216100","timestamp":1643256555,"volume":"0.00021294","buyTxId":"d8bc5c75bac47e9298a896339df28395a82ffe92","sellTxId":"e238652314240421a48bb2cd4ef63e4d8f9013bf"}
{"index": {"_index":"spt","_id":"2647711"}}
	{"id":2647711,"type":"buy","buyer":"multifurcate","seller":"atom-smash","symbol":"SPT","quantity":"0.000202","price":"0.00216200","timestamp":1643257767,"volume":"0.00000044","buyTxId":"e5b337c34b66f37c39f0a737103458f130e9524a","sellTxId":"501131970d452dddffbd430932933d662083cb2b"}
{"index": {"_index":"spt","_id":"2647874"}}
	{"id":2647874,"type":"sell","buyer":"multifurcate","seller":"quinjohn","symbol":"SPT","quantity":"9.090605","price":"0.00216200","timestamp":1643262027,"volume":"0.01965389","buyTxId":"8fb45b10051d8b5d575d5a9ee34edfff97c31921","sellTxId":"ed0431d54e15011beff13bc10db5704bafd10f0e"}
{"index": {"_index":"spt","_id":"2648004"}}
	{"id":2648004,"type":"buy","buyer":"captainquack22","seller":"greengineer","symbol":"SPT","quantity":"2080.306471","price":"0.00294500","timestamp":1643264058,"volume":"6.12650256","buyTxId":"5d2cd81eab032e99f64877c432140f10a00f7bb5","sellTxId":"25174baf29fb195efe91a4203c661e947ddc15b3"}
{"index": {"_index":"spt","_id":"2648005"}}
	{"id":2648005,"type":"buy","buyer":"captainquack22","seller":"dhedge-drips","symbol":"SPT","quantity":"0.010265","price":"0.00294900","timestamp":1643264058,"volume":"0.00003027","buyTxId":"5d2cd81eab032e99f64877c432140f10a00f7bb5","sellTxId":"0ffee701cdc41bba3c77832172ebda5d3a07704d"}
{"index": {"_index":"spt","_id":"2648006"}}
	{"id":2648006,"type":"buy","buyer":"captainquack22","seller":"brofi-market","symbol":"SPT","quantity":"0.098537","price":"0.00294900","timestamp":1643264058,"volume":"0.00029059","buyTxId":"5d2cd81eab032e99f64877c432140f10a00f7bb5","sellTxId":"0ef10fc8382c7b62596c1a7343d9ab49219b7b07"}
{"index": {"_index":"spt","_id":"2648007"}}
	{"id":2648007,"type":"buy","buyer":"captainquack22","seller":"zoe24","symbol":"SPT","quantity":"2475.657227","price":"0.00295000","timestamp":1643264058,"volume":"7.30318882","buyTxId":"5d2cd81eab032e99f64877c432140f10a00f7bb5","sellTxId":"a54fd7500d4a248fbc95c698b65a959383b34208"}
{"index": {"_index":"spt","_id":"2648104"}}
	{"id":2648104,"type":"sell","buyer":"dechuck","seller":"iceman23","symbol":"SPT","quantity":"5.803956","price":"0.00216300","timestamp":1643265552,"volume":"0.01255396","buyTxId":"fdc6d5f66bccdd84649e16d445dc47db5708ae45","sellTxId":"982722f6a114adb9bec1a9bd08edaa600a066aa3"}
{"index": {"_index":"spt","_id":"2648125"}}
	{"id":2648125,"type":"sell","buyer":"dechuck","seller":"dhedge-drips","symbol":"SPT","quantity":"0.009237","price":"0.00216300","timestamp":1643265939,"volume":"0.00001998","buyTxId":"fdc6d5f66bccdd84649e16d445dc47db5708ae45","sellTxId":"0506cba409bba6639b345a6da8012e401a3c8f51"}
{"index": {"_index":"spt","_id":"2648462"}}
	{"id":2648462,"type":"sell","buyer":"dechuck","seller":"dswap","symbol":"SPT","quantity":"94.186807","price":"0.00216300","timestamp":1643269659,"volume":"0.20372606","buyTxId":"fdc6d5f66bccdd84649e16d445dc47db5708ae45","sellTxId":"931af428031c7f3761806c842912f07ad2e3a65b"}
{"index": {"_index":"spt","_id":"2648463"}}
	{"id":2648463,"type":"sell","buyer":"multifurcate","seller":"dswap","symbol":"SPT","quantity":"107.813193","price":"0.00216200","timestamp":1643269659,"volume":"0.23309212","buyTxId":"8fb45b10051d8b5d575d5a9ee34edfff97c31921","sellTxId":"931af428031c7f3761806c842912f07ad2e3a65b"}
{"index": {"_index":"spt","_id":"2648513"}}
	{"id":2648513,"type":"sell","buyer":"multifurcate","seller":"rexymonster","symbol":"SPT","quantity":"5.850175","price":"0.00216200","timestamp":1643270184,"volume":"0.01264808","buyTxId":"8fb45b10051d8b5d575d5a9ee34edfff97c31921","sellTxId":"30671b5fa77a9f9322649aebb1b1353b57acbf42"}
{"index": {"_index":"spt","_id":"2648573"}}
	{"id":2648573,"type":"sell","buyer":"multifurcate","seller":"vaporent","symbol":"SPT","quantity":"0.141885","price":"0.00216200","timestamp":1643270796,"volume":"0.00030676","buyTxId":"8fb45b10051d8b5d575d5a9ee34edfff97c31921","sellTxId":"82043f6eb8437b8b1255dfd9c673e75bef74689f"}
{"index": {"_index":"spt","_id":"2648604"}}
	{"id":2648604,"type":"sell","buyer":"multifurcate","seller":"brofi-market","symbol":"SPT","quantity":"0.122999","price":"0.00216200","timestamp":1643271003,"volume":"0.00026592","buyTxId":"8fb45b10051d8b5d575d5a9ee34edfff97c31921","sellTxId":"4b118372a16c320c9cfa4d93ffb48ac1287fcbe5"}
{"index": {"_index":"spt","_id":"2648632"}}
	{"id":2648632,"type":"sell","buyer":"multifurcate","seller":"chireerocks","symbol":"SPT","quantity":"47.612132","price":"0.00216200","timestamp":1643271174,"volume":"0.10293743","buyTxId":"8fb45b10051d8b5d575d5a9ee34edfff97c31921","sellTxId":"61bad5d56eb11e9448fca317da2f1186cf133f57"}
{"index": {"_index":"spt","_id":"2648971"}}
	{"id":2648971,"type":"buy","buyer":"chireerocks","seller":"dhedge-drips","symbol":"SPT","quantity":"0.009237","price":"0.00293900","timestamp":1643274687,"volume":"0.00002715","buyTxId":"75600bf3b16dcced7dd2cb0f8781dbbf850a4c46","sellTxId":"2157d8ffd868847fe9210590639de2fd362bd454"}
{"index": {"_index":"spt","_id":"2648972"}}
	{"id":2648972,"type":"buy","buyer":"chireerocks","seller":"brofi-market","symbol":"SPT","quantity":"0.122999","price":"0.00293900","timestamp":1643274687,"volume":"0.00036149","buyTxId":"75600bf3b16dcced7dd2cb0f8781dbbf850a4c46","sellTxId":"58199a5bc4d2a51f4e06fcc74bcc1ab493a2bd1a"}
{"index": {"_index":"spt","_id":"2648973"}}
	{"id":2648973,"type":"buy","buyer":"chireerocks","seller":"laundrywoman","symbol":"SPT","quantity":"1404.867764","price":"0.00293900","timestamp":1643274687,"volume":"4.12890636","buyTxId":"75600bf3b16dcced7dd2cb0f8781dbbf850a4c46","sellTxId":"548eac2e8a034c1f70fa62542110054e16465d6e"}
{"index": {"_index":"spt","_id":"2649061"}}
	{"id":2649061,"type":"buy","buyer":"dswap","seller":"laundrywoman","symbol":"SPT","quantity":"110.959371","price":"0.00292900","timestamp":1643275923,"volume":"0.32500000","buyTxId":"a953a1c0e329ca581c607e1cb0c25730d83b813c","sellTxId":"95da6eefdd0a3d3b512bffc5748f1ef8d1bc6e4f"}
{"index": {"_index":"spt","_id":"2649153"}}
	{"id":2649153,"type":"sell","buyer":"multifurcate","seller":"davenavarro","symbol":"SPT","quantity":"59.404681","price":"0.00216200","timestamp":1643277324,"volume":"0.12843292","buyTxId":"8fb45b10051d8b5d575d5a9ee34edfff97c31921","sellTxId":"73b0fa23380ebd51284d8a60b345a30b585a9232"}
{"index": {"_index":"spt","_id":"2649283"}}
	{"id":2649283,"type":"sell","buyer":"multifurcate","seller":"fullcoverbetting","symbol":"SPT","quantity":"110.127878","price":"0.00216200","timestamp":1643278920,"volume":"0.23809647","buyTxId":"8fb45b10051d8b5d575d5a9ee34edfff97c31921","sellTxId":"b6b065f8174539a7d4df537bf56a0f7485ad1faf"}
{"index": {"_index":"spt","_id":"2649486"}}
	{"id":2649486,"type":"buy","buyer":"druidsblood","seller":"laundrywoman","symbol":"SPT","quantity":"2328.101285","price":"0.00292900","timestamp":1643281503,"volume":"6.81900866","buyTxId":"5fc77b046a3e885f1006ab42a56dc31ef10d1042","sellTxId":"aede9c4a47b7074e07039c43f1cd7e24cc5f970f"}
{"index": {"_index":"spt","_id":"2649538"}}
	{"id":2649538,"type":"buy","buyer":"samarek69","seller":"zoe24","symbol":"SPT","quantity":"0.220000","price":"0.00293000","timestamp":1643282139,"volume":"0.00064460","buyTxId":"ac9d20834797900cf32295ce9b64e6598afddbb7","sellTxId":"5eab3df42f5b670a0d216f4b3231dbd2b67d1d25"}
{"index": {"_index":"spt","_id":"2649620"}}
	{"id":2649620,"type":"sell","buyer":"multifurcate","seller":"luckyluck777","symbol":"SPT","quantity":"2090","price":"0.00217110","timestamp":1643283342,"volume":"4.53759900","buyTxId":"033a682c4d812364baeb9d541fe3d6bbb7a36a87","sellTxId":"c3df3b8a94aed68752e055ecb108652229693a06"}
{"index": {"_index":"spt","_id":"2649838"}}
	{"id":2649838,"type":"sell","buyer":"multifurcate","seller":"sharkmonsters","symbol":"SPT","quantity":"1089.250763","price":"0.00217110","timestamp":1643286177,"volume":"2.36487233","buyTxId":"9ec06fe95954c4e2180f85d904f2c9fc0e203d74","sellTxId":"89cf4ede0469334dbcfdd3ec910b7edc4a15ce4e"}
{"index": {"_index":"spt","_id":"2649955"}}
	{"id":2649955,"type":"buy","buyer":"multifurcate","seller":"dhedge-drips","symbol":"SPT","quantity":"0.011531","price":"0.00217110","timestamp":1643287575,"volume":"0.00002503","buyTxId":"8130b08a168a23464c19eb8b5efbab9056329054","sellTxId":"e6f7bf7807da0c6186b3d693204c17252161b4c4"}
{"index": {"_index":"spt","_id":"2650397"}}
	{"id":2650397,"type":"sell","buyer":"multifurcate","seller":"chrono.spt","symbol":"SPT","quantity":"3616.150833","price":"0.00217110","timestamp":1643293653,"volume":"7.85102507","buyTxId":"55080dd20105fa8f703343fbea40902086ee302b","sellTxId":"efef17a111907b538857472eb06491eb2903a7e4"}
{"index": {"_index":"spt","_id":"2650459"}}
	{"id":2650459,"type":"buy","buyer":"multifurcate","seller":"ressonlelong","symbol":"SPT","quantity":"16.000000","price":"0.00217110","timestamp":1643294184,"volume":"0.03473760","buyTxId":"19a997f871f2bf8712476a4281543c5e5811db8e","sellTxId":"68b42ac662a5badc576d5ebe2d93ef61bd3363ae"}
{"index": {"_index":"spt","_id":"2650726"}}
	{"id":2650726,"type":"sell","buyer":"zoe24","seller":"hopeallcards","symbol":"SPT","quantity":"6.693175","price":"0.00218000","timestamp":1643297595,"volume":"0.01459112","buyTxId":"3d0173f2b0f704c62fdb94b99db8984d9ec40851","sellTxId":"3ae63a0e75ae660d5438ee96018d54dd48de249d"}
{"index": {"_index":"spt","_id":"2650790"}}
	{"id":2650790,"type":"buy","buyer":"captainquack22","seller":"zoe24","symbol":"SPT","quantity":"520.989583","price":"0.00288000","timestamp":1643298261,"volume":"1.50045","buyTxId":"2d5bcaec4bc8eb81202d41d93c7c0d5f72236122","sellTxId":"109cbbbc426066174692b5f4626ec4853f702515"}
{"index": {"_index":"spt","_id":"2650997"}}
	{"id":2650997,"type":"sell","buyer":"zoe24","seller":"brofi-market","symbol":"SPT","quantity":"0.328425","price":"0.00219000","timestamp":1643300286,"volume":"0.00071925","buyTxId":"6c0fbcafaebe6cad38e3ae6802b2bb79933d8cfb","sellTxId":"23c6b4582d460c73eb9fe3f65c3ed93b769f8955"}
{"index": {"_index":"spt","_id":"2651289"}}
	{"id":2651289,"type":"sell","buyer":"zoe24","seller":"catomoon","symbol":"SPT","quantity":"0.842098","price":"0.00219000","timestamp":1643303103,"volume":"0.00184419","buyTxId":"6c0fbcafaebe6cad38e3ae6802b2bb79933d8cfb","sellTxId":"14a425053882ddf0ed56c362ce8f955b9393b6c6"}
{"index": {"_index":"spt","_id":"2651307"}}
	{"id":2651307,"type":"buy","buyer":"dswap","seller":"psychopumpkin","symbol":"SPT","quantity":"10.240687","price":"0.00240000","timestamp":1643303235,"volume":"0.02457765","buyTxId":"bcbcf8618319ee369df72ec9c03e06d26a81fb34","sellTxId":"a210eabed082c5b2c3355f2cf23c40c6563c1393"}
{"index": {"_index":"spt","_id":"2651308"}}
	{"id":2651308,"type":"buy","buyer":"dswap","seller":"brofi-market","symbol":"SPT","quantity":"0.328425","price":"0.00240000","timestamp":1643303235,"volume":"0.00078822","buyTxId":"bcbcf8618319ee369df72ec9c03e06d26a81fb34","sellTxId":"2f3a8606c885d757fda556dd8255a9714af40ac2"}
{"index": {"_index":"spt","_id":"2651309"}}
	{"id":2651309,"type":"buy","buyer":"dswap","seller":"zoe24","symbol":"SPT","quantity":"69.574118","price":"0.00288000","timestamp":1643303235,"volume":"0.20037346","buyTxId":"bcbcf8618319ee369df72ec9c03e06d26a81fb34","sellTxId":"109cbbbc426066174692b5f4626ec4853f702515"}
{"index": {"_index":"spt","_id":"2651323"}}
	{"id":2651323,"type":"buy","buyer":"druidsblood","seller":"zoe24","symbol":"SPT","quantity":"1737.317584","price":"0.00288000","timestamp":1643303361,"volume":"5.00347464","buyTxId":"6794f6e8ad08422332d5ea2667e18c9db63d2825","sellTxId":"109cbbbc426066174692b5f4626ec4853f702515"}
{"index": {"_index":"spt","_id":"2651336"}}
	{"id":2651336,"type":"sell","buyer":"druidsblood","seller":"dswap","symbol":"SPT","quantity":"5.697299","price":"0.00240000","timestamp":1643303508,"volume":"0.01367352","buyTxId":"07c4c911a95c67a15ba256c7496cec6bea3056a8","sellTxId":"fc7610c51e6668b3e71e30e58c13a7de597356ab"}
{"index": {"_index":"spt","_id":"2651364"}}
	{"id":2651364,"type":"sell","buyer":"ballsanga","seller":"laundrywoman","symbol":"SPT","quantity":"0.049955","price":"0.00288900","timestamp":1643303772,"volume":"0.00014432","buyTxId":"796feac52ab99b4085d7216f14fbc76ab7d707fa","sellTxId":"83b9d2fedf7f67d7e71df63b9be2ed169049c46d"}
{"index": {"_index":"spt","_id":"2651380"}}
	{"id":2651380,"type":"sell","buyer":"ballsanga","seller":"laundrywoman","symbol":"SPT","quantity":"40.488058","price":"0.00288900","timestamp":1643303868,"volume":"0.11697000","buyTxId":"bdef1dcd21598b8730142dbeb1b24b7acac43d3c","sellTxId":"59257bb5e3589bf5d80864c67d5d43cc272e7ecd"}
{"index": {"_index":"spt","_id":"2651709"}}
	{"id":2651709,"type":"sell","buyer":"druidsblood","seller":"ackza","symbol":"SPT","quantity":"4.543388","price":"0.00240000","timestamp":1643306616,"volume":"0.01090413","buyTxId":"07c4c911a95c67a15ba256c7496cec6bea3056a8","sellTxId":"d8d43008fdf9aaafcd48285fdaf3cd52e45a1b10"}
{"index": {"_index":"spt","_id":"2651771"}}
	{"id":2651771,"type":"buy","buyer":"kasaisoul","seller":"ackza","symbol":"SPT","quantity":"5.595185","price":"0.00240000","timestamp":1643307051,"volume":"0.01342844","buyTxId":"55d34f3116b3d1f0431cb848ccf8face597c9974","sellTxId":"d8d43008fdf9aaafcd48285fdaf3cd52e45a1b10"}
{"index": {"_index":"spt","_id":"2651801"}}
	{"id":2651801,"type":"sell","buyer":"zoe24","seller":"bearbear613","symbol":"SPT","quantity":"1064.370272","price":"0.00219000","timestamp":1643307252,"volume":"2.33097090","buyTxId":"6c0fbcafaebe6cad38e3ae6802b2bb79933d8cfb","sellTxId":"45bc69e064f72bd95ccbd9fc83b7db7ab99d1280"}
{"index": {"_index":"spt","_id":"2651814"}}
	{"id":2651814,"type":"buy","buyer":"kasaisoul","seller":"laundrywoman","symbol":"SPT","quantity":"17.000000","price":"0.00288900","timestamp":1643307336,"volume":"0.04911300","buyTxId":"4578bb90b7a1ce86dbabbd1f609a7e3423ef902f","sellTxId":"415f20b930b097c79523d58fce7da21e7b7a3049"}
{"index": {"_index":"spt","_id":"2651856"}}
	{"id":2651856,"type":"buy","buyer":"kasaisoul","seller":"carlosro","symbol":"SPT","quantity":"0.496456","price":"0.00219100","timestamp":1643307759,"volume":"0.00108774","buyTxId":"e406e2c1bed4365f6694dbace03ebcffcd068a24","sellTxId":"c029500d3b132ad9ccf98fcaf9327f1700423f04"}
{"index": {"_index":"spt","_id":"2651860"}}
	{"id":2651860,"type":"buy","buyer":"multifurcate","seller":"carlosro","symbol":"SPT","quantity":"994.178488","price":"0.00219100","timestamp":1643307801,"volume":"2.17824507","buyTxId":"5b3116c6ed9a84dbc1c08b6fc00a9b66c3aa2277","sellTxId":"c029500d3b132ad9ccf98fcaf9327f1700423f04"}
{"index": {"_index":"spt","_id":"2652022"}}
	{"id":2652022,"type":"sell","buyer":"zoe24","seller":"dhedge-drips","symbol":"SPT","quantity":"0.027547","price":"0.00219000","timestamp":1643309220,"volume":"0.00006033","buyTxId":"6c0fbcafaebe6cad38e3ae6802b2bb79933d8cfb","sellTxId":"6ad21768c1e1a3e42dcbbdf8c39cde2213fcdd2c"}
{"index": {"_index":"spt","_id":"2652292"}}
	{"id":2652292,"type":"buy","buyer":"jongolson","seller":"quickdrawchev","symbol":"SPT","quantity":"1000.000000","price":"0.00288000","timestamp":1643311701,"volume":"2.88000000","buyTxId":"bc415818142fcbc92f3bef3d5c4602110ebe8eda","sellTxId":"a536edfd157cd067b7303aac6a30724fd3a5770f"}
{"index": {"_index":"spt","_id":"2652302"}}
	{"id":2652302,"type":"buy","buyer":"emibemi","seller":"quickdrawchev","symbol":"SPT","quantity":"533.725192","price":"0.00288000","timestamp":1643311884,"volume":"1.53712855","buyTxId":"1c084713a61323341313078d04067e9090f0cb65","sellTxId":"a536edfd157cd067b7303aac6a30724fd3a5770f"}
{"index": {"_index":"spt","_id":"2652303"}}
	{"id":2652303,"type":"buy","buyer":"emibemi","seller":"dhedge-drips","symbol":"SPT","quantity":"0.027547","price":"0.00288000","timestamp":1643311884,"volume":"0.00007934","buyTxId":"1c084713a61323341313078d04067e9090f0cb65","sellTxId":"5aaa41b1cb993bb52f4ebb0812ae1c6a71c64d2f"}
{"index": {"_index":"spt","_id":"2652311"}}
	{"id":2652311,"type":"sell","buyer":"emibemi","seller":"laundrywoman","symbol":"SPT","quantity":"49466.247261","price":"0.00289000","timestamp":1643311899,"volume":"142.95745458","buyTxId":"1c084713a61323341313078d04067e9090f0cb65","sellTxId":"b9cb6fd6b309cdfaa8cfed381edc799d2ff1b02f"}
{"index": {"_index":"spt","_id":"2652544"}}
	{"id":2652544,"type":"sell","buyer":"zoe24","seller":"estiqaatsi","symbol":"SPT","quantity":"2500","price":"0.00219000","timestamp":1643313912,"volume":"5.47500000","buyTxId":"6c0fbcafaebe6cad38e3ae6802b2bb79933d8cfb","sellTxId":"283c2e0a917198274876e66ab330a18defbd85a0"}
{"index": {"_index":"spt","_id":"2653573"}}
	{"id":2653573,"type":"sell","buyer":"zoe24","seller":"he-index","symbol":"SPT","quantity":"0.039000","price":"0.00219000","timestamp":1643324523,"volume":"0.00008541","buyTxId":"6c0fbcafaebe6cad38e3ae6802b2bb79933d8cfb","sellTxId":"ebc0e1efb7555d89221edf996cc1684d61543e3c"}
{"index": {"_index":"spt","_id":"2653617"}}
	{"id":2653617,"type":"buy","buyer":"captainquack22","seller":"shauner","symbol":"SPT","quantity":"592.000000","price":"0.00275000","timestamp":1643325075,"volume":"1.628","buyTxId":"10519003f7a8ea58e5b2f8d4f2074beede60638a","sellTxId":"c2746a7a785922921bc5e4104d4fdb4c029392ec"}
{"index": {"_index":"spt","_id":"2653710"}}
	{"id":2653710,"type":"buy","buyer":"samarek69","seller":"shauner","symbol":"SPT","quantity":"151.459900","price":"0.00275000","timestamp":1643326140,"volume":"0.41651473","buyTxId":"43b9fb09e2595e891b69bc3b57d615f2fa57c68d","sellTxId":"c2746a7a785922921bc5e4104d4fdb4c029392ec"}
{"index": {"_index":"spt","_id":"2653795"}}
	{"id":2653795,"type":"buy","buyer":"multifurcate","seller":"failingforward","symbol":"SPT","quantity":"607.288573","price":"0.00217110","timestamp":1643326887,"volume":"1.31848422","buyTxId":"65c58240c0480659732df3753ffa427316859114","sellTxId":"422bdbfd4ead956dd5b6fd75b34a64c06728375a"}
{"index": {"_index":"spt","_id":"2654014"}}
	{"id":2654014,"type":"sell","buyer":"druidsblood","seller":"brofi-market","symbol":"SPT","quantity":"3.710800","price":"0.00217010","timestamp":1643328828,"volume":"0.00805281","buyTxId":"82d4221d26c3c97c7520358198cf4d66471136f4","sellTxId":"c0d317c79dc0a16760e5b0e91a2898fc7d7bba9b"}
{"index": {"_index":"spt","_id":"2654098"}}
	{"id":2654098,"type":"sell","buyer":"multifurcate","seller":"unclejeeves","symbol":"SPT","quantity":"4.1","price":"0.00217110","timestamp":1643329578,"volume":"0.00890151","buyTxId":"4ca5cb99cfd6b139eb32f9a83f232444474b7007","sellTxId":"2d873f1c4f548d8c784365c266fd8e76920149a0"}
{"index": {"_index":"spt","_id":"2654135"}}
	{"id":2654135,"type":"sell","buyer":"druidsblood","seller":"burlarj","symbol":"SPT","quantity":"8000.000000","price":"0.00217010","timestamp":1643329920,"volume":"17.36080000","buyTxId":"82d4221d26c3c97c7520358198cf4d66471136f4","sellTxId":"703fa3ffe1a9f08342eaec20fe323f7ce5f88728"}
{"index": {"_index":"spt","_id":"2654208"}}
	{"id":2654208,"type":"sell","buyer":"multifurcate","seller":"knightsunited","symbol":"SPT","quantity":"464.221240","price":"0.00217110","timestamp":1643330781,"volume":"1.00787073","buyTxId":"5a877ac0bbfd25691672e9ee05d39b6b79d6096f","sellTxId":"11758306627384b3dc5cb4f968e99d1fae365751"}
{"index": {"_index":"spt","_id":"2654211"}}
	{"id":2654211,"type":"sell","buyer":"multifurcate","seller":"dhedge-drips","symbol":"SPT","quantity":"0.001106","price":"0.00217110","timestamp":1643330790,"volume":"0.00000240","buyTxId":"5a877ac0bbfd25691672e9ee05d39b6b79d6096f","sellTxId":"feacb6683fe9cd0d84df5d643392859b886fa336"}
{"index": {"_index":"spt","_id":"2654290"}}
	{"id":2654290,"type":"sell","buyer":"druidsblood","seller":"kennysgaminglife","symbol":"SPT","quantity":"5227.031677","price":"0.00217010","timestamp":1643331663,"volume":"11.34318144","buyTxId":"82d4221d26c3c97c7520358198cf4d66471136f4","sellTxId":"ead2fc6587d3ff22b7434ac94d4dc36a88f1e943"}
{"index": {"_index":"spt","_id":"2654359"}}
	{"id":2654359,"type":"sell","buyer":"multifurcate","seller":"alviona","symbol":"SPT","quantity":"20.102743","price":"0.00217110","timestamp":1643332365,"volume":"0.04364507","buyTxId":"e42cba719f08237e075eed49bb44626a79505179","sellTxId":"24e70c7352b0852052625a3a31336f93b19ee6b7"}
{"index": {"_index":"spt","_id":"2654782"}}
	{"id":2654782,"type":"buy","buyer":"futuremind","seller":"shauner","symbol":"SPT","quantity":"545.754173","price":"0.00275000","timestamp":1643336490,"volume":"1.50082398","buyTxId":"6072c1e381c1eb0e4adc977b0db41ec9b60ad552","sellTxId":"c2746a7a785922921bc5e4104d4fdb4c029392ec"}
{"index": {"_index":"spt","_id":"2654783"}}
	{"id":2654783,"type":"buy","buyer":"futuremind","seller":"brofi-market","symbol":"SPT","quantity":"3.710800","price":"0.00275000","timestamp":1643336490,"volume":"0.01020470","buyTxId":"6072c1e381c1eb0e4adc977b0db41ec9b60ad552","sellTxId":"0e71d5f0288ab10ed31b0a31164cba1dfcdff3df"}
{"index": {"_index":"spt","_id":"2654784"}}
	{"id":2654784,"type":"buy","buyer":"futuremind","seller":"dhedge-drips","symbol":"SPT","quantity":"0.001106","price":"0.00275000","timestamp":1643336490,"volume":"0.00000304","buyTxId":"6072c1e381c1eb0e4adc977b0db41ec9b60ad552","sellTxId":"f8d8c3d5ba5f997852aac9376522061d7a91bf9c"}
{"index": {"_index":"spt","_id":"2654790"}}
	{"id":2654790,"type":"buy","buyer":"futuremind","seller":"zoe24","symbol":"SPT","quantity":"3572.261517","price":"0.00288000","timestamp":1643336511,"volume":"10.28811317","buyTxId":"02acc04f402a44670f47e60c6835378b6620c76b","sellTxId":"a82a46e09cb0e10bcf546ac927ba3fd5433cb1a8"}
{"index": {"_index":"spt","_id":"2654793"}}
	{"id":2654793,"type":"buy","buyer":"futuremind","seller":"laundrywoman","symbol":"SPT","quantity":"5438.262648","price":"0.00287900","timestamp":1643336541,"volume":"15.65675816","buyTxId":"3e35079353571580c2d139ffab8c19a864e9b7a7","sellTxId":"81efe64cc8353e1fc0ccf6dfcb5c3626b5f045a4"}
{"index": {"_index":"spt","_id":"2654798"}}
	{"id":2654798,"type":"buy","buyer":"futuremind","seller":"laundrywoman","symbol":"SPT","quantity":"290.000000","price":"0.00289000","timestamp":1643336574,"volume":"0.83810000","buyTxId":"ce1c61e25cbeba17bc89efce6a571553da6b4c9e","sellTxId":"f89b25221e70eb5b1b73fcb739e992132d3cd4b3"}
{"index": {"_index":"spt","_id":"2654961"}}
	{"id":2654961,"type":"sell","buyer":"kitsuki","seller":"votebetting","symbol":"SPT","quantity":"1.867724","price":"0.00218000","timestamp":1643338164,"volume":"0.00407164","buyTxId":"9280d241e3234abd449fb31d8dfd445fb03cd780","sellTxId":"7ddd66ce46da0337838e3b237c68c63c8537bb65"}
{"index": {"_index":"spt","_id":"2655156"}}
	{"id":2655156,"type":"buy","buyer":"futuremind","seller":"kitsuki","symbol":"SPT","quantity":"35.000000","price":"0.00288000","timestamp":1643340558,"volume":"0.10080000","buyTxId":"3f383b8cf352532e164d5544049bcd888616bbd2","sellTxId":"d6f5f42240dfc38cda1c2bbc885d119327f58f71"}
{"index": {"_index":"spt","_id":"2655157"}}
	{"id":2655157,"type":"buy","buyer":"futuremind","seller":"laundrywoman","symbol":"SPT","quantity":"14965.000000","price":"0.00289000","timestamp":1643340558,"volume":"43.24885000","buyTxId":"3f383b8cf352532e164d5544049bcd888616bbd2","sellTxId":"70cbf2d747af59b01f5dc0ba452f3e2fe2dbe7f1"}
{"index": {"_index":"spt","_id":"2655215"}}
	{"id":2655215,"type":"sell","buyer":"kitsuki","seller":"mawit07","symbol":"SPT","quantity":"48.132276","price":"0.00218000","timestamp":1643341317,"volume":"0.10492836","buyTxId":"9280d241e3234abd449fb31d8dfd445fb03cd780","sellTxId":"44c23c392dfe373d2b4c22609534d52b12124751"}
{"index": {"_index":"spt","_id":"2655216"}}
	{"id":2655216,"type":"sell","buyer":"multifurcate","seller":"mawit07","symbol":"SPT","quantity":"2242.425785","price":"0.00217110","timestamp":1643341317,"volume":"4.86853062","buyTxId":"a46b494b39926bcd0942c289e2b922d185669310","sellTxId":"44c23c392dfe373d2b4c22609534d52b12124751"}
