{"index": {"_index":"spt","_id":"2561801"}}
	{"id":2561801,"type":"sell","buyer":"granddaddies","seller":"manclar","symbol":"SPT","quantity":"728.790207","price":"0.00205003","timestamp":1642387518,"volume":"1.49404179","buyTxId":"3b86b91008be0a319cb7d33a23be43327acfbd00","sellTxId":"4ee57904bc01bee257f3f848aa068e88e139abab"}
{"index": {"_index":"spt","_id":"2561923"}}
	{"id":2561923,"type":"buy","buyer":"knowledge-seeker","seller":"laundrywoman","symbol":"SPT","quantity":"31.414361","price":"0.00230999","timestamp":1642389339,"volume":"0.07256686","buyTxId":"4b67eda6efcf11ed77733a434262783867b5ba17","sellTxId":"1d3b8ddcb90e73fcab4b1e9d8cd73b20c11050f4"}
{"index": {"_index":"spt","_id":"2562035"}}
	{"id":2562035,"type":"buy","buyer":"evernoticethat","seller":"laundrywoman","symbol":"SPT","quantity":"45.000000","price":"0.00230999","timestamp":1642390743,"volume":"0.10394955","buyTxId":"79af2f6a8eafc73113237f6dfc4359fca70b3ec0","sellTxId":"1d3b8ddcb90e73fcab4b1e9d8cd73b20c11050f4"}
{"index": {"_index":"spt","_id":"2562131"}}
	{"id":2562131,"type":"sell","buyer":"granddaddies","seller":"brofi-market","symbol":"SPT","quantity":"1.650995","price":"0.00205003","timestamp":1642392648,"volume":"0.00338459","buyTxId":"3b86b91008be0a319cb7d33a23be43327acfbd00","sellTxId":"67169fe5ce746b6bbf952cf432861f8ab17d816d"}
{"index": {"_index":"spt","_id":"2562216"}}
	{"id":2562216,"type":"sell","buyer":"granddaddies","seller":"niclamus","symbol":"SPT","quantity":"3753.779868","price":"0.00205003","timestamp":1642394118,"volume":"7.69536134","buyTxId":"3b86b91008be0a319cb7d33a23be43327acfbd00","sellTxId":"d2631794b127c06b0214d0435716c43298cf5e4f"}
{"index": {"_index":"spt","_id":"2562247"}}
	{"id":2562247,"type":"buy","buyer":"thelogicaldude","seller":"laundrywoman","symbol":"SPT","quantity":"1100.000000","price":"0.00229999","timestamp":1642394295,"volume":"2.52998900","buyTxId":"3f00547826ae21c9df9a81d58db6c742123f41d0","sellTxId":"6a450bb147a749dc91f447e5af49025f2e5df326"}
{"index": {"_index":"spt","_id":"2562411"}}
	{"id":2562411,"type":"sell","buyer":"granddaddies","seller":"terapallo","symbol":"SPT","quantity":"308.082311","price":"0.00205003","timestamp":1642395417,"volume":"0.63157798","buyTxId":"3b86b91008be0a319cb7d33a23be43327acfbd00","sellTxId":"fee739e369254207241ca9f323692d4715003e51"}
{"index": {"_index":"spt","_id":"2562479"}}
	{"id":2562479,"type":"buy","buyer":"evernoticethat","seller":"laundrywoman","symbol":"SPT","quantity":"1000.000000","price":"0.00229997","timestamp":1642396245,"volume":"2.29997000","buyTxId":"57a8c685236f4050c426801e9d1a1a93885f8508","sellTxId":"05afc6e72efe0e787bec75a65180dab8a5cda1bd"}
{"index": {"_index":"spt","_id":"2562563"}}
	{"id":2562563,"type":"sell","buyer":"granddaddies","seller":"navre","symbol":"SPT","quantity":"1070.000000","price":"0.00205003","timestamp":1642396974,"volume":"2.19353210","buyTxId":"3b86b91008be0a319cb7d33a23be43327acfbd00","sellTxId":"c061c5f9dde5e6b5f587c48d0129a58a6746abdc"}
{"index": {"_index":"spt","_id":"2562698"}}
	{"id":2562698,"type":"buy","buyer":"evernotice.leo","seller":"laundrywoman","symbol":"SPT","quantity":"200.000000","price":"0.00229997","timestamp":1642398390,"volume":"0.45999400","buyTxId":"9d2e6371247dba941858015da0055f51f628c0e9","sellTxId":"05afc6e72efe0e787bec75a65180dab8a5cda1bd"}
{"index": {"_index":"spt","_id":"2562708"}}
	{"id":2562708,"type":"sell","buyer":"granddaddies","seller":"themarkymark","symbol":"SPT","quantity":"144.747000","price":"0.00205003","timestamp":1642398444,"volume":"0.29673569","buyTxId":"3b86b91008be0a319cb7d33a23be43327acfbd00","sellTxId":"2145455a49f323fd40beef877d0fec9bc8bd1a81"}
{"index": {"_index":"spt","_id":"2562926"}}
	{"id":2562926,"type":"buy","buyer":"captainquack22","seller":"laundrywoman","symbol":"SPT","quantity":"521.745935","price":"0.00229997","timestamp":1642400361,"volume":"1.2","buyTxId":"7c17ecdd842ebce18d0b4e90808112a222a4dc5d","sellTxId":"05afc6e72efe0e787bec75a65180dab8a5cda1bd"}
{"index": {"_index":"spt","_id":"2563010"}}
	{"id":2563010,"type":"sell","buyer":"granddaddies","seller":"cwow2","symbol":"SPT","quantity":"2.895545","price":"0.00205003","timestamp":1642401369,"volume":"0.00593595","buyTxId":"3b86b91008be0a319cb7d33a23be43327acfbd00","sellTxId":"7c6843ee550e50a69151bc9ddd384832b74dc167"}
{"index": {"_index":"spt","_id":"2563084"}}
	{"id":2563084,"type":"sell","buyer":"pogier","seller":"dhedge-drips","symbol":"SPT","quantity":"0.004239","price":"0.00205100","timestamp":1642401948,"volume":"0.00000869","buyTxId":"74ae42966fdfcf0a71d8ea291b6b7b9bd72c2744","sellTxId":"7c8326dfb6644961964d2409bbaf5eb194900488"}
{"index": {"_index":"spt","_id":"2563213"}}
	{"id":2563213,"type":"sell","buyer":"granddaddies","seller":"jogodishroy","symbol":"SPT","quantity":"262.36","price":"0.00205101","timestamp":1642403220,"volume":"0.53810298","buyTxId":"1c4590c561f819a954be0b2a024d0f9c12ae4bb2","sellTxId":"d272b311244cf4f95decc8fb221f41cf99bc03f8"}
{"index": {"_index":"spt","_id":"2563254"}}
	{"id":2563254,"type":"sell","buyer":"granddaddies","seller":"vjekich","symbol":"SPT","quantity":"4018.163052","price":"0.00205101","timestamp":1642403622,"volume":"8.24129260","buyTxId":"1c4590c561f819a954be0b2a024d0f9c12ae4bb2","sellTxId":"544e63980ca44bcd7ab6b0de3d3007ad8b187bb2"}
{"index": {"_index":"spt","_id":"2563405"}}
	{"id":2563405,"type":"sell","buyer":"granddaddies","seller":"john9inch","symbol":"SPT","quantity":"200.000000","price":"0.00205101","timestamp":1642405662,"volume":"0.41020200","buyTxId":"1c4590c561f819a954be0b2a024d0f9c12ae4bb2","sellTxId":"e7daea4454a778542dd944909589928e39c3e3c6"}
{"index": {"_index":"spt","_id":"2563494"}}
	{"id":2563494,"type":"sell","buyer":"granddaddies","seller":"brofi-market","symbol":"SPT","quantity":"0.165155","price":"0.00205102","timestamp":1642407027,"volume":"0.00033874","buyTxId":"e31a4f82fae52b6a9459ac87e3221e2511d11d53","sellTxId":"922a56f8e2da6ed6f5766cb2b943a65b7d0f03ef"}
{"index": {"_index":"spt","_id":"2563798"}}
	{"id":2563798,"type":"buy","buyer":"pizzaexpress","seller":"laundrywoman","symbol":"SPT","quantity":"50000.000000","price":"0.00229997","timestamp":1642410792,"volume":"114.99850000","buyTxId":"e7fbc49f0fe74767f866006991ec09c62d309d9a","sellTxId":"05afc6e72efe0e787bec75a65180dab8a5cda1bd"}
{"index": {"_index":"spt","_id":"2564039"}}
	{"id":2564039,"type":"sell","buyer":"granddaddies","seller":"anderssinho","symbol":"SPT","quantity":"0.371000","price":"0.00205102","timestamp":1642413000,"volume":"0.00076093","buyTxId":"e31a4f82fae52b6a9459ac87e3221e2511d11d53","sellTxId":"66f90ef6326c2568439c50fb7de7cb3be1759c0a"}
{"index": {"_index":"spt","_id":"2564399"}}
	{"id":2564399,"type":"sell","buyer":"granddaddies","seller":"justinparke","symbol":"SPT","quantity":"21.037","price":"0.00205102","timestamp":1642415586,"volume":"0.04314731","buyTxId":"e31a4f82fae52b6a9459ac87e3221e2511d11d53","sellTxId":"eed049e342c873c13cd26c1d8dec8211651de64f"}
{"index": {"_index":"spt","_id":"2564508"}}
	{"id":2564508,"type":"sell","buyer":"granddaddies","seller":"freeztag","symbol":"SPT","quantity":"165.119762","price":"0.00205102","timestamp":1642417053,"volume":"0.33866393","buyTxId":"e31a4f82fae52b6a9459ac87e3221e2511d11d53","sellTxId":"b495f94c3c2458cd7f068df7815b804b236791e3"}
{"index": {"_index":"spt","_id":"2564881"}}
	{"id":2564881,"type":"sell","buyer":"granddaddies","seller":"dswap","symbol":"SPT","quantity":"2.78","price":"0.00205102","timestamp":1642421451,"volume":"0.00570184","buyTxId":"e31a4f82fae52b6a9459ac87e3221e2511d11d53","sellTxId":"ffd136fb627b89e1bfc2f7238847b0ead75aaafa"}
{"index": {"_index":"spt","_id":"2564909"}}
	{"id":2564909,"type":"sell","buyer":"granddaddies","seller":"brofi-market","symbol":"SPT","quantity":"0.001687","price":"0.00205102","timestamp":1642421727,"volume":"0.00000346","buyTxId":"e31a4f82fae52b6a9459ac87e3221e2511d11d53","sellTxId":"6ef3dfbfcdc2367018872250472ea0353d5fa1b5"}
{"index": {"_index":"spt","_id":"2565174"}}
	{"id":2565174,"type":"sell","buyer":"granddaddies","seller":"dhedge-drips","symbol":"SPT","quantity":"0.015483","price":"0.00205102","timestamp":1642423596,"volume":"0.00003176","buyTxId":"e31a4f82fae52b6a9459ac87e3221e2511d11d53","sellTxId":"c36b8b30c5b3b83f2d36478e87a8d5916c4fdbdd"}
{"index": {"_index":"spt","_id":"2565500"}}
	{"id":2565500,"type":"sell","buyer":"granddaddies","seller":"freeztag","symbol":"SPT","quantity":"10000.000000","price":"0.00205102","timestamp":1642427730,"volume":"20.51020000","buyTxId":"e31a4f82fae52b6a9459ac87e3221e2511d11d53","sellTxId":"419e75f2e858a3045403e433ef00d0ee22b1085f"}
{"index": {"_index":"spt","_id":"2565700"}}
	{"id":2565700,"type":"sell","buyer":"granddaddies","seller":"mango-juice","symbol":"SPT","quantity":"3738.158696","price":"0.00205102","timestamp":1642429326,"volume":"7.66703825","buyTxId":"e31a4f82fae52b6a9459ac87e3221e2511d11d53","sellTxId":"fc604a21db6e0b8920610357f6572fd0b93b8bdb"}
{"index": {"_index":"spt","_id":"2565748"}}
	{"id":2565748,"type":"sell","buyer":"granddaddies","seller":"brizahd","symbol":"SPT","quantity":"42.483869","price":"0.00205102","timestamp":1642429605,"volume":"0.08713526","buyTxId":"e31a4f82fae52b6a9459ac87e3221e2511d11d53","sellTxId":"f8a1bab8c862e20892fd72026d173db229c720a2"}
{"index": {"_index":"spt","_id":"2565885"}}
	{"id":2565885,"type":"sell","buyer":"granddaddies","seller":"freeztag","symbol":"SPT","quantity":"143.684328","price":"0.00205201","timestamp":1642431000,"volume":"0.29484168","buyTxId":"9bb6a58f4c957a46c454557fbc7e11d0c6d86e46","sellTxId":"377609289ab395a2f2bdd9256d510746bafe0c25"}
{"index": {"_index":"spt","_id":"2566467"}}
	{"id":2566467,"type":"sell","buyer":"pogier","seller":"dswap","symbol":"SPT","quantity":"2342","price":"0.00220000","timestamp":1642434654,"volume":"5.15240000","buyTxId":"266d316ede85f363cac0aad43423c2f328deaa0c","sellTxId":"988f3467dd31fc26dd1ce37c90ae7378f5a71e03"}
{"index": {"_index":"spt","_id":"2566497"}}
	{"id":2566497,"type":"buy","buyer":"forsakensushi","seller":"tabs1250","symbol":"SPT","quantity":"1887.947699","price":"0.00226000","timestamp":1642434747,"volume":"4.26676180","buyTxId":"426ebbfb4d5106318ddfc3f4636750363f133866","sellTxId":"fd83a98b3e3f86d85817468092426b51d8c21cbf"}
{"index": {"_index":"spt","_id":"2566498"}}
	{"id":2566498,"type":"buy","buyer":"forsakensushi","seller":"skymin","symbol":"SPT","quantity":"1840.000000","price":"0.00227000","timestamp":1642434747,"volume":"4.17680000","buyTxId":"426ebbfb4d5106318ddfc3f4636750363f133866","sellTxId":"e72eb3ea5d2add55bf5fb89395f539ce17c0679e"}
{"index": {"_index":"spt","_id":"2566499"}}
	{"id":2566499,"type":"buy","buyer":"forsakensushi","seller":"brofi-market","symbol":"SPT","quantity":"0.001687","price":"0.00227999","timestamp":1642434747,"volume":"0.00000385","buyTxId":"426ebbfb4d5106318ddfc3f4636750363f133866","sellTxId":"4fe5ab03e2fe8b1d9029287ecad07a70f7d31858"}
{"index": {"_index":"spt","_id":"2566500"}}
	{"id":2566500,"type":"buy","buyer":"forsakensushi","seller":"dhedge-drips","symbol":"SPT","quantity":"0.015483","price":"0.00227999","timestamp":1642434747,"volume":"0.00003530","buyTxId":"426ebbfb4d5106318ddfc3f4636750363f133866","sellTxId":"f55829fb8d920f02d3c71cd5e1d6ce568a680daa"}
{"index": {"_index":"spt","_id":"2566501"}}
	{"id":2566501,"type":"buy","buyer":"forsakensushi","seller":"laundrywoman","symbol":"SPT","quantity":"116272.035131","price":"0.00227999","timestamp":1642434747,"volume":"265.09907738","buyTxId":"426ebbfb4d5106318ddfc3f4636750363f133866","sellTxId":"7e127fc967c463f5f81c6511fb9b2c644b93448e"}
{"index": {"_index":"spt","_id":"2566591"}}
	{"id":2566591,"type":"sell","buyer":"granddaddies","seller":"fullcoverbetting","symbol":"SPT","quantity":"57.952043","price":"0.00220001","timestamp":1642435335,"volume":"0.12749507","buyTxId":"cb52cb4ec000a0c9d45d6ceba8638bf0bf364a52","sellTxId":"057947118146a9eaf1714ce67b69ae119c69d8f8"}
{"index": {"_index":"spt","_id":"2566660"}}
	{"id":2566660,"type":"sell","buyer":"granddaddies","seller":"brofi-market","symbol":"SPT","quantity":"0.303141","price":"0.00220001","timestamp":1642435851,"volume":"0.00066691","buyTxId":"cb52cb4ec000a0c9d45d6ceba8638bf0bf364a52","sellTxId":"d0b1e9ab278318603be59918a3441313fb135254"}
{"index": {"_index":"spt","_id":"2566671"}}
	{"id":2566671,"type":"sell","buyer":"granddaddies","seller":"decepticons","symbol":"SPT","quantity":"2446.000000","price":"0.00220001","timestamp":1642435920,"volume":"5.38122446","buyTxId":"cb52cb4ec000a0c9d45d6ceba8638bf0bf364a52","sellTxId":"d78726f9a472c926fa5c10b4dc8bc74c3fbb2faa"}
{"index": {"_index":"spt","_id":"2566969"}}
	{"id":2566969,"type":"buy","buyer":"technocrypton","seller":"tub3r0","symbol":"SPT","quantity":"1600.000000","price":"0.00209000","timestamp":1642437429,"volume":"3.34400000","buyTxId":"a745e67fc007f7acbfbb8f93fd9420e6ba6b9c25","sellTxId":"9599afe2bbf355ced40895ba63ca50b06e56c328"}
{"index": {"_index":"spt","_id":"2567045"}}
	{"id":2567045,"type":"buy","buyer":"chireerocks","seller":"tub3r0","symbol":"SPT","quantity":"562.216098","price":"0.00209000","timestamp":1642437633,"volume":"1.17503164","buyTxId":"323a916b09c6ae75ba4ed87247622d6dc9da849d","sellTxId":"9599afe2bbf355ced40895ba63ca50b06e56c328"}
{"index": {"_index":"spt","_id":"2567105"}}
	{"id":2567105,"type":"sell","buyer":"granddaddies","seller":"kasaisoul","symbol":"SPT","quantity":"0.040095","price":"0.00209001","timestamp":1642437786,"volume":"0.00008380","buyTxId":"7a50772775b0c6cab764c1d0c537418c8880b322","sellTxId":"d43f86ce148ac47255be230577ece765fcf917fc"}
{"index": {"_index":"spt","_id":"2567421"}}
	{"id":2567421,"type":"sell","buyer":"granddaddies","seller":"catomoon","symbol":"SPT","quantity":"1.592238","price":"0.00209001","timestamp":1642438395,"volume":"0.00332779","buyTxId":"7a50772775b0c6cab764c1d0c537418c8880b322","sellTxId":"ceb722e8fc1184dd1f6b1b78d746d49cca138525"}
{"index": {"_index":"spt","_id":"2567760"}}
	{"id":2567760,"type":"sell","buyer":"granddaddies","seller":"forsakensushi","symbol":"SPT","quantity":"106000.000000","price":"0.00209001","timestamp":1642439238,"volume":"221.54106000","buyTxId":"7a50772775b0c6cab764c1d0c537418c8880b322","sellTxId":"9d8f4c2d0914694bac93d74c4fc855b3892bda0c"}
{"index": {"_index":"spt","_id":"2567839"}}
	{"id":2567839,"type":"sell","buyer":"granddaddies","seller":"eghnim","symbol":"SPT","quantity":"35.854492","price":"0.00209001","timestamp":1642439382,"volume":"0.07493625","buyTxId":"7a50772775b0c6cab764c1d0c537418c8880b322","sellTxId":"1a949714fb3353141aa8c0ae23b20be8475899fa"}
{"index": {"_index":"spt","_id":"2567959"}}
	{"id":2567959,"type":"sell","buyer":"granddaddies","seller":"lazybug","symbol":"SPT","quantity":"4718.330752","price":"0.00209001","timestamp":1642439580,"volume":"9.86135845","buyTxId":"7a50772775b0c6cab764c1d0c537418c8880b322","sellTxId":"6e8d93f37b4fe2a358142709f2a439a911086fc1"}
{"index": {"_index":"spt","_id":"2568292"}}
	{"id":2568292,"type":"buy","buyer":"samarek69","seller":"kojiri","symbol":"SPT","quantity":"2.635900","price":"0.00228000","timestamp":1642440180,"volume":"0.00600985","buyTxId":"33e15a6aa3ddbb833bb5c293e0a927dae118a77a","sellTxId":"b6b28e93415612070e358224f9534cac53730ea3"}
{"index": {"_index":"spt","_id":"2568644"}}
	{"id":2568644,"type":"buy","buyer":"ahmetay","seller":"kojiri","symbol":"SPT","quantity":"171.153058","price":"0.00228000","timestamp":1642440915,"volume":"0.39022897","buyTxId":"18dd7873370ce540cc9a2299c95af25a1b0d0b27","sellTxId":"b6b28e93415612070e358224f9534cac53730ea3"}
{"index": {"_index":"spt","_id":"2568645"}}
	{"id":2568645,"type":"buy","buyer":"ahmetay","seller":"brofi-market","symbol":"SPT","quantity":"0.303141","price":"0.00228000","timestamp":1642440915,"volume":"0.00069116","buyTxId":"18dd7873370ce540cc9a2299c95af25a1b0d0b27","sellTxId":"e25f8f004cf3b13265abc6d76e4c36d66d0dfa40"}
{"index": {"_index":"spt","_id":"2568646"}}
	{"id":2568646,"type":"buy","buyer":"ahmetay","seller":"falcout","symbol":"SPT","quantity":"4254.592244","price":"0.00228000","timestamp":1642440915,"volume":"9.70047032","buyTxId":"18dd7873370ce540cc9a2299c95af25a1b0d0b27","sellTxId":"46152b0c1055fa4f495656ac869f882ba5d33c17"}
{"index": {"_index":"spt","_id":"2568749"}}
	{"id":2568749,"type":"sell","buyer":"granddaddies","seller":"asdzxc87926","symbol":"SPT","quantity":"95.607958","price":"0.00209001","timestamp":1642441191,"volume":"0.19982159","buyTxId":"7a50772775b0c6cab764c1d0c537418c8880b322","sellTxId":"7b751139b24c2aede35812cf6626b0fbc04dc733"}
{"index": {"_index":"spt","_id":"2568897"}}
	{"id":2568897,"type":"buy","buyer":"olezoom","seller":"dhedge-drips","symbol":"SPT","quantity":"0.004239","price":"0.00229997","timestamp":1642441704,"volume":"0.00000975","buyTxId":"903a0a1561a2cdb0fcb7e755c3f3d0446dcced02","sellTxId":"25fc3a64c9fc02e44b642039b5b118fc1566b952"}
{"index": {"_index":"spt","_id":"2568898"}}
	{"id":2568898,"type":"buy","buyer":"olezoom","seller":"brofi-market","symbol":"SPT","quantity":"0.165155","price":"0.00229997","timestamp":1642441704,"volume":"0.00037985","buyTxId":"903a0a1561a2cdb0fcb7e755c3f3d0446dcced02","sellTxId":"c7cf13a18cf221fc81c54d8e7dbf6af0d18164b1"}
{"index": {"_index":"spt","_id":"2568899"}}
	{"id":2568899,"type":"buy","buyer":"olezoom","seller":"brofi-market","symbol":"SPT","quantity":"1.650995","price":"0.00229999","timestamp":1642441704,"volume":"0.00379727","buyTxId":"903a0a1561a2cdb0fcb7e755c3f3d0446dcced02","sellTxId":"a31603707d1bf88966cfe1388795ead6ab422b52"}
{"index": {"_index":"spt","_id":"2568900"}}
	{"id":2568900,"type":"buy","buyer":"olezoom","seller":"themanwithnoname","symbol":"SPT","quantity":"28.614404","price":"0.00230000","timestamp":1642441704,"volume":"0.06581313","buyTxId":"903a0a1561a2cdb0fcb7e755c3f3d0446dcced02","sellTxId":"f53a4144ee3113ac0fa1751afba5ba825efbf652"}
{"index": {"_index":"spt","_id":"2569021"}}
	{"id":2569021,"type":"sell","buyer":"granddaddies","seller":"m0rph","symbol":"SPT","quantity":"72.861772","price":"0.00209001","timestamp":1642442121,"volume":"0.15228183","buyTxId":"7a50772775b0c6cab764c1d0c537418c8880b322","sellTxId":"5728e8bb2a4448b951313386232b4d10a09336e1"}
{"index": {"_index":"spt","_id":"2569026"}}
	{"id":2569026,"type":"buy","buyer":"mrwoodcat","seller":"themanwithnoname","symbol":"SPT","quantity":"302.615867","price":"0.00230000","timestamp":1642442145,"volume":"0.69601649","buyTxId":"48805e7f55bc3dbf7c5ccde8764fde8cc199ecc0","sellTxId":"f53a4144ee3113ac0fa1751afba5ba825efbf652"}
{"index": {"_index":"spt","_id":"2569165"}}
	{"id":2569165,"type":"buy","buyer":"forsakensushi","seller":"brofi-market","symbol":"SPT","quantity":"6.123052","price":"0.00230999","timestamp":1642442661,"volume":"0.01414419","buyTxId":"c76390724c5053edcee54daf934fae55ccd287c5","sellTxId":"a5cc75ea6263b69af0821f13412250bfcac51196"}
{"index": {"_index":"spt","_id":"2569166"}}
	{"id":2569166,"type":"buy","buyer":"forsakensushi","seller":"dhedge-drips","symbol":"SPT","quantity":"0.036884","price":"0.00230999","timestamp":1642442661,"volume":"0.00008520","buyTxId":"c76390724c5053edcee54daf934fae55ccd287c5","sellTxId":"e2f4b7236ac23c0400d4962702d7aa3d3b402ef4"}
{"index": {"_index":"spt","_id":"2569213"}}
	{"id":2569213,"type":"sell","buyer":"forsakensushi","seller":"dswap","symbol":"SPT","quantity":"0.035242","price":"0.00231000","timestamp":1642442805,"volume":"0.00008141","buyTxId":"c76390724c5053edcee54daf934fae55ccd287c5","sellTxId":"f65b07431db8cda00e569016030c8d717114f80d"}
{"index": {"_index":"spt","_id":"2569216"}}
	{"id":2569216,"type":"buy","buyer":"samarek69","seller":"laundrywoman","symbol":"SPT","quantity":"71.030000","price":"0.00231997","timestamp":1642442811,"volume":"0.16478747","buyTxId":"f73bb0594fe48bb794452ff70c6080cd2d007b46","sellTxId":"f17e494541b3c543a6c770ec14404b175653e2da"}
{"index": {"_index":"spt","_id":"2569601"}}
	{"id":2569601,"type":"buy","buyer":"jongolson","seller":"laundrywoman","symbol":"SPT","quantity":"1000.000000","price":"0.00231997","timestamp":1642444446,"volume":"2.31997000","buyTxId":"f336b678911a8f244874f5966555425221fc1cbc","sellTxId":"bbc6a02d0000408608ca3c1e899e4cae7bd0112c"}
{"index": {"_index":"spt","_id":"2569603"}}
	{"id":2569603,"type":"sell","buyer":"forsakensushi","seller":"kennysgaminglife","symbol":"SPT","quantity":"10.633009","price":"0.00231000","timestamp":1642444473,"volume":"0.02456225","buyTxId":"c76390724c5053edcee54daf934fae55ccd287c5","sellTxId":"3bf4edd6170788b0e205b76294cc584492bd823f"}
{"index": {"_index":"spt","_id":"2569742"}}
	{"id":2569742,"type":"sell","buyer":"forsakensushi","seller":"dhedge-drips","symbol":"SPT","quantity":"0.028419","price":"0.00231000","timestamp":1642445163,"volume":"0.00006565","buyTxId":"c76390724c5053edcee54daf934fae55ccd287c5","sellTxId":"405a78d3afe0a1a89747a81dfec4067a7ca66754"}
{"index": {"_index":"spt","_id":"2569873"}}
	{"id":2569873,"type":"buy","buyer":"forsakensushi","seller":"laundrywoman","symbol":"SPT","quantity":"15000.000000","price":"0.00231997","timestamp":1642445727,"volume":"34.79955000","buyTxId":"6dbe1ada830a5a065c84d14b7fdce0907bdfa7f0","sellTxId":"bbc6a02d0000408608ca3c1e899e4cae7bd0112c"}
{"index": {"_index":"spt","_id":"2569909"}}
	{"id":2569909,"type":"sell","buyer":"mrwoodcat","seller":"m0rph","symbol":"SPT","quantity":"16.067843","price":"0.00230000","timestamp":1642445919,"volume":"0.03695604","buyTxId":"48805e7f55bc3dbf7c5ccde8764fde8cc199ecc0","sellTxId":"b60959c92c28c3386092a73b3eea0c8e057301da"}
{"index": {"_index":"spt","_id":"2569993"}}
	{"id":2569993,"type":"buy","buyer":"forsakensushi","seller":"laundrywoman","symbol":"SPT","quantity":"5000.000000","price":"0.00231997","timestamp":1642446303,"volume":"11.59985000","buyTxId":"9399e0f5a0789e5da304446bf385ee1fc7b71f7c","sellTxId":"bbc6a02d0000408608ca3c1e899e4cae7bd0112c"}
{"index": {"_index":"spt","_id":"2570004"}}
	{"id":2570004,"type":"sell","buyer":"mrwoodcat","seller":"threesteps","symbol":"SPT","quantity":"185.093226","price":"0.00230000","timestamp":1642446381,"volume":"0.42571442","buyTxId":"48805e7f55bc3dbf7c5ccde8764fde8cc199ecc0","sellTxId":"bfc8e8d04f7750fc953fadbac5f511f70c3eb98a"}
{"index": {"_index":"spt","_id":"2570097"}}
	{"id":2570097,"type":"buy","buyer":"forsakensushi","seller":"dhedge-drips","symbol":"SPT","quantity":"0.028419","price":"0.00231997","timestamp":1642446882,"volume":"0.00006593","buyTxId":"56a56cef49940a63abc259bbdbc8694ea9034eeb","sellTxId":"eaa096920086ba1e69d9e3b62ac2c33d96f18b0f"}
{"index": {"_index":"spt","_id":"2570098"}}
	{"id":2570098,"type":"buy","buyer":"forsakensushi","seller":"underlock","symbol":"SPT","quantity":"11101.508662","price":"0.00231998","timestamp":1642446882,"volume":"25.75527807","buyTxId":"56a56cef49940a63abc259bbdbc8694ea9034eeb","sellTxId":"82a2b2d7ad625f933d37899849b150d51b42bff5"}
{"index": {"_index":"spt","_id":"2570099"}}
	{"id":2570099,"type":"buy","buyer":"forsakensushi","seller":"brofi-market","symbol":"SPT","quantity":"0.007039","price":"0.00231999","timestamp":1642446882,"volume":"0.00001633","buyTxId":"56a56cef49940a63abc259bbdbc8694ea9034eeb","sellTxId":"2634c82f2a4c9d549791741ce747ce55d3a19a62"}
{"index": {"_index":"spt","_id":"2570100"}}
	{"id":2570100,"type":"buy","buyer":"forsakensushi","seller":"dhedge-drips","symbol":"SPT","quantity":"0.026379","price":"0.00232999","timestamp":1642446882,"volume":"0.00006146","buyTxId":"56a56cef49940a63abc259bbdbc8694ea9034eeb","sellTxId":"0760e89f9054cc7872f3ff0dce3b00dbe60bc3c0"}
{"index": {"_index":"spt","_id":"2570104"}}
	{"id":2570104,"type":"buy","buyer":"forsakensushi","seller":"brofi-market","symbol":"SPT","quantity":"0.264998","price":"0.00234499","timestamp":1642446912,"volume":"0.00062142","buyTxId":"087020d047fc34ef870331326a6c8cf48807265a","sellTxId":"21e15fbdcdd60810c0106b033ac66c1c6ff7e31c"}
{"index": {"_index":"spt","_id":"2570105"}}
	{"id":2570105,"type":"buy","buyer":"forsakensushi","seller":"dhedge-drips","symbol":"SPT","quantity":"0.001209","price":"0.00234998","timestamp":1642446912,"volume":"0.00000284","buyTxId":"087020d047fc34ef870331326a6c8cf48807265a","sellTxId":"db4c0b6f207a2352a33215a2ae98e9c86c0b2263"}
{"index": {"_index":"spt","_id":"2570106"}}
	{"id":2570106,"type":"buy","buyer":"forsakensushi","seller":"laundrywoman","symbol":"SPT","quantity":"8999.733793","price":"0.00234998","timestamp":1642446912,"volume":"21.14919442","buyTxId":"087020d047fc34ef870331326a6c8cf48807265a","sellTxId":"6515574a16d5990a247f21138a6b90a8a407d2c6"}
{"index": {"_index":"spt","_id":"2570166"}}
	{"id":2570166,"type":"buy","buyer":"carlinhusss","seller":"laundrywoman","symbol":"SPT","quantity":"396.000000","price":"0.00234998","timestamp":1642447278,"volume":"0.93059208","buyTxId":"ff18c4afa71b7d6a6cf2efc93af06a3968b02616","sellTxId":"6515574a16d5990a247f21138a6b90a8a407d2c6"}
{"index": {"_index":"spt","_id":"2570274"}}
	{"id":2570274,"type":"sell","buyer":"mrwoodcat","seller":"dswap","symbol":"SPT","quantity":"379.043391","price":"0.00230000","timestamp":1642447821,"volume":"0.87179980","buyTxId":"48805e7f55bc3dbf7c5ccde8764fde8cc199ecc0","sellTxId":"ef1080fdf2f2acf639f324a9074877de598f533c"}
{"index": {"_index":"spt","_id":"2570317"}}
	{"id":2570317,"type":"sell","buyer":"mrwoodcat","seller":"carlosro","symbol":"SPT","quantity":"83.625451","price":"0.00230000","timestamp":1642448052,"volume":"0.19233854","buyTxId":"48805e7f55bc3dbf7c5ccde8764fde8cc199ecc0","sellTxId":"5b3ed11e1d759e8dc269df53dfcb6f16482a7932"}
{"index": {"_index":"spt","_id":"2570526"}}
	{"id":2570526,"type":"sell","buyer":"granddaddies","seller":"dswap","symbol":"SPT","quantity":"663.829911","price":"0.00209001","timestamp":1642449186,"volume":"1.38741115","buyTxId":"7a50772775b0c6cab764c1d0c537418c8880b322","sellTxId":"2c2d4ec4d7539e4686c4801ffbda9711edead088"}
{"index": {"_index":"spt","_id":"2570751"}}
	{"id":2570751,"type":"sell","buyer":"granddaddies","seller":"brofi-market","symbol":"SPT","quantity":"0.321806","price":"0.00209001","timestamp":1642450278,"volume":"0.00067258","buyTxId":"7a50772775b0c6cab764c1d0c537418c8880b322","sellTxId":"676f92a78913433ce0b74aaccfe18fe77f2865c2"}
{"index": {"_index":"spt","_id":"2572071"}}
	{"id":2572071,"type":"sell","buyer":"granddaddies","seller":"opinizeunltd","symbol":"SPT","quantity":"19.370000","price":"0.00210001","timestamp":1642457742,"volume":"0.04067719","buyTxId":"a9cee252e4a237d1086d6988d27ffc84d9abcb51","sellTxId":"8e959cbab85c126c336eb2eee39725b9b1d046a9"}
{"index": {"_index":"spt","_id":"2572471"}}
	{"id":2572471,"type":"sell","buyer":"granddaddies","seller":"freeztag","symbol":"SPT","quantity":"42.262543","price":"0.00210004","timestamp":1642460124,"volume":"0.08875303","buyTxId":"bfbff0dd96ac54e69c50bf17576afb9b092ad202","sellTxId":"59f88f891882c9fea29eb30c512f4d36a819b712"}
{"index": {"_index":"spt","_id":"2572541"}}
	{"id":2572541,"type":"sell","buyer":"granddaddies","seller":"he-index","symbol":"SPT","quantity":"0.058000","price":"0.00210004","timestamp":1642460526,"volume":"0.00012180","buyTxId":"bfbff0dd96ac54e69c50bf17576afb9b092ad202","sellTxId":"b00222782263a6f2ff9dac269eaa187616561b12"}
{"index": {"_index":"spt","_id":"2572775"}}
	{"id":2572775,"type":"sell","buyer":"granddaddies","seller":"cryptocopy","symbol":"SPT","quantity":"404.000000","price":"0.00210004","timestamp":1642462062,"volume":"0.84841616","buyTxId":"dc42e354a7d65142d6fad1369f57c4e04e3fb8f3","sellTxId":"bc8e5b06d35bd711551c2ed6d006cef272f96605"}
{"index": {"_index":"spt","_id":"2572922"}}
	{"id":2572922,"type":"sell","buyer":"granddaddies","seller":"manni.boii","symbol":"SPT","quantity":"0.064941","price":"0.00210004","timestamp":1642462848,"volume":"0.00013638","buyTxId":"dc42e354a7d65142d6fad1369f57c4e04e3fb8f3","sellTxId":"4ad1d4c38b19ada1ccfdca81451218ff3b5a015f"}
{"index": {"_index":"spt","_id":"2573047"}}
	{"id":2573047,"type":"sell","buyer":"granddaddies","seller":"blueberrr","symbol":"SPT","quantity":"500.000000","price":"0.00210004","timestamp":1642463637,"volume":"1.05002000","buyTxId":"dc42e354a7d65142d6fad1369f57c4e04e3fb8f3","sellTxId":"9a1d66b3070b95b294d21c247c59d0adeb9ee6c3"}
{"index": {"_index":"spt","_id":"2573122"}}
	{"id":2573122,"type":"sell","buyer":"granddaddies","seller":"libertygame27","symbol":"SPT","quantity":"4314.830000","price":"0.00210004","timestamp":1642464027,"volume":"9.06131559","buyTxId":"dc42e354a7d65142d6fad1369f57c4e04e3fb8f3","sellTxId":"c2897f2d72a7a4005811ee01af9d2f851a6dcefd"}
{"index": {"_index":"spt","_id":"2573138"}}
	{"id":2573138,"type":"buy","buyer":"successforall","seller":"greengineer","symbol":"SPT","quantity":"55.793991","price":"0.00233000","timestamp":1642464150,"volume":"0.13","buyTxId":"cbbbdf52c78d23d9f2eadc0ba6db5115b9fec782","sellTxId":"1ea347fab66e92e818447455ecbdbba987c81707"}
{"index": {"_index":"spt","_id":"2573239"}}
	{"id":2573239,"type":"sell","buyer":"granddaddies","seller":"brofi-market","symbol":"SPT","quantity":"5.933780","price":"0.00210004","timestamp":1642464831,"volume":"0.01246118","buyTxId":"dc42e354a7d65142d6fad1369f57c4e04e3fb8f3","sellTxId":"4545eba2017dfaabdac4aa67625d4ba0734bf2dd"}
{"index": {"_index":"spt","_id":"2573467"}}
	{"id":2573467,"type":"buy","buyer":"thewycher","seller":"laundrywoman","symbol":"SPT","quantity":"14.163150","price":"0.00232999","timestamp":1642466097,"volume":"0.033","buyTxId":"15200b45fae2be543789d159737817f0aed39a3f","sellTxId":"5f47d48c909a15bab8f1880579bac3dcb6ace421"}
{"index": {"_index":"spt","_id":"2573541"}}
	{"id":2573541,"type":"sell","buyer":"granddaddies","seller":"felipejoys","symbol":"SPT","quantity":"2344.312498","price":"0.00210004","timestamp":1642466553,"volume":"4.92315002","buyTxId":"dc42e354a7d65142d6fad1369f57c4e04e3fb8f3","sellTxId":"9c16b8198f288dd2559cfc053b4f0842ab4d4c0d"}
{"index": {"_index":"spt","_id":"2573577"}}
	{"id":2573577,"type":"sell","buyer":"granddaddies","seller":"dhedge-drips","symbol":"SPT","quantity":"0.040020","price":"0.00210004","timestamp":1642466811,"volume":"0.00008404","buyTxId":"dc42e354a7d65142d6fad1369f57c4e04e3fb8f3","sellTxId":"7782bc4dae3037d0d8fc7304f63353f2f400be04"}
{"index": {"_index":"spt","_id":"2573611"}}
	{"id":2573611,"type":"sell","buyer":"granddaddies","seller":"joesetsfire","symbol":"SPT","quantity":"216.161230","price":"0.00210004","timestamp":1642466973,"volume":"0.45394723","buyTxId":"dc42e354a7d65142d6fad1369f57c4e04e3fb8f3","sellTxId":"a9d7cc4146aa51fa46342660e167b595ca3c08d6"}
{"index": {"_index":"spt","_id":"2573729"}}
	{"id":2573729,"type":"sell","buyer":"granddaddies","seller":"chireerocks","symbol":"SPT","quantity":"50.770596","price":"0.00210004","timestamp":1642467657,"volume":"0.10662028","buyTxId":"dc42e354a7d65142d6fad1369f57c4e04e3fb8f3","sellTxId":"ae11fa127fe12f20a72ac9c0fc572695ee52c760"}
{"index": {"_index":"spt","_id":"2573773"}}
	{"id":2573773,"type":"buy","buyer":"chireerocks","seller":"laundrywoman","symbol":"SPT","quantity":"395.000000","price":"0.00232999","timestamp":1642467882,"volume":"0.92034605","buyTxId":"0d800f413fc4064926270bcda9853e0b77b5eea5","sellTxId":"5f47d48c909a15bab8f1880579bac3dcb6ace421"}
{"index": {"_index":"spt","_id":"2574000"}}
	{"id":2574000,"type":"sell","buyer":"granddaddies","seller":"h-t-t","symbol":"SPT","quantity":"4982.427838","price":"0.00210004","timestamp":1642469676,"volume":"10.46329776","buyTxId":"dc42e354a7d65142d6fad1369f57c4e04e3fb8f3","sellTxId":"a9a1cca786ae10e946e2f8828dd74d549ec8b537"}
{"index": {"_index":"spt","_id":"2574241"}}
	{"id":2574241,"type":"sell","buyer":"granddaddies","seller":"greengineer","symbol":"SPT","quantity":"2274.359549","price":"0.00210004","timestamp":1642471590,"volume":"4.77624603","buyTxId":"dc42e354a7d65142d6fad1369f57c4e04e3fb8f3","sellTxId":"c9c55261c28b21d447d0092c5646a0de054a4339"}
