{"index": {"_index":"spt","_id":"4069568"}}
	{"id":4069568,"type":"sell","buyer":"thewycher","seller":"dswap","symbol":"SPT","quantity":"10.340212","price":"0.00162000","timestamp":1659665985,"volume":"0.01675114","buyTxId":"8cda63561410c86421b8347dea77367ca0242c54","sellTxId":"01f934b8a37c271ada2b90e45b2ddfe2bd0a5145"}
{"index": {"_index":"spt","_id":"4069569"}}
	{"id":4069569,"type":"sell","buyer":"pjansen","seller":"dswap","symbol":"SPT","quantity":"2.911155","price":"0.00154615","timestamp":1659665985,"volume":"0.00450108","buyTxId":"af66458e1a4c5bd1b4b5979c357648fc7ae03ecc","sellTxId":"01f934b8a37c271ada2b90e45b2ddfe2bd0a5145"}
{"index": {"_index":"spt","_id":"4070046"}}
	{"id":4070046,"type":"sell","buyer":"multifurcate","seller":"themarkymark","symbol":"SPT","quantity":"20.260953","price":"0.00153706","timestamp":1659672771,"volume":"0.03114230","buyTxId":"39dbd7c1c4d840be78807f4dcb599e729c49dbbb","sellTxId":"61b2fdbaf37ad39c0d285b1585ae9a5a5ed4285f"}
{"index": {"_index":"spt","_id":"4070242"}}
	{"id":4070242,"type":"sell","buyer":"pjansen","seller":"lipe100dedos","symbol":"SPT","quantity":"60.478573","price":"0.00155423","timestamp":1659676140,"volume":"0.09399761","buyTxId":"76397cd62da1aa6a36deffccc0edb98757dfdeae","sellTxId":"4cc74e92ab0ec80b65c807f13c4a1d417e0520cf"}
{"index": {"_index":"spt","_id":"4070285"}}
	{"id":4070285,"type":"sell","buyer":"pjansen","seller":"mawit07","symbol":"SPT","quantity":"425.265207","price":"0.00156231","timestamp":1659676740,"volume":"0.66439609","buyTxId":"f68fb68fa9955feb426f4cc7eea2de49e61cb0dd","sellTxId":"67bad50903ab3c61928ee93d5998c6f14bf398f6"}
{"index": {"_index":"spt","_id":"4070923"}}
	{"id":4070923,"type":"buy","buyer":"pjansen","seller":"onlydoge","symbol":"SPT","quantity":"5683.697179","price":"0.00183700","timestamp":1659685959,"volume":"10.44095172","buyTxId":"168dcb3c8500c6a6e673fd9ca2e8f3b7ea17be3e","sellTxId":"c1d4f8ee2c8e76d575a7d619fcb875202b7d0246"}
{"index": {"_index":"spt","_id":"4070924"}}
	{"id":4070924,"type":"buy","buyer":"pjansen","seller":"imno","symbol":"SPT","quantity":"2481.709368","price":"0.00183710","timestamp":1659685959,"volume":"4.55914828","buyTxId":"168dcb3c8500c6a6e673fd9ca2e8f3b7ea17be3e","sellTxId":"cf8acf6a4b69fef2270e53ed568d2fbdacb65d75"}
{"index": {"_index":"spt","_id":"4070932"}}
	{"id":4070932,"type":"buy","buyer":"pjansen","seller":"imno","symbol":"SPT","quantity":"8165.097164","price":"0.00183710","timestamp":1659686010,"volume":"15.0001","buyTxId":"bf27caef6af00f727f39d9206c7c315f902600b7","sellTxId":"cf8acf6a4b69fef2270e53ed568d2fbdacb65d75"}
{"index": {"_index":"spt","_id":"4070972"}}
	{"id":4070972,"type":"buy","buyer":"pjansen","seller":"imno","symbol":"SPT","quantity":"1971.351961","price":"0.00183710","timestamp":1659686259,"volume":"3.62157069","buyTxId":"42b982a3d3dc996f930340dfe3d10c744f47ab99","sellTxId":"cf8acf6a4b69fef2270e53ed568d2fbdacb65d75"}
{"index": {"_index":"spt","_id":"4070973"}}
	{"id":4070973,"type":"buy","buyer":"pjansen","seller":"underlock","symbol":"SPT","quantity":"1993.595429","price":"0.00183725","timestamp":1659686259,"volume":"3.66273320","buyTxId":"42b982a3d3dc996f930340dfe3d10c744f47ab99","sellTxId":"a528d1e1d4a5e93896e0b4d6d73ae51ac9111a4e"}
{"index": {"_index":"spt","_id":"4070974"}}
	{"id":4070974,"type":"buy","buyer":"pjansen","seller":"davideazul","symbol":"SPT","quantity":"712.835724","price":"0.00183750","timestamp":1659686259,"volume":"1.30983564","buyTxId":"42b982a3d3dc996f930340dfe3d10c744f47ab99","sellTxId":"532560adaca5ea5c37a7f1df74debb815f493a44"}
{"index": {"_index":"spt","_id":"4070975"}}
	{"id":4070975,"type":"buy","buyer":"pjansen","seller":"moookiller","symbol":"SPT","quantity":"3484.530281","price":"0.00183840","timestamp":1659686259,"volume":"6.40596047","buyTxId":"42b982a3d3dc996f930340dfe3d10c744f47ab99","sellTxId":"c1e1ba82251382ebf2b53a2047be384d68beeecd"}
{"index": {"_index":"spt","_id":"4070985"}}
	{"id":4070985,"type":"buy","buyer":"pjansen","seller":"moookiller","symbol":"SPT","quantity":"8159.323324","price":"0.00183840","timestamp":1659686310,"volume":"15.0001","buyTxId":"df03511a22185a4e5b78557653e4f5841cc3ac7a","sellTxId":"c1e1ba82251382ebf2b53a2047be384d68beeecd"}
{"index": {"_index":"spt","_id":"4070988"}}
	{"id":4070988,"type":"buy","buyer":"pjansen","seller":"moookiller","symbol":"SPT","quantity":"8159.323324","price":"0.00183840","timestamp":1659686355,"volume":"15.0001","buyTxId":"11d1ead90ff44fd147c4a6f0153e678a135365fe","sellTxId":"c1e1ba82251382ebf2b53a2047be384d68beeecd"}
{"index": {"_index":"spt","_id":"4070990"}}
	{"id":4070990,"type":"buy","buyer":"pjansen","seller":"moookiller","symbol":"SPT","quantity":"8159.323324","price":"0.00183840","timestamp":1659686403,"volume":"15.0001","buyTxId":"275782755e1d68cb4d8c5c02c905040dde3c2547","sellTxId":"c1e1ba82251382ebf2b53a2047be384d68beeecd"}
{"index": {"_index":"spt","_id":"4070991"}}
	{"id":4070991,"type":"buy","buyer":"pjansen","seller":"moookiller","symbol":"SPT","quantity":"8159.323324","price":"0.00183840","timestamp":1659686454,"volume":"15.0001","buyTxId":"3715c00d69872460871ca09ef2f0c2ea6afa37e6","sellTxId":"c1e1ba82251382ebf2b53a2047be384d68beeecd"}
{"index": {"_index":"spt","_id":"4070993"}}
	{"id":4070993,"type":"buy","buyer":"pjansen","seller":"moookiller","symbol":"SPT","quantity":"8159.323324","price":"0.00183840","timestamp":1659686505,"volume":"15.0001","buyTxId":"5591dee8e8c91fa6524bedc0975a04258fbb79a1","sellTxId":"c1e1ba82251382ebf2b53a2047be384d68beeecd"}
{"index": {"_index":"spt","_id":"4070995"}}
	{"id":4070995,"type":"buy","buyer":"pjansen","seller":"moookiller","symbol":"SPT","quantity":"8159.323324","price":"0.00183840","timestamp":1659686556,"volume":"15.0001","buyTxId":"57e169332605952cfe99eb998ec04e0c6668d86c","sellTxId":"c1e1ba82251382ebf2b53a2047be384d68beeecd"}
{"index": {"_index":"spt","_id":"4071021"}}
	{"id":4071021,"type":"buy","buyer":"pjansen","seller":"yameen","symbol":"SPT","quantity":"43.164582","price":"0.00183830","timestamp":1659686799,"volume":"0.07934945","buyTxId":"a024342c209b4cb35e5fc8c9ccd04d15080bc6bb","sellTxId":"a78f2f412694d8126704ed6957caeb9447fc84ea"}
{"index": {"_index":"spt","_id":"4071022"}}
	{"id":4071022,"type":"buy","buyer":"pjansen","seller":"moookiller","symbol":"SPT","quantity":"8116.161091","price":"0.00183840","timestamp":1659686799,"volume":"14.92075055","buyTxId":"a024342c209b4cb35e5fc8c9ccd04d15080bc6bb","sellTxId":"c1e1ba82251382ebf2b53a2047be384d68beeecd"}
{"index": {"_index":"spt","_id":"4071080"}}
	{"id":4071080,"type":"sell","buyer":"pjansen","seller":"alexandrzombi","symbol":"SPT","quantity":"0.000010","price":"0.00165541","timestamp":1659687084,"volume":"0.00000002","buyTxId":"59050738c8c0f33804674515b939529694d99c4e","sellTxId":"444968131db39b7d1a3c9444d4dcf842f2eb0d8e"}
{"index": {"_index":"spt","_id":"4071084"}}
	{"id":4071084,"type":"sell","buyer":"multifurcate","seller":"dswap","symbol":"SPT","quantity":"1589.753349","price":"0.00165641","timestamp":1659687117,"volume":"2.63328334","buyTxId":"68ae69b57cd06f49753040389f6d0e9496e6ee35","sellTxId":"93a62af36c8abc07ab78922ed3ee1174bd1287ea"}
{"index": {"_index":"spt","_id":"4071194"}}
	{"id":4071194,"type":"sell","buyer":"pjansen","seller":"libertygame27","symbol":"SPT","quantity":"751.823623","price":"0.00166551","timestamp":1659688863,"volume":"1.25216976","buyTxId":"95aee8b174f2b2f8783cb8ac26fc7412313f4238","sellTxId":"b568cd942348a8472307e06e6a0ead57bbf56d5a"}
{"index": {"_index":"spt","_id":"4071201"}}
	{"id":4071201,"type":"sell","buyer":"pjansen","seller":"achim03","symbol":"SPT","quantity":"496.000000","price":"0.00166652","timestamp":1659688962,"volume":"0.82659392","buyTxId":"211152bf949452b8108060b9bf46f413a829df9f","sellTxId":"1da1560c82baaa0d3b34661904748eb9fe646247"}
{"index": {"_index":"spt","_id":"4071267"}}
	{"id":4071267,"type":"buy","buyer":"pjansen","seller":"moookiller","symbol":"SPT","quantity":"5095.742097","price":"0.00183840","timestamp":1659690054,"volume":"9.36801227","buyTxId":"d7c6a93086cf5bc0b8aacce42ca3064723808e2f","sellTxId":"c1e1ba82251382ebf2b53a2047be384d68beeecd"}
{"index": {"_index":"spt","_id":"4071268"}}
	{"id":4071268,"type":"buy","buyer":"pjansen","seller":"asparado","symbol":"SPT","quantity":"6.330255","price":"0.00183940","timestamp":1659690054,"volume":"0.01164387","buyTxId":"d7c6a93086cf5bc0b8aacce42ca3064723808e2f","sellTxId":"3084cd4355b18d1a658725e0dcd53bfad6a8585b"}
{"index": {"_index":"spt","_id":"4071269"}}
	{"id":4071269,"type":"buy","buyer":"pjansen","seller":"thecuriousfool","symbol":"SPT","quantity":"1874.819111","price":"0.00183980","timestamp":1659690054,"volume":"3.44929220","buyTxId":"d7c6a93086cf5bc0b8aacce42ca3064723808e2f","sellTxId":"623018b6e69d2172caa3c2bbcb023d645222e571"}
{"index": {"_index":"spt","_id":"4071270"}}
	{"id":4071270,"type":"buy","buyer":"pjansen","seller":"imno","symbol":"SPT","quantity":"1179.973728","price":"0.00184000","timestamp":1659690054,"volume":"2.17115166","buyTxId":"d7c6a93086cf5bc0b8aacce42ca3064723808e2f","sellTxId":"736cfed1920bb13851951b21b941f88a28461a7d"}
{"index": {"_index":"spt","_id":"4071348"}}
	{"id":4071348,"type":"buy","buyer":"pjansen","seller":"imno","symbol":"SPT","quantity":"8152.228260","price":"0.00184000","timestamp":1659691794,"volume":"15.0001","buyTxId":"ee096c85468b2a918f0d14f47c1e196e259b27f5","sellTxId":"736cfed1920bb13851951b21b941f88a28461a7d"}
{"index": {"_index":"spt","_id":"4071350"}}
	{"id":4071350,"type":"buy","buyer":"pjansen","seller":"imno","symbol":"SPT","quantity":"1582.229155","price":"0.00184000","timestamp":1659691851,"volume":"2.91130165","buyTxId":"b3bcbd859b15b41e4857768d254c96340cb002cb","sellTxId":"736cfed1920bb13851951b21b941f88a28461a7d"}
{"index": {"_index":"spt","_id":"4071351"}}
	{"id":4071351,"type":"buy","buyer":"pjansen","seller":"boeltermc","symbol":"SPT","quantity":"1972.000000","price":"0.00184000","timestamp":1659691851,"volume":"3.62848000","buyTxId":"b3bcbd859b15b41e4857768d254c96340cb002cb","sellTxId":"d54a7c9be15ca88c8289a456a2f743da73bf5b0b"}
{"index": {"_index":"spt","_id":"4071352"}}
	{"id":4071352,"type":"buy","buyer":"pjansen","seller":"noblebright","symbol":"SPT","quantity":"3109.031711","price":"0.00184000","timestamp":1659691851,"volume":"5.72061835","buyTxId":"b3bcbd859b15b41e4857768d254c96340cb002cb","sellTxId":"05e285f98b829dc37e8b7f7c79cd471eff8bc06a"}
{"index": {"_index":"spt","_id":"4071425"}}
	{"id":4071425,"type":"sell","buyer":"pjansen","seller":"sephiwolf","symbol":"SPT","quantity":"1892.379985","price":"0.00165910","timestamp":1659692784,"volume":"3.13964763","buyTxId":"b18ecbf5247e80fa35930177ddbc7828162fd016","sellTxId":"89e47312edb27c61ea7feee9333f9daac7ac52ee"}
{"index": {"_index":"spt","_id":"4071479"}}
	{"id":4071479,"type":"buy","buyer":"pjansen","seller":"bohoemerald","symbol":"SPT","quantity":"5253.799210","price":"0.00183000","timestamp":1659693843,"volume":"9.61445255","buyTxId":"1c68b97e23e743f393e0fa39a33a6891c7a68e9b","sellTxId":"5931d9069ed66de3137260675f80468091fa92c8"}
{"index": {"_index":"spt","_id":"4071480"}}
	{"id":4071480,"type":"buy","buyer":"pjansen","seller":"noblebright","symbol":"SPT","quantity":"0.025788","price":"0.00184000","timestamp":1659693843,"volume":"0.00004745","buyTxId":"1c68b97e23e743f393e0fa39a33a6891c7a68e9b","sellTxId":"05e285f98b829dc37e8b7f7c79cd471eff8bc06a"}
{"index": {"_index":"spt","_id":"4071532"}}
	{"id":4071532,"type":"sell","buyer":"pjansen","seller":"assassyn","symbol":"SPT","quantity":"1.458038","price":"0.00167234","timestamp":1659694560,"volume":"0.00243834","buyTxId":"ced618691f4abfa3b0d2090fda29a593a032b41d","sellTxId":"f0c2a50a7bd6dadd7ffe44baa0b1c098c24336c7"}
{"index": {"_index":"spt","_id":"4071553"}}
	{"id":4071553,"type":"sell","buyer":"pjansen","seller":"cryptocopy","symbol":"SPT","quantity":"2796.851142","price":"0.00167739","timestamp":1659694935,"volume":"4.69141014","buyTxId":"c16c3f69dfe559bf569e78304c2d3a7cdbcf8259","sellTxId":"5dffb4671b03b31195b22f25e1391d3ede3cd488"}
{"index": {"_index":"spt","_id":"4071554"}}
	{"id":4071554,"type":"sell","buyer":"pjansen","seller":"captainquack22","symbol":"SPT","quantity":"104","price":"0.00167840","timestamp":1659694971,"volume":"0.17455360","buyTxId":"18b0a40405549c524320fc9be6a98f652c631f31","sellTxId":"67ce9f8bb79897b708c2507d9cc3be033d17d1b1"}
{"index": {"_index":"spt","_id":"4071687"}}
	{"id":4071687,"type":"buy","buyer":"dbooster","seller":"noblebright","symbol":"SPT","quantity":"0.013837","price":"0.00184000","timestamp":1659697575,"volume":"0.00002546","buyTxId":"fbfb61b86a12878050cdf80c8c0f9c4d8050138f","sellTxId":"05e285f98b829dc37e8b7f7c79cd471eff8bc06a"}
{"index": {"_index":"spt","_id":"4071688"}}
	{"id":4071688,"type":"buy","buyer":"dbooster","seller":"muzehan","symbol":"SPT","quantity":"499.986163","price":"0.00190000","timestamp":1659697575,"volume":"0.94997371","buyTxId":"fbfb61b86a12878050cdf80c8c0f9c4d8050138f","sellTxId":"9894503cceeb3c70caa2d139c74257855ceb2e95"}
{"index": {"_index":"spt","_id":"4071697"}}
	{"id":4071697,"type":"sell","buyer":"pjansen","seller":"adal111","symbol":"SPT","quantity":"6000.000000","price":"0.00171880","timestamp":1659697716,"volume":"10.31280000","buyTxId":"6b1c3840181cb70fd9e6bc6f4be7a3561f9b38e2","sellTxId":"0302c93dc292113bfe1ca1c874b01ae6c66fdcc4"}
{"index": {"_index":"spt","_id":"4071698"}}
	{"id":4071698,"type":"sell","buyer":"multifurcate","seller":"adal111","symbol":"SPT","quantity":"163.267846","price":"0.00171879","timestamp":1659697716,"volume":"0.28062314","buyTxId":"01ceed2808996210fc344bc59df6cec6cfa7cc76","sellTxId":"0302c93dc292113bfe1ca1c874b01ae6c66fdcc4"}
{"index": {"_index":"spt","_id":"4072384"}}
	{"id":4072384,"type":"sell","buyer":"pjansen","seller":"mango-juice","symbol":"SPT","quantity":"87.961055","price":"0.00165143","timestamp":1659706011,"volume":"0.14526153","buyTxId":"52c3d67e81960e49e65c321d9d42f99485ed957a","sellTxId":"8b8f3ba4a4b7d179b33209410e5bb43a44f4cf86"}
{"index": {"_index":"spt","_id":"4072396"}}
	{"id":4072396,"type":"sell","buyer":"multifurcate","seller":"krypto.newbie","symbol":"SPT","quantity":"2392.150973","price":"0.00165445","timestamp":1659706179,"volume":"3.95769418","buyTxId":"d9c824c178e0c0510038adb6613dd301fcc22e72","sellTxId":"61db078cf89c6de75ada53f20a046ee9b20a7494"}
{"index": {"_index":"spt","_id":"4072926"}}
	{"id":4072926,"type":"sell","buyer":"pjansen","seller":"splintercell-01","symbol":"SPT","quantity":"2250.038415","price":"0.00173944","timestamp":1659713751,"volume":"3.91380682","buyTxId":"d1e0bdae94d00153f16458cb1d3788673909823b","sellTxId":"848175321c99e6e4e7768fb9c60182cf88d534d6"}
{"index": {"_index":"spt","_id":"4073154"}}
	{"id":4073154,"type":"sell","buyer":"pjansen","seller":"laritheghost","symbol":"SPT","quantity":"1.008326","price":"0.00176065","timestamp":1659716808,"volume":"0.00177531","buyTxId":"77ed80e025d75ed6e58ca7951f1b17291630c39e","sellTxId":"8d67b5fd4d763f2b169eefbf2591a4f72417c68e"}
{"index": {"_index":"spt","_id":"4073491"}}
	{"id":4073491,"type":"sell","buyer":"multifurcate","seller":"gank","symbol":"SPT","quantity":"848.561377","price":"0.00169716","timestamp":1659721443,"volume":"1.44014443","buyTxId":"acf35c8cff40db32030841aaa03b84e0c8b3cbd3","sellTxId":"d5df3df96dd7173b93162d61ade870453abb3a24"}
{"index": {"_index":"spt","_id":"4073683"}}
	{"id":4073683,"type":"buy","buyer":"druidsblood","seller":"pirulito.zoado","symbol":"SPT","quantity":"547.926149","price":"0.00189000","timestamp":1659724230,"volume":"1.03558042","buyTxId":"0ab2b8c2171f205b0652bfd3766e1aac2bfe4c7d","sellTxId":"4e902cb8b020d6d9c8ce802e2f03a0c7239a5cff"}
{"index": {"_index":"spt","_id":"4073684"}}
	{"id":4073684,"type":"buy","buyer":"druidsblood","seller":"muzehan","symbol":"SPT","quantity":"500.013837","price":"0.00190000","timestamp":1659724230,"volume":"0.95002629","buyTxId":"0ab2b8c2171f205b0652bfd3766e1aac2bfe4c7d","sellTxId":"9894503cceeb3c70caa2d139c74257855ceb2e95"}
{"index": {"_index":"spt","_id":"4073685"}}
	{"id":4073685,"type":"buy","buyer":"druidsblood","seller":"thecuriousfool","symbol":"SPT","quantity":"12.403514","price":"0.00191979","timestamp":1659724230,"volume":"0.02381214","buyTxId":"0ab2b8c2171f205b0652bfd3766e1aac2bfe4c7d","sellTxId":"f6a30dcb9e713872985caf1855b4681ef1b07bdd"}
{"index": {"_index":"spt","_id":"4073686"}}
	{"id":4073686,"type":"buy","buyer":"druidsblood","seller":"moeenali","symbol":"SPT","quantity":"2452.420845","price":"0.00191999","timestamp":1659724230,"volume":"4.70862350","buyTxId":"0ab2b8c2171f205b0652bfd3766e1aac2bfe4c7d","sellTxId":"ec3e7863fee332c512331d711554ac1b18c1b329"}
{"index": {"_index":"spt","_id":"4073687"}}
	{"id":4073687,"type":"buy","buyer":"druidsblood","seller":"exator","symbol":"SPT","quantity":"17.038736","price":"0.00199840","timestamp":1659724230,"volume":"0.03405021","buyTxId":"0ab2b8c2171f205b0652bfd3766e1aac2bfe4c7d","sellTxId":"44478926c987ee123b21dd981d1d0f1adfa9a3fb"}
{"index": {"_index":"spt","_id":"4073688"}}
	{"id":4073688,"type":"buy","buyer":"druidsblood","seller":"shinoxl","symbol":"SPT","quantity":"3457.196919","price":"0.00199900","timestamp":1659724230,"volume":"6.91093664","buyTxId":"0ab2b8c2171f205b0652bfd3766e1aac2bfe4c7d","sellTxId":"f4a213708f74a4f1da54796aa52c6fc9aa257a31"}
{"index": {"_index":"spt","_id":"4073757"}}
	{"id":4073757,"type":"buy","buyer":"he-index","seller":"shinoxl","symbol":"SPT","quantity":"12.506000","price":"0.00199900","timestamp":1659725055,"volume":"0.02499949","buyTxId":"d1c2d5da1d7bd731e2477a22e1348e14e43c9818","sellTxId":"f4a213708f74a4f1da54796aa52c6fc9aa257a31"}
{"index": {"_index":"spt","_id":"4074083"}}
	{"id":4074083,"type":"buy","buyer":"he-index","seller":"shinoxl","symbol":"SPT","quantity":"34.517000","price":"0.00199900","timestamp":1659725304,"volume":"0.06899948","buyTxId":"e9a73847a159be2c2b2a70b22c8edfd5a40de3b8","sellTxId":"f4a213708f74a4f1da54796aa52c6fc9aa257a31"}
{"index": {"_index":"spt","_id":"4074341"}}
	{"id":4074341,"type":"sell","buyer":"pjansen","seller":"tmk1974","symbol":"SPT","quantity":"1095.000000","price":"0.00176494","timestamp":1659728457,"volume":"1.93260930","buyTxId":"19ac8eee623400804e48fca5e655c20126cd8625","sellTxId":"129bb3cbd0692218a5a1d8960ea02b7a90dbb4b5"}
{"index": {"_index":"spt","_id":"4074571"}}
	{"id":4074571,"type":"sell","buyer":"pjansen","seller":"luizeba","symbol":"SPT","quantity":"6000.000000","price":"0.00177812","timestamp":1659731274,"volume":"10.66872000","buyTxId":"6e0ec247fd6e2b1dcd4bb47a3e09623cca1159d5","sellTxId":"8a424ea1b57ffce632561ed1b3c6cfcabb493210"}
{"index": {"_index":"spt","_id":"4074586"}}
	{"id":4074586,"type":"sell","buyer":"multifurcate","seller":"luizeba","symbol":"SPT","quantity":"6581.094940","price":"0.00177912","timestamp":1659731313,"volume":"11.70855763","buyTxId":"72b806309e3d7e940398a9c5035462a67daee91b","sellTxId":"cb481d2140782dd720d7f926fb3331875fa7b379"}
{"index": {"_index":"spt","_id":"4074614"}}
	{"id":4074614,"type":"sell","buyer":"multifurcate","seller":"mightyrocklee","symbol":"SPT","quantity":"1043.128091","price":"0.00177912","timestamp":1659731586,"volume":"1.85585005","buyTxId":"72b806309e3d7e940398a9c5035462a67daee91b","sellTxId":"dd93cbe4d0d639b19f5868a614f3407bcddb1b7b"}
{"index": {"_index":"spt","_id":"4074694"}}
	{"id":4074694,"type":"sell","buyer":"multifurcate","seller":"lolz.devs","symbol":"SPT","quantity":"18.405640","price":"0.00178321","timestamp":1659732516,"volume":"0.03282112","buyTxId":"6991604a223f84760d3d06e842dcfaa3c0114d65","sellTxId":"578eddf900e7bf8310b115d247be2a71406f6a0d"}
{"index": {"_index":"spt","_id":"4074743"}}
	{"id":4074743,"type":"sell","buyer":"pjansen","seller":"captaincryptic","symbol":"SPT","quantity":"0.334421","price":"0.00178524","timestamp":1659732714,"volume":"0.00059702","buyTxId":"b6619fd1ab9c42044c86a4e7a5f920d350c62642","sellTxId":"12462f8f3f48737a91d968894925f61b98aae0f5"}
{"index": {"_index":"spt","_id":"4074826"}}
	{"id":4074826,"type":"sell","buyer":"pjansen","seller":"dswap","symbol":"SPT","quantity":"85.53891","price":"0.00178322","timestamp":1659733359,"volume":"0.15253470","buyTxId":"383594fb13b140cbd28a328aa66ec948323526a1","sellTxId":"79044eec8792e4f08dc4c0f714f1374eddf0dbd2"}
{"index": {"_index":"spt","_id":"4074888"}}
	{"id":4074888,"type":"sell","buyer":"pjansen","seller":"catomoon","symbol":"SPT","quantity":"3.417811","price":"0.00178322","timestamp":1659734058,"volume":"0.00609471","buyTxId":"92fcf58286603b977b069fc8d09d4e822e8e38c3","sellTxId":"fb7a28c78137e6de1b6edf2cc8549e966cb1a114"}
{"index": {"_index":"spt","_id":"4074894"}}
	{"id":4074894,"type":"buy","buyer":"pjansen","seller":"trinitylove","symbol":"SPT","quantity":"277.500000","price":"0.00178423","timestamp":1659734097,"volume":"0.49512383","buyTxId":"bd146ada637d38f39322ab27faec2dcfd268ebed","sellTxId":"7e318aafde453ee189c333f9f154af7918d7cce6"}
{"index": {"_index":"spt","_id":"4074896"}}
	{"id":4074896,"type":"buy","buyer":"pjansen","seller":"shinoxl","symbol":"SPT","quantity":"125.694260","price":"0.00199900","timestamp":1659734106,"volume":"0.25126283","buyTxId":"df51c0f2d6d63ffed9fd99af83c01241100d284c","sellTxId":"f4a213708f74a4f1da54796aa52c6fc9aa257a31"}
{"index": {"_index":"spt","_id":"4074897"}}
	{"id":4074897,"type":"buy","buyer":"pjansen","seller":"dubble.eth","symbol":"SPT","quantity":"45.349621","price":"0.00208999","timestamp":1659734106,"volume":"0.09478025","buyTxId":"df51c0f2d6d63ffed9fd99af83c01241100d284c","sellTxId":"5a202ea0c8dc20a60f71f76e844ca2b9b8538efe"}
{"index": {"_index":"spt","_id":"4074898"}}
	{"id":4074898,"type":"buy","buyer":"pjansen","seller":"yameen","symbol":"SPT","quantity":"71.047149","price":"0.00209800","timestamp":1659734106,"volume":"0.14905692","buyTxId":"df51c0f2d6d63ffed9fd99af83c01241100d284c","sellTxId":"f4a0ff8ace4ac925f554aacc60da8040124c19de"}
{"index": {"_index":"spt","_id":"4075042"}}
	{"id":4075042,"type":"sell","buyer":"multifurcate","seller":"dswap","symbol":"SPT","quantity":"30","price":"0.00178849","timestamp":1659735918,"volume":"0.05365470","buyTxId":"c91fa794bf860d0b00f5d3d00473e68b59febdfa","sellTxId":"adcc0d250a7feb19594b97842daa6c95e732ba3d"}
{"index": {"_index":"spt","_id":"4075080"}}
	{"id":4075080,"type":"sell","buyer":"pjansen","seller":"thranax","symbol":"SPT","quantity":"122.752711","price":"0.00179052","timestamp":1659736566,"volume":"0.21979118","buyTxId":"ddc6a69adac83554219d8334e3f983eb91fb0079","sellTxId":"a6e517a6dfae0c3732174ccb0c957fa5cd821b6e"}
{"index": {"_index":"spt","_id":"4075181"}}
	{"id":4075181,"type":"sell","buyer":"pjansen","seller":"lrekt01","symbol":"SPT","quantity":"2.359193","price":"0.00179261","timestamp":1659738009,"volume":"0.00422911","buyTxId":"76ec40361ab80a77e301eb948f27d920da45f741","sellTxId":"f75b712073e3456d749cfa0d7fa1c99b8f08bde5"}
{"index": {"_index":"spt","_id":"4075217"}}
	{"id":4075217,"type":"sell","buyer":"pjansen","seller":"failingforward","symbol":"SPT","quantity":"1135.164846","price":"0.00179261","timestamp":1659738582,"volume":"2.03490785","buyTxId":"ae229086ea0d03e1bafb2c4f23ee61ea6eafd218","sellTxId":"86dbd071903ab555ddc3f17477e34c8929d56b0b"}
{"index": {"_index":"spt","_id":"4075717"}}
	{"id":4075717,"type":"sell","buyer":"thahodler","seller":"gerrybaynes","symbol":"SPT","quantity":"3.802932","price":"0.00200000","timestamp":1659745944,"volume":"0.00760586","buyTxId":"e27da72c1f760b785c4b9760f65dca570c770fb4","sellTxId":"b39b3b59fdfcbb5bbc49512b81aa2621606abe38"}
{"index": {"_index":"spt","_id":"4075935"}}
	{"id":4075935,"type":"sell","buyer":"thahodler","seller":"dswap","symbol":"SPT","quantity":"235.304067","price":"0.00200000","timestamp":1659749589,"volume":"0.47060813","buyTxId":"e27da72c1f760b785c4b9760f65dca570c770fb4","sellTxId":"155207840ba943112b156e1f2026727e23335d14"}
{"index": {"_index":"spt","_id":"4075936"}}
	{"id":4075936,"type":"sell","buyer":"pjansen","seller":"dswap","symbol":"SPT","quantity":"2997.852682","price":"0.00180021","timestamp":1659749589,"volume":"5.39676438","buyTxId":"db4a626a40cf8b46aa9fd8015032d56bcdc2c88b","sellTxId":"155207840ba943112b156e1f2026727e23335d14"}
{"index": {"_index":"spt","_id":"4076080"}}
	{"id":4076080,"type":"sell","buyer":"pjansen","seller":"evernoticethat","symbol":"SPT","quantity":"6000.000000","price":"0.00180031","timestamp":1659751842,"volume":"10.80186000","buyTxId":"c4ea1044304f35ab7a16651e83b59a37979ad690","sellTxId":"4cb7af35f899a7ca4d43fe06aeae018f1c888fb1"}
{"index": {"_index":"spt","_id":"4076081"}}
	{"id":4076081,"type":"sell","buyer":"onlydoge","seller":"evernoticethat","symbol":"SPT","quantity":"13886.574459","price":"0.00180030","timestamp":1659751842,"volume":"25.00000000","buyTxId":"1aaf3e6a904bd8433447fdeb85b32053ead2ade4","sellTxId":"4cb7af35f899a7ca4d43fe06aeae018f1c888fb1"}
{"index": {"_index":"spt","_id":"4076087"}}
	{"id":4076087,"type":"sell","buyer":"pjansen","seller":"evernoticethat","symbol":"SPT","quantity":"6000.000000","price":"0.00178345","timestamp":1659751926,"volume":"10.70070000","buyTxId":"172b9a980296784fb1b2a9cffaaa0f4f7c48c615","sellTxId":"1255857ed503b6391ead4aa1e6bff54a64b84eac"}
{"index": {"_index":"spt","_id":"4076088"}}
	{"id":4076088,"type":"sell","buyer":"asparado","seller":"evernoticethat","symbol":"SPT","quantity":"709.115908","price":"0.00178244","timestamp":1659751926,"volume":"1.26395656","buyTxId":"3cb428f6ecab6c8ee9570be5942b45ef27c5be0b","sellTxId":"1255857ed503b6391ead4aa1e6bff54a64b84eac"}
{"index": {"_index":"spt","_id":"4076089"}}
	{"id":4076089,"type":"buy","buyer":"multifurcate","seller":"evernoticethat","symbol":"SPT","quantity":"9258.856317","price":"0.00174426","timestamp":1659751938,"volume":"16.14985272","buyTxId":"0ab1d4ab1d7c5bbd789bbf11c2e80ac564749cf8","sellTxId":"1255857ed503b6391ead4aa1e6bff54a64b84eac"}
