{"index": {"_index":"spt","_id":"3632092"}}
	{"id":3632092,"type":"sell","buyer":"multifurcate","seller":"syarrf","symbol":"SPT","quantity":"2563.000000","price":"0.00203199","timestamp":1654656432,"volume":"5.20799037","buyTxId":"9849891cd057bb4a13f52ee393d3f96a6372f2e9","sellTxId":"e22fe4e3fc96b708567522fcf7fe873969ad48b6"}
{"index": {"_index":"spt","_id":"3632155"}}
	{"id":3632155,"type":"buy","buyer":"tanzil2024","seller":"onlydoge","symbol":"SPT","quantity":"577.958509","price":"0.00220000","timestamp":1654657521,"volume":"1.27150872","buyTxId":"b26a2ca75448501f04f9eb1a887c7f860f1a6549","sellTxId":"50ae66d3f31d2ff452dc5fa9da6d1138414c3fd2"}
{"index": {"_index":"spt","_id":"3632442"}}
	{"id":3632442,"type":"sell","buyer":"thewycher","seller":"eythorphoto","symbol":"SPT","quantity":"0.001763","price":"0.00203200","timestamp":1654661778,"volume":"0.00000358","buyTxId":"9cc769f7b02b3457c18498282db5184951bba4bf","sellTxId":"d32b1ecb4a7ead7b06f4413423fde10307dfbc98"}
{"index": {"_index":"spt","_id":"3632533"}}
	{"id":3632533,"type":"buy","buyer":"boycharlieplays","seller":"onlydoge","symbol":"SPT","quantity":"18.642768","price":"0.00220000","timestamp":1654662675,"volume":"0.04101409","buyTxId":"f864015a6acd0ba0cb7291832617093cb42109dd","sellTxId":"50ae66d3f31d2ff452dc5fa9da6d1138414c3fd2"}
{"index": {"_index":"spt","_id":"3632551"}}
	{"id":3632551,"type":"sell","buyer":"thewycher","seller":"mawit07","symbol":"SPT","quantity":"499.998236","price":"0.00203200","timestamp":1654662984,"volume":"1.01599642","buyTxId":"9cc769f7b02b3457c18498282db5184951bba4bf","sellTxId":"1c61c04df9bf5fe673b17a91136b708055856b07"}
{"index": {"_index":"spt","_id":"3632552"}}
	{"id":3632552,"type":"sell","buyer":"thewycher","seller":"mawit07","symbol":"SPT","quantity":"184.222441","price":"0.00203200","timestamp":1654662984,"volume":"0.37434000","buyTxId":"61059bd089a1db4165f9e8924acea1d7c123f8c9","sellTxId":"1c61c04df9bf5fe673b17a91136b708055856b07"}
{"index": {"_index":"spt","_id":"3632719"}}
	{"id":3632719,"type":"sell","buyer":"thewycher","seller":"kafrul","symbol":"SPT","quantity":"19.127507","price":"0.00203200","timestamp":1654665825,"volume":"0.03886709","buyTxId":"61059bd089a1db4165f9e8924acea1d7c123f8c9","sellTxId":"895063564240fd23dccf0f446c7813ee17f9fec6"}
{"index": {"_index":"spt","_id":"3632812"}}
	{"id":3632812,"type":"sell","buyer":"thewycher","seller":"boycharlieplays","symbol":"SPT","quantity":"18.642768","price":"0.00203200","timestamp":1654666752,"volume":"0.03788210","buyTxId":"61059bd089a1db4165f9e8924acea1d7c123f8c9","sellTxId":"ca2f78f9ce83274f8e8adbd577c04b57d1e76653"}
{"index": {"_index":"spt","_id":"3632851"}}
	{"id":3632851,"type":"sell","buyer":"multifurcate","seller":"splinter100dedos","symbol":"SPT","quantity":"34.445955","price":"0.00203199","timestamp":1654667124,"volume":"0.06999384","buyTxId":"9849891cd057bb4a13f52ee393d3f96a6372f2e9","sellTxId":"578eb39f8ebd9027eff6ae8c29ee3f07ca8a6717"}
{"index": {"_index":"spt","_id":"3632912"}}
	{"id":3632912,"type":"sell","buyer":"multifurcate","seller":"khazrakh","symbol":"SPT","quantity":"585.161949","price":"0.00203199","timestamp":1654667748,"volume":"1.18904323","buyTxId":"a2357293e222d61ef9153b62df373f0b6f188802","sellTxId":"125bdc3d0ef023f127f0cc6823a52c546a0e06c3"}
{"index": {"_index":"spt","_id":"3633213"}}
	{"id":3633213,"type":"sell","buyer":"multifurcate","seller":"lipe100dedos","symbol":"SPT","quantity":"101.096360","price":"0.00203199","timestamp":1654672383,"volume":"0.20542679","buyTxId":"a2357293e222d61ef9153b62df373f0b6f188802","sellTxId":"b2b3b5296898edbd34bf8a9972306089d9da6c31"}
{"index": {"_index":"spt","_id":"3633237"}}
	{"id":3633237,"type":"sell","buyer":"multifurcate","seller":"helpyou","symbol":"SPT","quantity":"82.060938","price":"0.00203199","timestamp":1654672635,"volume":"0.16674701","buyTxId":"a2357293e222d61ef9153b62df373f0b6f188802","sellTxId":"05e4c4af8f773c1ed9a0c6bfb06b8f9cabf1a91f"}
{"index": {"_index":"spt","_id":"3633392"}}
	{"id":3633392,"type":"sell","buyer":"multifurcate","seller":"jnn10","symbol":"SPT","quantity":"0.112111","price":"0.00203199","timestamp":1654674396,"volume":"0.00022781","buyTxId":"a2357293e222d61ef9153b62df373f0b6f188802","sellTxId":"25b8e18b152a13570478ee3daa2ceb011a8fd56f"}
{"index": {"_index":"spt","_id":"3633577"}}
	{"id":3633577,"type":"buy","buyer":"psychkrhoz","seller":"onlydoge","symbol":"SPT","quantity":"2258.046316","price":"0.00220000","timestamp":1654677006,"volume":"4.96770190","buyTxId":"fd993b66e7e9eeade8eb9c37d18a4106f09f910d","sellTxId":"50ae66d3f31d2ff452dc5fa9da6d1138414c3fd2"}
{"index": {"_index":"spt","_id":"3633578"}}
	{"id":3633578,"type":"buy","buyer":"psychkrhoz","seller":"abcor","symbol":"SPT","quantity":"1595.839070","price":"0.00220000","timestamp":1654677006,"volume":"3.51084595","buyTxId":"fd993b66e7e9eeade8eb9c37d18a4106f09f910d","sellTxId":"76fab443be01a34699b5a2027a1dddd622b9eed7"}
{"index": {"_index":"spt","_id":"3633685"}}
	{"id":3633685,"type":"sell","buyer":"multifurcate","seller":"achim03","symbol":"SPT","quantity":"2923.000000","price":"0.00203199","timestamp":1654678647,"volume":"5.93950677","buyTxId":"a2357293e222d61ef9153b62df373f0b6f188802","sellTxId":"45770867ae00d20313453a493b3c6eadf5396f40"}
{"index": {"_index":"spt","_id":"3633853"}}
	{"id":3633853,"type":"sell","buyer":"multifurcate","seller":"alexandrzombi","symbol":"SPT","quantity":"0.411785","price":"0.00203199","timestamp":1654680699,"volume":"0.00083674","buyTxId":"a2357293e222d61ef9153b62df373f0b6f188802","sellTxId":"a8f9b0dece1c08990d001872096106037b6f0289"}
{"index": {"_index":"spt","_id":"3633901"}}
	{"id":3633901,"type":"sell","buyer":"multifurcate","seller":"themarkymark","symbol":"SPT","quantity":"4.357754","price":"0.00203199","timestamp":1654681398,"volume":"0.00885491","buyTxId":"a2357293e222d61ef9153b62df373f0b6f188802","sellTxId":"d283b300fad4beb139bd48a7b0ec384d8ff3910f"}
{"index": {"_index":"spt","_id":"3634223"}}
	{"id":3634223,"type":"sell","buyer":"multifurcate","seller":"mightyrocklee","symbol":"SPT","quantity":"3441.022433","price":"0.00204100","timestamp":1654686042,"volume":"7.02312679","buyTxId":"06ac4b6bde49e1b1e5cdad4668ee96b872f8618d","sellTxId":"899e36a9c9f81100fb3f96c79c47e4872fab1eb5"}
{"index": {"_index":"spt","_id":"3634403"}}
	{"id":3634403,"type":"sell","buyer":"onlydoge","seller":"felipejoys","symbol":"SPT","quantity":"2465.517988","price":"0.00205000","timestamp":1654688082,"volume":"5.05431188","buyTxId":"12426e6f3e6f04f4f6239f4c6fdab78f0779bec0","sellTxId":"d6d9da7ec91b97a3211ce256e9759831aa4c561e"}
{"index": {"_index":"spt","_id":"3634424"}}
	{"id":3634424,"type":"buy","buyer":"pjansen","seller":"abcor","symbol":"SPT","quantity":"508.545454","price":"0.00220000","timestamp":1654688340,"volume":"1.1188","buyTxId":"3254d07a45123c4f134f5631a982a94233292651","sellTxId":"76fab443be01a34699b5a2027a1dddd622b9eed7"}
{"index": {"_index":"spt","_id":"3634683"}}
	{"id":3634683,"type":"buy","buyer":"dbooster","seller":"onlydoge","symbol":"SPT","quantity":"500.000000","price":"0.00219000","timestamp":1654691181,"volume":"1.09500000","buyTxId":"50b57fdf3532e5cd11458b01a725a11c00c8fd5b","sellTxId":"be5ef56195b6cd60c7dc9d0c35e477298e58fad5"}
{"index": {"_index":"spt","_id":"3634788"}}
	{"id":3634788,"type":"buy","buyer":"pjansen","seller":"onlydoge","symbol":"SPT","quantity":"598.310502","price":"0.00219000","timestamp":1654692255,"volume":"1.3103","buyTxId":"891ab751c813b2d4e9942b5da00514bd4d583c52","sellTxId":"be5ef56195b6cd60c7dc9d0c35e477298e58fad5"}
{"index": {"_index":"spt","_id":"3634821"}}
	{"id":3634821,"type":"sell","buyer":"multifurcate","seller":"dedoverde","symbol":"SPT","quantity":"989.390998","price":"0.00205100","timestamp":1654692549,"volume":"2.02924094","buyTxId":"d1375d57bd4c4f0fe3f19928bcf0ebe72876efbd","sellTxId":"cca462d68b9da3fd96a607147be3eb7aaf738660"}
{"index": {"_index":"spt","_id":"3635635"}}
	{"id":3635635,"type":"sell","buyer":"thewycher","seller":"noblebright","symbol":"SPT","quantity":"499.999999","price":"0.00205101","timestamp":1654701708,"volume":"1.02550500","buyTxId":"7042e457fc3c9b4bae7069d39e4dec97bd20d2e6","sellTxId":"fa09b0dca32f274b3bde322ccdc74abc8b0b69a9"}
{"index": {"_index":"spt","_id":"3635636"}}
	{"id":3635636,"type":"sell","buyer":"thewycher","seller":"noblebright","symbol":"SPT","quantity":"499.999999","price":"0.00205101","timestamp":1654701708,"volume":"1.02550500","buyTxId":"6775b38a0ec16c0d3032d5cc83557791d4ae01bf","sellTxId":"fa09b0dca32f274b3bde322ccdc74abc8b0b69a9"}
{"index": {"_index":"spt","_id":"3635637"}}
	{"id":3635637,"type":"sell","buyer":"thewycher","seller":"noblebright","symbol":"SPT","quantity":"499.999999","price":"0.00205101","timestamp":1654701708,"volume":"1.02550500","buyTxId":"7641028a1a4ae7f3f0e72b6e86ca9f3e25f39e36","sellTxId":"fa09b0dca32f274b3bde322ccdc74abc8b0b69a9"}
{"index": {"_index":"spt","_id":"3635638"}}
	{"id":3635638,"type":"sell","buyer":"thewycher","seller":"noblebright","symbol":"SPT","quantity":"499.999999","price":"0.00205101","timestamp":1654701708,"volume":"1.02550500","buyTxId":"9452e843facd608ce548c532a427ef6c7687d5b2","sellTxId":"fa09b0dca32f274b3bde322ccdc74abc8b0b69a9"}
{"index": {"_index":"spt","_id":"3635639"}}
	{"id":3635639,"type":"sell","buyer":"thewycher","seller":"noblebright","symbol":"SPT","quantity":"208.171353","price":"0.00205101","timestamp":1654701708,"volume":"0.42696153","buyTxId":"2d1989004feebe5f37b84a10cbac744b641365b8","sellTxId":"fa09b0dca32f274b3bde322ccdc74abc8b0b69a9"}
{"index": {"_index":"spt","_id":"3635674"}}
	{"id":3635674,"type":"buy","buyer":"evernoticethat","seller":"onlydoge","symbol":"SPT","quantity":"601.463808","price":"0.00219000","timestamp":1654702035,"volume":"1.31720574","buyTxId":"ff10a110f94af468b4e2389c2b422d8588792167","sellTxId":"be5ef56195b6cd60c7dc9d0c35e477298e58fad5"}
{"index": {"_index":"spt","_id":"3635763"}}
	{"id":3635763,"type":"sell","buyer":"thewycher","seller":"lrekt01","symbol":"SPT","quantity":"0.896142","price":"0.00205101","timestamp":1654702920,"volume":"0.00183800","buyTxId":"2d1989004feebe5f37b84a10cbac744b641365b8","sellTxId":"fd38285e27f97ae9a3648ceb676c4492f29547a2"}
{"index": {"_index":"spt","_id":"3636892"}}
	{"id":3636892,"type":"buy","buyer":"jongolson","seller":"onlydoge","symbol":"SPT","quantity":"765.743678","price":"0.00219000","timestamp":1654712895,"volume":"1.67697865","buyTxId":"1c84829b36e0f2e70cd4230bc73180e9baaf7b95","sellTxId":"be5ef56195b6cd60c7dc9d0c35e477298e58fad5"}
{"index": {"_index":"spt","_id":"3636893"}}
	{"id":3636893,"type":"buy","buyer":"jongolson","seller":"abcor","symbol":"SPT","quantity":"234.256322","price":"0.00220000","timestamp":1654712895,"volume":"0.51536391","buyTxId":"1c84829b36e0f2e70cd4230bc73180e9baaf7b95","sellTxId":"76fab443be01a34699b5a2027a1dddd622b9eed7"}
{"index": {"_index":"spt","_id":"3637254"}}
	{"id":3637254,"type":"sell","buyer":"thewycher","seller":"catomoon","symbol":"SPT","quantity":"3.291918","price":"0.00205101","timestamp":1654717284,"volume":"0.00675176","buyTxId":"2d1989004feebe5f37b84a10cbac744b641365b8","sellTxId":"a53693517c5f1b5dcf6b6721fa328d97be1b99b1"}
{"index": {"_index":"spt","_id":"3637355"}}
	{"id":3637355,"type":"buy","buyer":"prapledragon","seller":"abcor","symbol":"SPT","quantity":"90.000000","price":"0.00220000","timestamp":1654718157,"volume":"0.19800000","buyTxId":"ac2dbf9b38cbd78faab09e1ed155c1895599a518","sellTxId":"76fab443be01a34699b5a2027a1dddd622b9eed7"}
{"index": {"_index":"spt","_id":"3637401"}}
	{"id":3637401,"type":"sell","buyer":"thewycher","seller":"hiveinvest","symbol":"SPT","quantity":"271.469213","price":"0.00205101","timestamp":1654718640,"volume":"0.55678607","buyTxId":"2d1989004feebe5f37b84a10cbac744b641365b8","sellTxId":"39c792504e996adc66cfc56af2acb4021f785845"}
{"index": {"_index":"spt","_id":"3637725"}}
	{"id":3637725,"type":"sell","buyer":"thewycher","seller":"faquan","symbol":"SPT","quantity":"16.171373","price":"0.00205101","timestamp":1654721394,"volume":"0.03316764","buyTxId":"2d1989004feebe5f37b84a10cbac744b641365b8","sellTxId":"4248ba2c2d2b5e46620516bd61e625461f535819"}
{"index": {"_index":"spt","_id":"3637726"}}
	{"id":3637726,"type":"sell","buyer":"thewycher","seller":"faquan","symbol":"SPT","quantity":"7.221730","price":"0.00205101","timestamp":1654721394,"volume":"0.01481184","buyTxId":"d76f1b3cce2b84bf32f746f36e942d7df13a7db5","sellTxId":"4248ba2c2d2b5e46620516bd61e625461f535819"}
{"index": {"_index":"spt","_id":"3637782"}}
	{"id":3637782,"type":"sell","buyer":"thewycher","seller":"splinter100dedos","symbol":"SPT","quantity":"492.778269","price":"0.00205101","timestamp":1654722192,"volume":"1.01069316","buyTxId":"d76f1b3cce2b84bf32f746f36e942d7df13a7db5","sellTxId":"4b053e980c66058e43f1a17ef6edf756ad7d0191"}
{"index": {"_index":"spt","_id":"3637783"}}
	{"id":3637783,"type":"sell","buyer":"thewycher","seller":"splinter100dedos","symbol":"SPT","quantity":"499.999999","price":"0.00205101","timestamp":1654722192,"volume":"1.02550500","buyTxId":"546c23cbf475864e808b4321c8f3144fe922073c","sellTxId":"4b053e980c66058e43f1a17ef6edf756ad7d0191"}
{"index": {"_index":"spt","_id":"3637784"}}
	{"id":3637784,"type":"sell","buyer":"thewycher","seller":"splinter100dedos","symbol":"SPT","quantity":"499.999999","price":"0.00205101","timestamp":1654722192,"volume":"1.02550500","buyTxId":"47817a51eee03bb5898f5bf70b38248c6f2eff2b","sellTxId":"4b053e980c66058e43f1a17ef6edf756ad7d0191"}
{"index": {"_index":"spt","_id":"3637785"}}
	{"id":3637785,"type":"sell","buyer":"thewycher","seller":"splinter100dedos","symbol":"SPT","quantity":"242.229620","price":"0.00205101","timestamp":1654722192,"volume":"0.49681537","buyTxId":"0ed9005033deaa0e9b59967ea2be5499cd52cb3f","sellTxId":"4b053e980c66058e43f1a17ef6edf756ad7d0191"}
{"index": {"_index":"spt","_id":"3638835"}}
	{"id":3638835,"type":"sell","buyer":"multifurcate","seller":"teteuzinho","symbol":"SPT","quantity":"500","price":"0.00206100","timestamp":1654732839,"volume":"1.03050000","buyTxId":"14bc3737f7377d3305d76c33a9be83b65a9eac18","sellTxId":"924c8653a28b6f0f47af0e2fa1582249e06e2cc8"}
{"index": {"_index":"spt","_id":"3638909"}}
	{"id":3638909,"type":"sell","buyer":"multifurcate","seller":"teteuzinho","symbol":"SPT","quantity":"500","price":"0.00206100","timestamp":1654732893,"volume":"1.03050000","buyTxId":"14bc3737f7377d3305d76c33a9be83b65a9eac18","sellTxId":"717fff3ffcd4f125536360d45e841afba5b9caed"}
{"index": {"_index":"spt","_id":"3639047"}}
	{"id":3639047,"type":"sell","buyer":"multifurcate","seller":"teteuzinho","symbol":"SPT","quantity":"3047.624599","price":"0.00206100","timestamp":1654734099,"volume":"6.28115430","buyTxId":"14bc3737f7377d3305d76c33a9be83b65a9eac18","sellTxId":"abd1bf50a7191fdeb515d963b396567829e77083"}
{"index": {"_index":"spt","_id":"3639373"}}
	{"id":3639373,"type":"buy","buyer":"pjansen","seller":"underlock","symbol":"SPT","quantity":"439.452402","price":"0.00219975","timestamp":1654737228,"volume":"0.96668542","buyTxId":"554c8986316e9657c134578e6dc957e969365708","sellTxId":"7d2d90e5fffec84f2fd277f59d41203f77276960"}
{"index": {"_index":"spt","_id":"3639374"}}
	{"id":3639374,"type":"buy","buyer":"pjansen","seller":"underlock","symbol":"SPT","quantity":"998.000000","price":"0.00219981","timestamp":1654737228,"volume":"2.19541038","buyTxId":"554c8986316e9657c134578e6dc957e969365708","sellTxId":"5605f69e98d35c27120179c71a4cab5efde5a362"}
{"index": {"_index":"spt","_id":"3639375"}}
	{"id":3639375,"type":"buy","buyer":"pjansen","seller":"underlock","symbol":"SPT","quantity":"835.448974","price":"0.00219990","timestamp":1654737228,"volume":"1.83790420","buyTxId":"554c8986316e9657c134578e6dc957e969365708","sellTxId":"991e83f779a313dc05f4bab1ed255323d8922cea"}
{"index": {"_index":"spt","_id":"3639379"}}
	{"id":3639379,"type":"buy","buyer":"pjansen","seller":"underlock","symbol":"SPT","quantity":"162.551026","price":"0.00219990","timestamp":1654737270,"volume":"0.35759600","buyTxId":"8a38a3bb80808e2e691adb392a26dfcace2286e8","sellTxId":"991e83f779a313dc05f4bab1ed255323d8922cea"}
{"index": {"_index":"spt","_id":"3639380"}}
	{"id":3639380,"type":"buy","buyer":"pjansen","seller":"abcor","symbol":"SPT","quantity":"531.297828","price":"0.00220000","timestamp":1654737270,"volume":"1.16885522","buyTxId":"8a38a3bb80808e2e691adb392a26dfcace2286e8","sellTxId":"76fab443be01a34699b5a2027a1dddd622b9eed7"}
{"index": {"_index":"spt","_id":"3639381"}}
	{"id":3639381,"type":"buy","buyer":"pjansen","seller":"shinoxl","symbol":"SPT","quantity":"28.485670","price":"0.00220900","timestamp":1654737270,"volume":"0.06292485","buyTxId":"8a38a3bb80808e2e691adb392a26dfcace2286e8","sellTxId":"d7ce29ef487bf11ae8c835781b5afc80ce0b1b68"}
{"index": {"_index":"spt","_id":"3639382"}}
	{"id":3639382,"type":"buy","buyer":"pjansen","seller":"bilidrg","symbol":"SPT","quantity":"0.010597","price":"0.00225800","timestamp":1654737270,"volume":"0.00002393","buyTxId":"8a38a3bb80808e2e691adb392a26dfcace2286e8","sellTxId":"420fb142f5c3eeb34a2b7ca2c22707c4877ed141"}
{"index": {"_index":"spt","_id":"3639402"}}
	{"id":3639402,"type":"sell","buyer":"multifurcate","seller":"dswap","symbol":"SPT","quantity":"2332.427805","price":"0.00207100","timestamp":1654737573,"volume":"4.83045798","buyTxId":"24f67c8e2fe5252df3355bdaf3600aff9a44abb9","sellTxId":"2abc7de066bc5b0712550f536e5aa736c2705594"}
{"index": {"_index":"spt","_id":"3639431"}}
	{"id":3639431,"type":"sell","buyer":"multifurcate","seller":"spongebob27","symbol":"SPT","quantity":"2396.771515","price":"0.00207100","timestamp":1654738110,"volume":"4.96371381","buyTxId":"24f67c8e2fe5252df3355bdaf3600aff9a44abb9","sellTxId":"e968d0fbd0aaaf732c6660433ddb8219b5a7dd70"}
{"index": {"_index":"spt","_id":"3639679"}}
	{"id":3639679,"type":"sell","buyer":"multifurcate","seller":"chireerocks","symbol":"SPT","quantity":"842.252609","price":"0.00208100","timestamp":1654740270,"volume":"1.75272768","buyTxId":"de8973f51abf55ddb1864f3ae42db2774fdc60b0","sellTxId":"d285b55e79edde020c4099e6b030f39955839f6c"}
