{"index": {"_index":"spt","_id":"2357095"}}
	{"id":2357095,"type":"sell","buyer":"torran","seller":"thahodler","symbol":"SPT","quantity":"100.000000","price":"0.00280000","timestamp":1640234001,"volume":"0.28000000","buyTxId":"d2ebc72c61eb408005086156269fda97dbf345b1","sellTxId":"fff55b50cfa8a1e28649b697f674daba4140d325"}
{"index": {"_index":"spt","_id":"2357096"}}
	{"id":2357096,"type":"sell","buyer":"granddaddies","seller":"thahodler","symbol":"SPT","quantity":"1349.424794","price":"0.00270001","timestamp":1640234001,"volume":"3.64346044","buyTxId":"648d356de983d74ec0833a85c33a65eca6a8ed77","sellTxId":"fff55b50cfa8a1e28649b697f674daba4140d325"}
{"index": {"_index":"spt","_id":"2357131"}}
	{"id":2357131,"type":"sell","buyer":"granddaddies","seller":"roguecrane","symbol":"SPT","quantity":"0.515757","price":"0.00270001","timestamp":1640234406,"volume":"0.00139255","buyTxId":"648d356de983d74ec0833a85c33a65eca6a8ed77","sellTxId":"ecd88fc8fc99f0c996f1ab4f60c6a7309f598eea"}
{"index": {"_index":"spt","_id":"2357192"}}
	{"id":2357192,"type":"sell","buyer":"granddaddies","seller":"he-index","symbol":"SPT","quantity":"0.037000","price":"0.00270001","timestamp":1640235726,"volume":"0.00009990","buyTxId":"648d356de983d74ec0833a85c33a65eca6a8ed77","sellTxId":"9ab536aefc2e1d95cd239a6f2fffc80a0cba6112"}
{"index": {"_index":"spt","_id":"2357495"}}
	{"id":2357495,"type":"sell","buyer":"torran","seller":"edgerik","symbol":"SPT","quantity":"0.421056","price":"0.00280000","timestamp":1640239953,"volume":"0.00117896","buyTxId":"fa7f9ded31a601002962cde1a39afb7bf020ee58","sellTxId":"99ac3494698d0e2473534e6480a4c69d96129956"}
{"index": {"_index":"spt","_id":"2357523"}}
	{"id":2357523,"type":"sell","buyer":"torran","seller":"eforucom","symbol":"SPT","quantity":"7.635442","price":"0.00280000","timestamp":1640240160,"volume":"0.02137924","buyTxId":"fa7f9ded31a601002962cde1a39afb7bf020ee58","sellTxId":"b029c9f7e21f442c94767fb4eba20d8a6a7eb318"}
{"index": {"_index":"spt","_id":"2357657"}}
	{"id":2357657,"type":"sell","buyer":"torran","seller":"operahoser","symbol":"SPT","quantity":"6.594563","price":"0.00280000","timestamp":1640241246,"volume":"0.01846478","buyTxId":"fa7f9ded31a601002962cde1a39afb7bf020ee58","sellTxId":"209f466cc1816c845084b5e46d72bd8a25d8db42"}
{"index": {"_index":"spt","_id":"2357727"}}
	{"id":2357727,"type":"buy","buyer":"jnn10","seller":"laundrywoman","symbol":"SPT","quantity":"0.053375","price":"0.00299949","timestamp":1640242110,"volume":"0.00016010","buyTxId":"8ff08959fc25ee1de64ea56b04b5b13ab257fb59","sellTxId":"abb421d0b6c9251f7788b178734f2982101d3a3b"}
{"index": {"_index":"spt","_id":"2357763"}}
	{"id":2357763,"type":"sell","buyer":"torran","seller":"dswap","symbol":"SPT","quantity":"49.131998","price":"0.00280000","timestamp":1640242416,"volume":"0.13756959","buyTxId":"fa7f9ded31a601002962cde1a39afb7bf020ee58","sellTxId":"b6f73093485c12e05c83f066bd7ddac3b5e7ba59"}
{"index": {"_index":"spt","_id":"2357886"}}
	{"id":2357886,"type":"buy","buyer":"holovision.cash","seller":"laundrywoman","symbol":"SPT","quantity":"20.000000","price":"0.00299949","timestamp":1640243943,"volume":"0.05998980","buyTxId":"0c549565679c615bb5ff73a3585da96fd02bf035","sellTxId":"abb421d0b6c9251f7788b178734f2982101d3a3b"}
{"index": {"_index":"spt","_id":"2358213"}}
	{"id":2358213,"type":"sell","buyer":"torran","seller":"eksis1234","symbol":"SPT","quantity":"1.608429","price":"0.00280000","timestamp":1640246958,"volume":"0.00450360","buyTxId":"fa7f9ded31a601002962cde1a39afb7bf020ee58","sellTxId":"44e5d036bfb0dd7f988decb6ac71e8a32d9552de"}
{"index": {"_index":"spt","_id":"2358383"}}
	{"id":2358383,"type":"sell","buyer":"torran","seller":"assasin","symbol":"SPT","quantity":"934.608512","price":"0.00280000","timestamp":1640248776,"volume":"2.61690383","buyTxId":"fa7f9ded31a601002962cde1a39afb7bf020ee58","sellTxId":"6558b83fb1ac7663b42655dae10d442bca9c07c6"}
{"index": {"_index":"spt","_id":"2358384"}}
	{"id":2358384,"type":"sell","buyer":"torran","seller":"assasin","symbol":"SPT","quantity":"4.000000","price":"0.00280000","timestamp":1640248776,"volume":"0.01120000","buyTxId":"f53f7a8563bcf085442b7e85cdd4fe094c5e0104","sellTxId":"6558b83fb1ac7663b42655dae10d442bca9c07c6"}
{"index": {"_index":"spt","_id":"2358385"}}
	{"id":2358385,"type":"sell","buyer":"torran","seller":"assasin","symbol":"SPT","quantity":"1382.305819","price":"0.00280000","timestamp":1640248776,"volume":"3.87045629","buyTxId":"a8d3e41f09848e845dc2f55f36227c9c31aa4c55","sellTxId":"6558b83fb1ac7663b42655dae10d442bca9c07c6"}
{"index": {"_index":"spt","_id":"2358860"}}
	{"id":2358860,"type":"sell","buyer":"torran","seller":"mercurial9","symbol":"SPT","quantity":"208.538307","price":"0.00280000","timestamp":1640254140,"volume":"0.58390726","buyTxId":"a8d3e41f09848e845dc2f55f36227c9c31aa4c55","sellTxId":"7b0e9f3c85bdd75c8fa0e8243ee379f51d5b03ff"}
{"index": {"_index":"spt","_id":"2359314"}}
	{"id":2359314,"type":"sell","buyer":"torran","seller":"mango-juice","symbol":"SPT","quantity":"140.262598","price":"0.00280000","timestamp":1640258955,"volume":"0.39273527","buyTxId":"a8d3e41f09848e845dc2f55f36227c9c31aa4c55","sellTxId":"1cc580b88ca80e695035e9b05eab3e7437728051"}
{"index": {"_index":"spt","_id":"2359413"}}
	{"id":2359413,"type":"sell","buyer":"torran","seller":"egistar","symbol":"SPT","quantity":"848","price":"0.00280000","timestamp":1640259837,"volume":"2.37440000","buyTxId":"a8d3e41f09848e845dc2f55f36227c9c31aa4c55","sellTxId":"b30e5a6937852d6e26d720f21d978358bdfc54a3"}
{"index": {"_index":"spt","_id":"2359542"}}
	{"id":2359542,"type":"sell","buyer":"torran","seller":"brianhuang","symbol":"SPT","quantity":"0.001736","price":"0.00280000","timestamp":1640261088,"volume":"0.00000486","buyTxId":"a8d3e41f09848e845dc2f55f36227c9c31aa4c55","sellTxId":"a89881bc8e8f17bd1aed5930c92124685d441b95"}
{"index": {"_index":"spt","_id":"2359595"}}
	{"id":2359595,"type":"sell","buyer":"torran","seller":"jazzy09","symbol":"SPT","quantity":"516.891539","price":"0.00280000","timestamp":1640261235,"volume":"1.44729631","buyTxId":"a8d3e41f09848e845dc2f55f36227c9c31aa4c55","sellTxId":"afdfb5489bfccdbbd917d61dc640b208b3f68798"}
{"index": {"_index":"spt","_id":"2359751"}}
	{"id":2359751,"type":"sell","buyer":"granddaddies","seller":"mind-ctrl","symbol":"SPT","quantity":"12.480000","price":"0.00261001","timestamp":1640263230,"volume":"0.03257292","buyTxId":"c263ae2db36b7e64b7b78ca286f23ba2a5ec5f7b","sellTxId":"9347c35dcf4d71737b784b8788247efb28b1e6d1"}
{"index": {"_index":"spt","_id":"2359964"}}
	{"id":2359964,"type":"sell","buyer":"granddaddies","seller":"deceth","symbol":"SPT","quantity":"106.238890","price":"0.00261001","timestamp":1640264961,"volume":"0.27728457","buyTxId":"c263ae2db36b7e64b7b78ca286f23ba2a5ec5f7b","sellTxId":"2b5f73f95d83da4f3d56cd29eb980c2661dfe550"}
{"index": {"_index":"spt","_id":"2360751"}}
	{"id":2360751,"type":"sell","buyer":"granddaddies","seller":"underlock","symbol":"SPT","quantity":"17000","price":"0.00261001","timestamp":1640271657,"volume":"44.37017000","buyTxId":"c263ae2db36b7e64b7b78ca286f23ba2a5ec5f7b","sellTxId":"d26b5653b3a746fe5c267cb21475e4b09723d3df"}
{"index": {"_index":"spt","_id":"2360814"}}
	{"id":2360814,"type":"sell","buyer":"granddaddies","seller":"sp3ktraline","symbol":"SPT","quantity":"7.262692","price":"0.00261001","timestamp":1640272278,"volume":"0.01895570","buyTxId":"c263ae2db36b7e64b7b78ca286f23ba2a5ec5f7b","sellTxId":"ede4623b950070ab8c7c3231ad5d9ed4df65202e"}
{"index": {"_index":"spt","_id":"2361138"}}
	{"id":2361138,"type":"sell","buyer":"granddaddies","seller":"chorock","symbol":"SPT","quantity":"459.581987","price":"0.00261001","timestamp":1640274999,"volume":"1.19951358","buyTxId":"c263ae2db36b7e64b7b78ca286f23ba2a5ec5f7b","sellTxId":"1a647ce762b9b27d81c67c595e84d9cd00524394"}
{"index": {"_index":"spt","_id":"2361173"}}
	{"id":2361173,"type":"buy","buyer":"captainquack22","seller":"laundrywoman","symbol":"SPT","quantity":"672.859545","price":"0.00279999","timestamp":1640275245,"volume":"1.884","buyTxId":"c08899998f87477a8e5f7a915b291e75965de5e1","sellTxId":"128e26873ee5cbb07dfc5191a98eebbf5878a2ba"}
{"index": {"_index":"spt","_id":"2361310"}}
	{"id":2361310,"type":"sell","buyer":"torran","seller":"nrg","symbol":"SPT","quantity":"1561.002402","price":"0.00265000","timestamp":1640276196,"volume":"4.13665637","buyTxId":"b22569787b046abc7d9efea3bce25b9b96b57944","sellTxId":"3a73d10cbd01959da9cb162e318bd8168d5ce69b-9"}
{"index": {"_index":"spt","_id":"2361385"}}
	{"id":2361385,"type":"sell","buyer":"torran","seller":"brofi-market","symbol":"SPT","quantity":"7.646713","price":"0.00265000","timestamp":1640276670,"volume":"0.02026379","buyTxId":"b22569787b046abc7d9efea3bce25b9b96b57944","sellTxId":"d73406d6b0e14732d19e81fbd744f4da23ddacd6"}
{"index": {"_index":"spt","_id":"2361464"}}
	{"id":2361464,"type":"sell","buyer":"torran","seller":"leo.bank","symbol":"SPT","quantity":"1156.79","price":"0.00265000","timestamp":1640277222,"volume":"3.06549350","buyTxId":"b22569787b046abc7d9efea3bce25b9b96b57944","sellTxId":"e47c36b26ba4f54032888a70722b9da2ed7a3c2b"}
{"index": {"_index":"spt","_id":"2361575"}}
	{"id":2361575,"type":"sell","buyer":"torran","seller":"hiveexplorers","symbol":"SPT","quantity":"332.744239","price":"0.00265000","timestamp":1640277876,"volume":"0.88177223","buyTxId":"b22569787b046abc7d9efea3bce25b9b96b57944","sellTxId":"1468d844adff24378220539b3d9cf0ccd9c0f2cb"}
{"index": {"_index":"spt","_id":"2361647"}}
	{"id":2361647,"type":"sell","buyer":"torran","seller":"svetlanaaa","symbol":"SPT","quantity":"19.036092","price":"0.00265000","timestamp":1640278242,"volume":"0.05044564","buyTxId":"b22569787b046abc7d9efea3bce25b9b96b57944","sellTxId":"b78337c5d2362347252bf98e3129c272643d7b79"}
{"index": {"_index":"spt","_id":"2361693"}}
	{"id":2361693,"type":"sell","buyer":"torran","seller":"catomoon","symbol":"SPT","quantity":"0.798480","price":"0.00265000","timestamp":1640278401,"volume":"0.00211597","buyTxId":"b22569787b046abc7d9efea3bce25b9b96b57944","sellTxId":"a9792da0ea191a32b0f115f9df0c1db263b76b9e"}
{"index": {"_index":"spt","_id":"2361862"}}
	{"id":2361862,"type":"buy","buyer":"samarek69","seller":"laundrywoman","symbol":"SPT","quantity":"0.980910","price":"0.00279999","timestamp":1640278914,"volume":"0.00274654","buyTxId":"5df0c0ad145727e11a23e117e841dc94cf97dca3","sellTxId":"128e26873ee5cbb07dfc5191a98eebbf5878a2ba"}
{"index": {"_index":"spt","_id":"2362114"}}
	{"id":2362114,"type":"sell","buyer":"torran","seller":"dbroze","symbol":"SPT","quantity":"121.982074","price":"0.00265000","timestamp":1640279889,"volume":"0.32325250","buyTxId":"b22569787b046abc7d9efea3bce25b9b96b57944","sellTxId":"63b28c74e272db75267bfb3b3462e70ee4de7c24"}
{"index": {"_index":"spt","_id":"2362115"}}
	{"id":2362115,"type":"sell","buyer":"torran","seller":"dbroze","symbol":"SPT","quantity":"1140.469843","price":"0.00265000","timestamp":1640279889,"volume":"3.02224508","buyTxId":"72fc6ba4a6450aad5b990fff8702196a89ddb994","sellTxId":"63b28c74e272db75267bfb3b3462e70ee4de7c24"}
{"index": {"_index":"spt","_id":"2362936"}}
	{"id":2362936,"type":"sell","buyer":"torran","seller":"dhedge-drips","symbol":"SPT","quantity":"0.718407","price":"0.00265000","timestamp":1640285211,"volume":"0.00190378","buyTxId":"72fc6ba4a6450aad5b990fff8702196a89ddb994","sellTxId":"7fb4701de9934ccb78349b1d0910c9d7b5175635"}
{"index": {"_index":"spt","_id":"2362947"}}
	{"id":2362947,"type":"buy","buyer":"merchantsguild","seller":"laundrywoman","symbol":"SPT","quantity":"2355.000000","price":"0.00279999","timestamp":1640285253,"volume":"6.59397645","buyTxId":"39150cfae11b6dcb98980acc89138edf589d8a92","sellTxId":"128e26873ee5cbb07dfc5191a98eebbf5878a2ba"}
{"index": {"_index":"spt","_id":"2363954"}}
	{"id":2363954,"type":"buy","buyer":"jongolson","seller":"laundrywoman","symbol":"SPT","quantity":"1000.000000","price":"0.00278998","timestamp":1640293422,"volume":"2.78998000","buyTxId":"2abd243808578d1e72770ae747c3449ba2fb1e72","sellTxId":"fd6efa9e777b4c7390054c10758a8eb6f04f8b9c"}
{"index": {"_index":"spt","_id":"2364395"}}
	{"id":2364395,"type":"sell","buyer":"sbi-tokens","seller":"cjlugo","symbol":"SPT","quantity":"132.000000","price":"0.00266000","timestamp":1640297166,"volume":"0.35112000","buyTxId":"7ac21e94c0307883b3382463a2fdea0bb99d3d97","sellTxId":"6d03892858f1cd590fc4601d04466e6fe1d6bcfe"}
{"index": {"_index":"spt","_id":"2364403"}}
	{"id":2364403,"type":"buy","buyer":"barski","seller":"cmortazavi13","symbol":"SPT","quantity":"85.794952","price":"0.00267000","timestamp":1640297274,"volume":"0.22907252","buyTxId":"f7d587ea08845020017a9f6f87bdb7bea3099f41","sellTxId":"6f62f200904247609dafe37f2358eaa21d6824b7"}
{"index": {"_index":"spt","_id":"2364404"}}
	{"id":2364404,"type":"buy","buyer":"barski","seller":"laundrywoman","symbol":"SPT","quantity":"8448.205048","price":"0.00277999","timestamp":1640297274,"volume":"23.48592555","buyTxId":"f7d587ea08845020017a9f6f87bdb7bea3099f41","sellTxId":"96322879f5110560079238c1763feb7a3b60ceba"}
{"index": {"_index":"spt","_id":"2364672"}}
	{"id":2364672,"type":"sell","buyer":"sbi-tokens","seller":"thelogicaldude","symbol":"SPT","quantity":"47.212339","price":"0.00266000","timestamp":1640301126,"volume":"0.12558482","buyTxId":"7ac21e94c0307883b3382463a2fdea0bb99d3d97","sellTxId":"297a9f47e2b466b5d3c04cf5d8b3e59ebe13d081"}
{"index": {"_index":"spt","_id":"2364700"}}
	{"id":2364700,"type":"sell","buyer":"sbi-tokens","seller":"hiveexplorers","symbol":"SPT","quantity":"17.102394","price":"0.00266000","timestamp":1640301501,"volume":"0.04549237","buyTxId":"7ac21e94c0307883b3382463a2fdea0bb99d3d97","sellTxId":"382c243ddb0a4d35608667dcf0d77aa326f04f3c"}
{"index": {"_index":"spt","_id":"2364721"}}
	{"id":2364721,"type":"sell","buyer":"sbi-tokens","seller":"abh12345","symbol":"SPT","quantity":"1664.872957","price":"0.00266000","timestamp":1640301675,"volume":"4.42856207","buyTxId":"7ac21e94c0307883b3382463a2fdea0bb99d3d97","sellTxId":"9891bb3bd8b164cc4b8222a4fd284c7ec903687e"}
{"index": {"_index":"spt","_id":"2364811"}}
	{"id":2364811,"type":"sell","buyer":"sbi-tokens","seller":"splinterlandshq","symbol":"SPT","quantity":"20581.869984","price":"0.00266000","timestamp":1640302425,"volume":"54.74777416","buyTxId":"7ac21e94c0307883b3382463a2fdea0bb99d3d97","sellTxId":"f49301dab640d8a0e59d9666f0aa5eae670885bd"}
{"index": {"_index":"spt","_id":"2365127"}}
	{"id":2365127,"type":"sell","buyer":"sbi-tokens","seller":"brofi-market","symbol":"SPT","quantity":"2.210015","price":"0.00266000","timestamp":1640304921,"volume":"0.00587864","buyTxId":"7ac21e94c0307883b3382463a2fdea0bb99d3d97","sellTxId":"9c4cf617512a37aea207d6518918688cdb572792"}
{"index": {"_index":"spt","_id":"2365295"}}
	{"id":2365295,"type":"sell","buyer":"sbi-tokens","seller":"iceman23","symbol":"SPT","quantity":"4.455865","price":"0.00266000","timestamp":1640305935,"volume":"0.01185260","buyTxId":"7ac21e94c0307883b3382463a2fdea0bb99d3d97","sellTxId":"d561a9b9c21a11429029439f6f0e333d6889ef4f"}
{"index": {"_index":"spt","_id":"2365467"}}
	{"id":2365467,"type":"buy","buyer":"druidsblood","seller":"laundrywoman","symbol":"SPT","quantity":"10000.000000","price":"0.00277999","timestamp":1640307612,"volume":"27.79990000","buyTxId":"c3c96e1eeba23380e0e2efc3979567f7ed53aa0a","sellTxId":"77650e5223e8b76eb23a7defbd343b119ff676a5"}
{"index": {"_index":"spt","_id":"2365674"}}
	{"id":2365674,"type":"sell","buyer":"sbi-tokens","seller":"mba2020","symbol":"SPT","quantity":"78.279963","price":"0.00266000","timestamp":1640309937,"volume":"0.20822470","buyTxId":"7ac21e94c0307883b3382463a2fdea0bb99d3d97","sellTxId":"d3ee1b266fd997c0d24c70df7bfb40501034e693"}
{"index": {"_index":"spt","_id":"2365702"}}
	{"id":2365702,"type":"sell","buyer":"sbi-tokens","seller":"eforucom","symbol":"SPT","quantity":"14.046768","price":"0.00266000","timestamp":1640310159,"volume":"0.03736440","buyTxId":"7ac21e94c0307883b3382463a2fdea0bb99d3d97","sellTxId":"ca57142db668471b807881dd02e0217e09f14c52"}
{"index": {"_index":"spt","_id":"2365811"}}
	{"id":2365811,"type":"buy","buyer":"chireerocks","seller":"laundrywoman","symbol":"SPT","quantity":"1628.000000","price":"0.00277999","timestamp":1640311422,"volume":"4.52582372","buyTxId":"633ce05fd59b26d061d464a76a3a4a2be5cfb79c","sellTxId":"77650e5223e8b76eb23a7defbd343b119ff676a5"}
{"index": {"_index":"spt","_id":"2366076"}}
	{"id":2366076,"type":"sell","buyer":"sbi-tokens","seller":"bcarolan639","symbol":"SPT","quantity":"911.949715","price":"0.00266000","timestamp":1640314536,"volume":"2.42578624","buyTxId":"7ac21e94c0307883b3382463a2fdea0bb99d3d97","sellTxId":"3363b7f40f9987f3564a52a68bd4a305904af258"}
{"index": {"_index":"spt","_id":"2366077"}}
	{"id":2366077,"type":"sell","buyer":"mba2020","seller":"bcarolan639","symbol":"SPT","quantity":"78.279963","price":"0.00266000","timestamp":1640314536,"volume":"0.20822470","buyTxId":"2d6959bd45474979a1e45cdb8aec420d3a0c9b80","sellTxId":"3363b7f40f9987f3564a52a68bd4a305904af258"}
{"index": {"_index":"spt","_id":"2366078"}}
	{"id":2366078,"type":"sell","buyer":"torran","seller":"bcarolan639","symbol":"SPT","quantity":"6490.162635","price":"0.00265000","timestamp":1640314536,"volume":"17.19893098","buyTxId":"72fc6ba4a6450aad5b990fff8702196a89ddb994","sellTxId":"3363b7f40f9987f3564a52a68bd4a305904af258"}
{"index": {"_index":"spt","_id":"2366079"}}
	{"id":2366079,"type":"sell","buyer":"fighter4-freedom","seller":"bcarolan639","symbol":"SPT","quantity":"32519.607687","price":"0.00261000","timestamp":1640314536,"volume":"84.87617606","buyTxId":"e8ae0a9a0762fbd6a8883dda197e6cbacbef9988","sellTxId":"3363b7f40f9987f3564a52a68bd4a305904af258"}
{"index": {"_index":"spt","_id":"2366116"}}
	{"id":2366116,"type":"sell","buyer":"fighter4-freedom","seller":"steem82868","symbol":"SPT","quantity":"9.419823","price":"0.00261000","timestamp":1640314905,"volume":"0.02458574","buyTxId":"e8ae0a9a0762fbd6a8883dda197e6cbacbef9988","sellTxId":"53a25df7b4c58ff967c5103fe5fee3bc7706d398"}
{"index": {"_index":"spt","_id":"2366259"}}
	{"id":2366259,"type":"buy","buyer":"otherbrandt","seller":"laundrywoman","symbol":"SPT","quantity":"1000.000000","price":"0.00277998","timestamp":1640316426,"volume":"2.77998000","buyTxId":"b938725b96ff38ce6a9d039c54f2b2f0d317f807","sellTxId":"6321b4dc0365d53dbf8df7f1d6c490368a9f1497"}
{"index": {"_index":"spt","_id":"2366379"}}
	{"id":2366379,"type":"sell","buyer":"fighter4-freedom","seller":"mapledcrypto","symbol":"SPT","quantity":"115.375559","price":"0.00261000","timestamp":1640317491,"volume":"0.30113021","buyTxId":"e8ae0a9a0762fbd6a8883dda197e6cbacbef9988","sellTxId":"d62c790ccb20f08fdc99f33bad58f32ff6af208b"}
