{"index": {"_index":"spt","_id":"2575150"}}
	{"id":2575150,"type":"sell","buyer":"granddaddies","seller":"trashdragon","symbol":"SPT","quantity":"1949.244400","price":"0.00210004","timestamp":1642478403,"volume":"4.09349121","buyTxId":"dc42e354a7d65142d6fad1369f57c4e04e3fb8f3","sellTxId":"6a0062ab840a68e0051f2b72c9f7bc1f0556fa7d"}
{"index": {"_index":"spt","_id":"2575168"}}
	{"id":2575168,"type":"sell","buyer":"granddaddies","seller":"rahmot","symbol":"SPT","quantity":"621.536758","price":"0.00210004","timestamp":1642478577,"volume":"1.30525205","buyTxId":"dc42e354a7d65142d6fad1369f57c4e04e3fb8f3","sellTxId":"486669e3bf6c2928da850e84d27b081f1df70827"}
{"index": {"_index":"spt","_id":"2575240"}}
	{"id":2575240,"type":"sell","buyer":"granddaddies","seller":"brofi-market","symbol":"SPT","quantity":"1.471508","price":"0.00210004","timestamp":1642479012,"volume":"0.00309023","buyTxId":"dc42e354a7d65142d6fad1369f57c4e04e3fb8f3","sellTxId":"e52ebea6f88db8df293cbdb3d638641e47b39cf2"}
{"index": {"_index":"spt","_id":"2575503"}}
	{"id":2575503,"type":"sell","buyer":"granddaddies","seller":"mango-juice","symbol":"SPT","quantity":"3572.109458","price":"0.00210004","timestamp":1642480959,"volume":"7.50157275","buyTxId":"dc42e354a7d65142d6fad1369f57c4e04e3fb8f3","sellTxId":"13e054dee77821e6c89d2094b90c1df349af1db9"}
{"index": {"_index":"spt","_id":"2576090"}}
	{"id":2576090,"type":"sell","buyer":"granddaddies","seller":"proton80","symbol":"SPT","quantity":"0.549165","price":"0.00215001","timestamp":1642485900,"volume":"0.00118071","buyTxId":"c727aeb985712cff805354671e10716f13746694","sellTxId":"d13a0b674709b137190fab0d10bbbe52f0fd3bd9"}
{"index": {"_index":"spt","_id":"2576144"}}
	{"id":2576144,"type":"buy","buyer":"caimanx","seller":"laundrywoman","symbol":"SPT","quantity":"12.563792","price":"0.00232896","timestamp":1642486263,"volume":"0.02926057","buyTxId":"0734a16729052ce1468dca48a1c9d930041df20d","sellTxId":"7d878d3b92d7b318ca6e9b1baa82069d736ba9df"}
{"index": {"_index":"spt","_id":"2576417"}}
	{"id":2576417,"type":"sell","buyer":"granddaddies","seller":"mercurial9","symbol":"SPT","quantity":"470.280182","price":"0.00215001","timestamp":1642488252,"volume":"1.01110709","buyTxId":"c727aeb985712cff805354671e10716f13746694","sellTxId":"13e9e9646408da7675c1633014d1c1333c070869"}
{"index": {"_index":"spt","_id":"2576437"}}
	{"id":2576437,"type":"sell","buyer":"granddaddies","seller":"dhedge-drips","symbol":"SPT","quantity":"0.001840","price":"0.00215001","timestamp":1642488369,"volume":"0.00000396","buyTxId":"c727aeb985712cff805354671e10716f13746694","sellTxId":"7b727e147648f31b0ccebc564bb5346f7d3e4113"}
{"index": {"_index":"spt","_id":"2576679"}}
	{"id":2576679,"type":"sell","buyer":"granddaddies","seller":"robbywasabi","symbol":"SPT","quantity":"40.644532","price":"0.00215001","timestamp":1642490811,"volume":"0.08738615","buyTxId":"c727aeb985712cff805354671e10716f13746694","sellTxId":"5a9f5011c7380f2a8dd1f35d06a93c506593affa"}
{"index": {"_index":"spt","_id":"2576946"}}
	{"id":2576946,"type":"sell","buyer":"granddaddies","seller":"brofi-market","symbol":"SPT","quantity":"0.004981","price":"0.00215001","timestamp":1642493550,"volume":"0.00001071","buyTxId":"c727aeb985712cff805354671e10716f13746694","sellTxId":"4a52ab39e8edb254f43f2f802c475db38eb68413"}
{"index": {"_index":"spt","_id":"2577019"}}
	{"id":2577019,"type":"buy","buyer":"dswap","seller":"brofi-market","symbol":"SPT","quantity":"1.471508","price":"0.00232897","timestamp":1642494252,"volume":"0.00342710","buyTxId":"4a7448a23eb2b2b2fbfe5fec527a38838cf13f0e","sellTxId":"8d0a3b63f3dfaa52d2a863f5d39c069ce17985bc"}
{"index": {"_index":"spt","_id":"2577020"}}
	{"id":2577020,"type":"buy","buyer":"dswap","seller":"dhedge-drips","symbol":"SPT","quantity":"0.001840","price":"0.00232897","timestamp":1642494252,"volume":"0.00000429","buyTxId":"4a7448a23eb2b2b2fbfe5fec527a38838cf13f0e","sellTxId":"dd074a4119d177188786917962641535b3167a55"}
{"index": {"_index":"spt","_id":"2577021"}}
	{"id":2577021,"type":"buy","buyer":"dswap","seller":"brofi-market","symbol":"SPT","quantity":"0.004981","price":"0.00232897","timestamp":1642494252,"volume":"0.00001160","buyTxId":"4a7448a23eb2b2b2fbfe5fec527a38838cf13f0e","sellTxId":"e748429f5b8399c5ccfcd8c80ca0cf1bc6c8f3a8"}
{"index": {"_index":"spt","_id":"2577022"}}
	{"id":2577022,"type":"buy","buyer":"dswap","seller":"brofi-market","symbol":"SPT","quantity":"5.933780","price":"0.00232999","timestamp":1642494252,"volume":"0.01382565","buyTxId":"4a7448a23eb2b2b2fbfe5fec527a38838cf13f0e","sellTxId":"21d3e38ecd9893a32e65f2096d4c06105b3e01c4"}
{"index": {"_index":"spt","_id":"2577023"}}
	{"id":2577023,"type":"buy","buyer":"dswap","seller":"dhedge-drips","symbol":"SPT","quantity":"0.040020","price":"0.00232999","timestamp":1642494252,"volume":"0.00009325","buyTxId":"4a7448a23eb2b2b2fbfe5fec527a38838cf13f0e","sellTxId":"a6ce2d6417dd745cd35fcb134f917719351b4c53"}
{"index": {"_index":"spt","_id":"2577024"}}
	{"id":2577024,"type":"buy","buyer":"dswap","seller":"brofi-market","symbol":"SPT","quantity":"0.321806","price":"0.00233999","timestamp":1642494252,"volume":"0.00075302","buyTxId":"4a7448a23eb2b2b2fbfe5fec527a38838cf13f0e","sellTxId":"a0633aa4e3a7d17563d791f0fdded68ab3eb25bd"}
{"index": {"_index":"spt","_id":"2577025"}}
	{"id":2577025,"type":"buy","buyer":"dswap","seller":"xabi","symbol":"SPT","quantity":"172.772367","price":"0.00234000","timestamp":1642494252,"volume":"0.40428734","buyTxId":"4a7448a23eb2b2b2fbfe5fec527a38838cf13f0e","sellTxId":"074b76b158be628f6e98bcbfbba106c3c797e86a"}
{"index": {"_index":"spt","_id":"2577203"}}
	{"id":2577203,"type":"sell","buyer":"granddaddies","seller":"fullcoverbetting","symbol":"SPT","quantity":"12.490774","price":"0.00215001","timestamp":1642496244,"volume":"0.02685529","buyTxId":"c727aeb985712cff805354671e10716f13746694","sellTxId":"2ebcae5b3c18b0fe7475dc25d8415dd715254774"}
{"index": {"_index":"spt","_id":"2577317"}}
	{"id":2577317,"type":"sell","buyer":"granddaddies","seller":"mad-runner","symbol":"SPT","quantity":"1073.125692","price":"0.00215001","timestamp":1642497078,"volume":"2.30723097","buyTxId":"c727aeb985712cff805354671e10716f13746694","sellTxId":"f69b0726df95edc62a89270ba22451d916a2bac1"}
{"index": {"_index":"spt","_id":"2577458"}}
	{"id":2577458,"type":"sell","buyer":"granddaddies","seller":"fullcoverbetting","symbol":"SPT","quantity":"50.043924","price":"0.00215001","timestamp":1642497885,"volume":"0.10759494","buyTxId":"c727aeb985712cff805354671e10716f13746694","sellTxId":"26b37e61e73fb80a2aa6ef767e45fa4bb53ddf5b"}
{"index": {"_index":"spt","_id":"2577471"}}
	{"id":2577471,"type":"sell","buyer":"granddaddies","seller":"fredfettmeister","symbol":"SPT","quantity":"40.000000","price":"0.00215001","timestamp":1642497945,"volume":"0.08600040","buyTxId":"c727aeb985712cff805354671e10716f13746694","sellTxId":"004ef527eaaa70b0de91b82bec695a014628d281"}
{"index": {"_index":"spt","_id":"2577916"}}
	{"id":2577916,"type":"sell","buyer":"granddaddies","seller":"mightyrocklee","symbol":"SPT","quantity":"1100.600637","price":"0.00215001","timestamp":1642501401,"volume":"2.36630238","buyTxId":"c727aeb985712cff805354671e10716f13746694","sellTxId":"59ac75d62265fe09d36f011278657127a6218a37"}
{"index": {"_index":"spt","_id":"2578031"}}
	{"id":2578031,"type":"buy","buyer":"samarek69","seller":"xabi","symbol":"SPT","quantity":"0.045000","price":"0.00234000","timestamp":1642502376,"volume":"0.00010530","buyTxId":"2223b08e172d6d0b6a0f5e3d65cc9adce0168da8","sellTxId":"074b76b158be628f6e98bcbfbba106c3c797e86a"}
{"index": {"_index":"spt","_id":"2578438"}}
	{"id":2578438,"type":"sell","buyer":"granddaddies","seller":"elricmoonslayer","symbol":"SPT","quantity":"45.875964","price":"0.00215001","timestamp":1642505877,"volume":"0.09863378","buyTxId":"c727aeb985712cff805354671e10716f13746694","sellTxId":"17e6344816058ff05e17b35803d4d4887aec9bba"}
{"index": {"_index":"spt","_id":"2578495"}}
	{"id":2578495,"type":"sell","buyer":"granddaddies","seller":"bilpcoinrecords","symbol":"SPT","quantity":"6.549119","price":"0.00215003","timestamp":1642506426,"volume":"0.01408080","buyTxId":"ba981fbda10dd5ddf8874a4e5fd8446197231823","sellTxId":"c789eae8cd9303ad96eac1b762b5f389b9e6e279"}
{"index": {"_index":"spt","_id":"2578686"}}
	{"id":2578686,"type":"sell","buyer":"granddaddies","seller":"brofi-market","symbol":"SPT","quantity":"0.024712","price":"0.00215003","timestamp":1642507821,"volume":"0.00005313","buyTxId":"ba981fbda10dd5ddf8874a4e5fd8446197231823","sellTxId":"c7d26f02f82a3d03123b65f55a9163d7c0835f39"}
{"index": {"_index":"spt","_id":"2578703"}}
	{"id":2578703,"type":"sell","buyer":"granddaddies","seller":"teteuzinho","symbol":"SPT","quantity":"2208.163765","price":"0.00215003","timestamp":1642507920,"volume":"4.74761834","buyTxId":"ba981fbda10dd5ddf8874a4e5fd8446197231823","sellTxId":"6c52c1d8400a73da38604f1073fdc9c2d963bdd7"}
{"index": {"_index":"spt","_id":"2579006"}}
	{"id":2579006,"type":"sell","buyer":"granddaddies","seller":"dhedge-drips","symbol":"SPT","quantity":"0.002782","price":"0.00215003","timestamp":1642509957,"volume":"0.00000598","buyTxId":"ba981fbda10dd5ddf8874a4e5fd8446197231823","sellTxId":"6174c8893b6e9b6545f876b4047bd3efb17ac316"}
{"index": {"_index":"spt","_id":"2579034"}}
	{"id":2579034,"type":"sell","buyer":"granddaddies","seller":"splintercell-01","symbol":"SPT","quantity":"5.733529","price":"0.00215003","timestamp":1642510164,"volume":"0.01232726","buyTxId":"ba981fbda10dd5ddf8874a4e5fd8446197231823","sellTxId":"5dd9a44ad655b08cc44de6f35b356838e0c716d8"}
{"index": {"_index":"spt","_id":"2579057"}}
	{"id":2579057,"type":"sell","buyer":"granddaddies","seller":"carlosro","symbol":"SPT","quantity":"5006.022427","price":"0.00215003","timestamp":1642510272,"volume":"10.76309840","buyTxId":"ba981fbda10dd5ddf8874a4e5fd8446197231823","sellTxId":"0e8a3e509a42806aef3c8c5046faaef3c9470c95"}
{"index": {"_index":"spt","_id":"2579387"}}
	{"id":2579387,"type":"buy","buyer":"borgito","seller":"broxi","symbol":"SPT","quantity":"175.000000","price":"0.00232999","timestamp":1642513305,"volume":"0.40774825","buyTxId":"99ad3d3b2ea740218a8fe60126e916876fd8bc86","sellTxId":"6ec5ffdfc84ec8fe562c7344479c0af8d582f0cf"}
{"index": {"_index":"spt","_id":"2579462"}}
	{"id":2579462,"type":"sell","buyer":"granddaddies","seller":"isnel","symbol":"SPT","quantity":"4.696055","price":"0.00215003","timestamp":1642513875,"volume":"0.01009666","buyTxId":"ba981fbda10dd5ddf8874a4e5fd8446197231823","sellTxId":"7fc0c887587dcd5e0eac170292a1278ea3033150"}
{"index": {"_index":"spt","_id":"2579470"}}
	{"id":2579470,"type":"buy","buyer":"druidsblood","seller":"broxi","symbol":"SPT","quantity":"13825.000000","price":"0.00232999","timestamp":1642513917,"volume":"32.21211175","buyTxId":"a3c7036666984188c1a22df59a806a2f02b10f14","sellTxId":"6ec5ffdfc84ec8fe562c7344479c0af8d582f0cf"}
{"index": {"_index":"spt","_id":"2579491"}}
	{"id":2579491,"type":"sell","buyer":"granddaddies","seller":"doofus","symbol":"SPT","quantity":"75","price":"0.00215003","timestamp":1642514076,"volume":"0.16125225","buyTxId":"ba981fbda10dd5ddf8874a4e5fd8446197231823","sellTxId":"c01cbc89eb5d45ffe456ac10fbd44a5c1798d4f7"}
{"index": {"_index":"spt","_id":"2579639"}}
	{"id":2579639,"type":"buy","buyer":"borgito","seller":"kojiri","symbol":"SPT","quantity":"11.000000","price":"0.00233000","timestamp":1642515105,"volume":"0.02563000","buyTxId":"78cf9b1f201b3177ef04190cc23f939c66dc01a6","sellTxId":"4a592db1845d18651d598c8a14b1f8eb3cd8174e"}
{"index": {"_index":"spt","_id":"2579822"}}
	{"id":2579822,"type":"buy","buyer":"cryptocrazy2789","seller":"kojiri","symbol":"SPT","quantity":"29.000000","price":"0.00233000","timestamp":1642516632,"volume":"0.06757000","buyTxId":"852be53b085c65ea4f62b02be7a952af70bdcd2e","sellTxId":"4a592db1845d18651d598c8a14b1f8eb3cd8174e"}
{"index": {"_index":"spt","_id":"2579823"}}
	{"id":2579823,"type":"buy","buyer":"cryptocrazy2789","seller":"brofi-market","symbol":"SPT","quantity":"0.024712","price":"0.00233000","timestamp":1642516632,"volume":"0.00005758","buyTxId":"852be53b085c65ea4f62b02be7a952af70bdcd2e","sellTxId":"4bc0f7944a0e850a87dc32d2b7a598c5f84f307c"}
{"index": {"_index":"spt","_id":"2579824"}}
	{"id":2579824,"type":"buy","buyer":"cryptocrazy2789","seller":"dhedge-drips","symbol":"SPT","quantity":"0.002782","price":"0.00233000","timestamp":1642516632,"volume":"0.00000648","buyTxId":"852be53b085c65ea4f62b02be7a952af70bdcd2e","sellTxId":"993cd4c3cedfda801ce2ab9423782c5b185a6b55"}
{"index": {"_index":"spt","_id":"2580052"}}
	{"id":2580052,"type":"sell","buyer":"cryptocrazy2789","seller":"jjb777","symbol":"SPT","quantity":"306.192304","price":"0.00233000","timestamp":1642518453,"volume":"0.71342807","buyTxId":"852be53b085c65ea4f62b02be7a952af70bdcd2e","sellTxId":"83a39c7aef9709a6d8794ec7d7f4915b3169c45b"}
{"index": {"_index":"spt","_id":"2580053"}}
	{"id":2580053,"type":"sell","buyer":"granddaddies","seller":"jjb777","symbol":"SPT","quantity":"79.604696","price":"0.00230001","timestamp":1642518453,"volume":"0.18309160","buyTxId":"6b38c8b6984165e672f4fadc9fd5cbcd302bc9fc","sellTxId":"83a39c7aef9709a6d8794ec7d7f4915b3169c45b"}
{"index": {"_index":"spt","_id":"2580403"}}
	{"id":2580403,"type":"buy","buyer":"chireerocks","seller":"xabi","symbol":"SPT","quantity":"289.262866","price":"0.00234000","timestamp":1642520559,"volume":"0.67687511","buyTxId":"2050e88f59975737fe615d38d3e3753ae2c387ce","sellTxId":"074b76b158be628f6e98bcbfbba106c3c797e86a"}
{"index": {"_index":"spt","_id":"2580884"}}
	{"id":2580884,"type":"sell","buyer":"chireerocks","seller":"kennysgaminglife","symbol":"SPT","quantity":"56.027390","price":"0.00234000","timestamp":1642523868,"volume":"0.13110409","buyTxId":"2050e88f59975737fe615d38d3e3753ae2c387ce","sellTxId":"a3af17327b0777910990f8eb11d5e4bf89512cd1"}
{"index": {"_index":"spt","_id":"2580885"}}
	{"id":2580885,"type":"sell","buyer":"pro100oss","seller":"kennysgaminglife","symbol":"SPT","quantity":"141.560690","price":"0.00230000","timestamp":1642523868,"volume":"0.32558959","buyTxId":"db88d69b32eb1239c55782c7c0f429f5e91766ba","sellTxId":"a3af17327b0777910990f8eb11d5e4bf89512cd1"}
{"index": {"_index":"spt","_id":"2580928"}}
	{"id":2580928,"type":"buy","buyer":"aurzeq","seller":"brofi-market","symbol":"SPT","quantity":"3.228579","price":"0.00234999","timestamp":1642524207,"volume":"0.00758713","buyTxId":"a4b7e57d41bbe3a7845301e5a13ff664791204e5","sellTxId":"967e6ef67d36b754ffe22050e634469f26275814"}
{"index": {"_index":"spt","_id":"2580929"}}
	{"id":2580929,"type":"buy","buyer":"aurzeq","seller":"brofi-market","symbol":"SPT","quantity":"1.243298","price":"0.00234999","timestamp":1642524207,"volume":"0.00292174","buyTxId":"a4b7e57d41bbe3a7845301e5a13ff664791204e5","sellTxId":"6b2ecf3a61ec2ae38e355723ba95c6c1e12e5561"}
{"index": {"_index":"spt","_id":"2581138"}}
	{"id":2581138,"type":"buy","buyer":"captainquack22","seller":"pandapuzzles","symbol":"SPT","quantity":"14.426250","price":"0.00235000","timestamp":1642525251,"volume":"0.03390169","buyTxId":"ea176843675bf44834f7197c62f126746d736138","sellTxId":"b3c1e876b4f91373a6f3cacbfa84f3b9636038ec"}
{"index": {"_index":"spt","_id":"2581139"}}
	{"id":2581139,"type":"buy","buyer":"captainquack22","seller":"speedtuning","symbol":"SPT","quantity":"553.000000","price":"0.00235930","timestamp":1642525251,"volume":"1.30469290","buyTxId":"ea176843675bf44834f7197c62f126746d736138","sellTxId":"2c4683d864ba5d892ce3c7663d4ad84367c32c12"}
{"index": {"_index":"spt","_id":"2581140"}}
	{"id":2581140,"type":"buy","buyer":"captainquack22","seller":"brofi-market","symbol":"SPT","quantity":"0.008314","price":"0.00235931","timestamp":1642525251,"volume":"0.00001962","buyTxId":"ea176843675bf44834f7197c62f126746d736138","sellTxId":"726084f459d423b0cd379095f022d6455f874125"}
{"index": {"_index":"spt","_id":"2581141"}}
	{"id":2581141,"type":"buy","buyer":"captainquack22","seller":"brofi-market","symbol":"SPT","quantity":"0.435302","price":"0.00235939","timestamp":1642525251,"volume":"0.00102705","buyTxId":"ea176843675bf44834f7197c62f126746d736138","sellTxId":"cd1c6dbc481d295c12a6e762648ddfd8e3bd2e8d"}
{"index": {"_index":"spt","_id":"2581142"}}
	{"id":2581142,"type":"buy","buyer":"captainquack22","seller":"dhedge-drips","symbol":"SPT","quantity":"0.032472","price":"0.00235939","timestamp":1642525251,"volume":"0.00007661","buyTxId":"ea176843675bf44834f7197c62f126746d736138","sellTxId":"0837e8359aaf3532b60ae4ac7911dd3900b55d1e"}
{"index": {"_index":"spt","_id":"2581143"}}
	{"id":2581143,"type":"buy","buyer":"captainquack22","seller":"brofi-market","symbol":"SPT","quantity":"0.011225","price":"0.00235996","timestamp":1642525251,"volume":"0.00002649","buyTxId":"ea176843675bf44834f7197c62f126746d736138","sellTxId":"ac4bba7f4093d1f3960f9118918e39d45ab25f46"}
{"index": {"_index":"spt","_id":"2581144"}}
	{"id":2581144,"type":"buy","buyer":"captainquack22","seller":"vancouverpics","symbol":"SPT","quantity":"4000.000000","price":"0.00235997","timestamp":1642525251,"volume":"9.43988000","buyTxId":"ea176843675bf44834f7197c62f126746d736138","sellTxId":"06a3d46e26235847759b70986fa7b244c3ab038c"}
{"index": {"_index":"spt","_id":"2581145"}}
	{"id":2581145,"type":"buy","buyer":"captainquack22","seller":"brofi-market","symbol":"SPT","quantity":"2.071400","price":"0.00235999","timestamp":1642525251,"volume":"0.00488848","buyTxId":"ea176843675bf44834f7197c62f126746d736138","sellTxId":"cb7f34403a5fc4e478a1d4fb93ec6d38216cced9"}
{"index": {"_index":"spt","_id":"2581146"}}
	{"id":2581146,"type":"buy","buyer":"captainquack22","seller":"dhedge-drips","symbol":"SPT","quantity":"0.025317","price":"0.00235999","timestamp":1642525251,"volume":"0.00005975","buyTxId":"ea176843675bf44834f7197c62f126746d736138","sellTxId":"c4112a6b626ed0484fa2a481cf76cdef6248c194"}
{"index": {"_index":"spt","_id":"2581147"}}
	{"id":2581147,"type":"buy","buyer":"captainquack22","seller":"laundrywoman","symbol":"SPT","quantity":"12275.492823","price":"0.00237998","timestamp":1642525251,"volume":"29.21542741","buyTxId":"ea176843675bf44834f7197c62f126746d736138","sellTxId":"d09a8225cf70534de29933dd64b8269fdf5543c8"}
{"index": {"_index":"spt","_id":"2581178"}}
	{"id":2581178,"type":"sell","buyer":"aurzeq","seller":"eghnim","symbol":"SPT","quantity":"37.861291","price":"0.00234999","timestamp":1642525434,"volume":"0.08897366","buyTxId":"a4b7e57d41bbe3a7845301e5a13ff664791204e5","sellTxId":"03d364f58a277eb19bd0d1bab36de886c2bcdcdf"}
{"index": {"_index":"spt","_id":"2581237"}}
	{"id":2581237,"type":"buy","buyer":"olezoom","seller":"brofi-market","symbol":"SPT","quantity":"4.224218","price":"0.00237999","timestamp":1642525803,"volume":"0.01005360","buyTxId":"43124b8b6e78aa62dc769606f17ddd8890aace6e","sellTxId":"e8dc8c6f0477a1953d1c680d76f77511fd4c8a7e"}
{"index": {"_index":"spt","_id":"2581238"}}
	{"id":2581238,"type":"buy","buyer":"olezoom","seller":"dhedge-drips","symbol":"SPT","quantity":"0.012569","price":"0.00237999","timestamp":1642525803,"volume":"0.00002991","buyTxId":"43124b8b6e78aa62dc769606f17ddd8890aace6e","sellTxId":"bda31d32bd3f2fde9db975ada1fa541879d0d4ee"}
{"index": {"_index":"spt","_id":"2581239"}}
	{"id":2581239,"type":"buy","buyer":"olezoom","seller":"laundrywoman","symbol":"SPT","quantity":"118.036204","price":"0.00238839","timestamp":1642525803,"volume":"0.28191649","buyTxId":"43124b8b6e78aa62dc769606f17ddd8890aace6e","sellTxId":"5795e8e2195794c6a942e6d9fa1bb3c9e62a1156"}
{"index": {"_index":"spt","_id":"2581299"}}
	{"id":2581299,"type":"sell","buyer":"aurzeq","seller":"catomoon","symbol":"SPT","quantity":"2.647751","price":"0.00234999","timestamp":1642526286,"volume":"0.00622219","buyTxId":"a4b7e57d41bbe3a7845301e5a13ff664791204e5","sellTxId":"ccb915a759147c0d3744191c066ac0fbc529490a"}
{"index": {"_index":"spt","_id":"2581310"}}
	{"id":2581310,"type":"buy","buyer":"samarek69","seller":"laundrywoman","symbol":"SPT","quantity":"0.337000","price":"0.00238839","timestamp":1642526373,"volume":"0.00080489","buyTxId":"fd74a945932e9daf17b8d09b85593c90432cfad9","sellTxId":"5795e8e2195794c6a942e6d9fa1bb3c9e62a1156"}
{"index": {"_index":"spt","_id":"2581385"}}
	{"id":2581385,"type":"buy","buyer":"samarek69","seller":"laundrywoman","symbol":"SPT","quantity":"3.180000","price":"0.00238839","timestamp":1642527120,"volume":"0.00759508","buyTxId":"9b13d80ff6887255debfe1ffc0da30969cd02197","sellTxId":"5795e8e2195794c6a942e6d9fa1bb3c9e62a1156"}
{"index": {"_index":"spt","_id":"2581590"}}
	{"id":2581590,"type":"buy","buyer":"jongolson","seller":"laundrywoman","symbol":"SPT","quantity":"1000.000000","price":"0.00238839","timestamp":1642528848,"volume":"2.38839000","buyTxId":"45293b7027b484101542c069dad819fabddfd0b2","sellTxId":"5795e8e2195794c6a942e6d9fa1bb3c9e62a1156"}
{"index": {"_index":"spt","_id":"2581754"}}
	{"id":2581754,"type":"sell","buyer":"aurzeq","seller":"omra-sky","symbol":"SPT","quantity":"95.390772","price":"0.00234999","timestamp":1642529955,"volume":"0.22416736","buyTxId":"a4b7e57d41bbe3a7845301e5a13ff664791204e5","sellTxId":"87c0106ba58dcd31ca675345f79cf877037950e2"}
{"index": {"_index":"spt","_id":"2581964"}}
	{"id":2581964,"type":"sell","buyer":"aurzeq","seller":"stewie.wieno","symbol":"SPT","quantity":"73.192035","price":"0.00234999","timestamp":1642531272,"volume":"0.17200055","buyTxId":"a4b7e57d41bbe3a7845301e5a13ff664791204e5","sellTxId":"317798a66bddeb2ee61b4cbc620fbc593054c792"}
{"index": {"_index":"spt","_id":"2582013"}}
	{"id":2582013,"type":"sell","buyer":"aurzeq","seller":"dhedge-drips","symbol":"SPT","quantity":"0.026032","price":"0.00234999","timestamp":1642531545,"volume":"0.00006117","buyTxId":"a4b7e57d41bbe3a7845301e5a13ff664791204e5","sellTxId":"86800af31998b89b56079752bdb33e4f37035e16"}
{"index": {"_index":"spt","_id":"2582683"}}
	{"id":2582683,"type":"sell","buyer":"aurzeq","seller":"brofi-market","symbol":"SPT","quantity":"0.310585","price":"0.00234999","timestamp":1642536642,"volume":"0.00072987","buyTxId":"a4b7e57d41bbe3a7845301e5a13ff664791204e5","sellTxId":"505063ee9cba0ece2283acc88f3990922e34966f"}
{"index": {"_index":"spt","_id":"2583084"}}
	{"id":2583084,"type":"sell","buyer":"aurzeq","seller":"lupega","symbol":"SPT","quantity":"9.729611","price":"0.00234999","timestamp":1642539351,"volume":"0.02286449","buyTxId":"a4b7e57d41bbe3a7845301e5a13ff664791204e5","sellTxId":"c167ae44cf69ef9a8f1b343d36c3a315a895849c"}
{"index": {"_index":"spt","_id":"2583243"}}
	{"id":2583243,"type":"sell","buyer":"aurzeq","seller":"sketchygamerguy","symbol":"SPT","quantity":"53.367115","price":"0.00234999","timestamp":1642541019,"volume":"0.12541219","buyTxId":"a4b7e57d41bbe3a7845301e5a13ff664791204e5","sellTxId":"05fa88a70712553697235cf3658c286886b106e8"}
{"index": {"_index":"spt","_id":"2583322"}}
	{"id":2583322,"type":"sell","buyer":"aurzeq","seller":"dswap","symbol":"SPT","quantity":"273.002931","price":"0.00234999","timestamp":1642541796,"volume":"0.64155415","buyTxId":"a4b7e57d41bbe3a7845301e5a13ff664791204e5","sellTxId":"575ebed353f1740d6606460dc59f324db6be624a"}
{"index": {"_index":"spt","_id":"2583323"}}
	{"id":2583323,"type":"sell","buyer":"pro100oss","seller":"dswap","symbol":"SPT","quantity":"283.997069","price":"0.00230000","timestamp":1642541796,"volume":"0.65319326","buyTxId":"db88d69b32eb1239c55782c7c0f429f5e91766ba","sellTxId":"575ebed353f1740d6606460dc59f324db6be624a"}
{"index": {"_index":"spt","_id":"2583742"}}
	{"id":2583742,"type":"buy","buyer":"caimanx","seller":"dhedge-drips","symbol":"SPT","quantity":"0.026032","price":"0.00238839","timestamp":1642546125,"volume":"0.00006217","buyTxId":"29854ff06e93d7b386efe2e61ed7ee3a41f16062","sellTxId":"5c88e69dac8d193847d0d4c728670464086e3e4b"}
{"index": {"_index":"spt","_id":"2583743"}}
	{"id":2583743,"type":"buy","buyer":"caimanx","seller":"brofi-market","symbol":"SPT","quantity":"0.310585","price":"0.00238839","timestamp":1642546125,"volume":"0.00074180","buyTxId":"29854ff06e93d7b386efe2e61ed7ee3a41f16062","sellTxId":"88755440513edaf4fd8326f3caf878cf2c15a379"}
{"index": {"_index":"spt","_id":"2583744"}}
	{"id":2583744,"type":"buy","buyer":"caimanx","seller":"laundrywoman","symbol":"SPT","quantity":"109.570069","price":"0.00238839","timestamp":1642546125,"volume":"0.26169606","buyTxId":"29854ff06e93d7b386efe2e61ed7ee3a41f16062","sellTxId":"171470e0c99c2490113353b634586a3bf3a1bc8a"}
{"index": {"_index":"spt","_id":"2584149"}}
	{"id":2584149,"type":"sell","buyer":"pro100oss","seller":"brofi-market","symbol":"SPT","quantity":"2.537478","price":"0.00230000","timestamp":1642551291,"volume":"0.00583620","buyTxId":"db88d69b32eb1239c55782c7c0f429f5e91766ba","sellTxId":"9a00209e61bcf92279e182c20e26b0c0d60544d7"}
{"index": {"_index":"spt","_id":"2584150"}}
	{"id":2584150,"type":"sell","buyer":"pro100oss","seller":"maylenasland","symbol":"SPT","quantity":"33.426625","price":"0.00230000","timestamp":1642551297,"volume":"0.07688124","buyTxId":"db88d69b32eb1239c55782c7c0f429f5e91766ba","sellTxId":"aabd4a918277cdfee24eae8526875f85df3b0fe6"}
{"index": {"_index":"spt","_id":"2584214"}}
	{"id":2584214,"type":"buy","buyer":"thewycher","seller":"laundrywoman","symbol":"SPT","quantity":"14.654223","price":"0.00238839","timestamp":1642552137,"volume":"0.035","buyTxId":"3a2937ad8a0d64965ce51212a231220cb0661774","sellTxId":"171470e0c99c2490113353b634586a3bf3a1bc8a"}
{"index": {"_index":"spt","_id":"2584298"}}
	{"id":2584298,"type":"sell","buyer":"pro100oss","seller":"anomalix","symbol":"SPT","quantity":"2497.297789","price":"0.00230000","timestamp":1642552749,"volume":"5.74378491","buyTxId":"db88d69b32eb1239c55782c7c0f429f5e91766ba","sellTxId":"7fccbcfb6ce8be0679a2bb4466ba7c3b07c20a31"}
{"index": {"_index":"spt","_id":"2584350"}}
	{"id":2584350,"type":"sell","buyer":"pro100oss","seller":"dhedge-drips","symbol":"SPT","quantity":"0.240739","price":"0.00230000","timestamp":1642553163,"volume":"0.00055370","buyTxId":"db88d69b32eb1239c55782c7c0f429f5e91766ba","sellTxId":"ee78ae760418c75273e225cbe249c4be0a9063b1"}
{"index": {"_index":"spt","_id":"2584364"}}
	{"id":2584364,"type":"sell","buyer":"pro100oss","seller":"sharkthelion","symbol":"SPT","quantity":"541.440170","price":"0.00230000","timestamp":1642553298,"volume":"1.24531239","buyTxId":"db88d69b32eb1239c55782c7c0f429f5e91766ba","sellTxId":"a63148be867ce2ac8ce9515f0bb64a95df736f01"}
{"index": {"_index":"spt","_id":"2584394"}}
	{"id":2584394,"type":"sell","buyer":"pro100oss","seller":"chireerocks","symbol":"SPT","quantity":"23.981538","price":"0.00230000","timestamp":1642553877,"volume":"0.05515754","buyTxId":"db88d69b32eb1239c55782c7c0f429f5e91766ba","sellTxId":"f5807900fe809ea052852c55d83010d9b3a385a9"}
{"index": {"_index":"spt","_id":"2584463"}}
	{"id":2584463,"type":"sell","buyer":"pro100oss","seller":"sketchygamerguy","symbol":"SPT","quantity":"13.122228","price":"0.00230000","timestamp":1642554492,"volume":"0.03018112","buyTxId":"db88d69b32eb1239c55782c7c0f429f5e91766ba","sellTxId":"81f537f73349d862bd6451bbc8ebb2542fd531f5"}
{"index": {"_index":"spt","_id":"2584484"}}
	{"id":2584484,"type":"sell","buyer":"pro100oss","seller":"liuke96player","symbol":"SPT","quantity":"962.395674","price":"0.00230000","timestamp":1642554726,"volume":"2.21351005","buyTxId":"db88d69b32eb1239c55782c7c0f429f5e91766ba","sellTxId":"a53091feb980375edfcc0978c79ae59887e23540"}
{"index": {"_index":"spt","_id":"2584561"}}
	{"id":2584561,"type":"buy","buyer":"cryptoace33","seller":"liuke96player","symbol":"SPT","quantity":"155.000000","price":"0.00230000","timestamp":1642555515,"volume":"0.35650000","buyTxId":"850ad08faf2145cad9a214620df1fcfe966e1f8d","sellTxId":"a53091feb980375edfcc0978c79ae59887e23540"}
{"index": {"_index":"spt","_id":"2584942"}}
	{"id":2584942,"type":"buy","buyer":"chireerocks","seller":"liuke96player","symbol":"SPT","quantity":"190.604326","price":"0.00230000","timestamp":1642560522,"volume":"0.43838995","buyTxId":"10d3e2cd0738f0eaaa6d70b8b2b77eac945963db","sellTxId":"a53091feb980375edfcc0978c79ae59887e23540"}
{"index": {"_index":"spt","_id":"2584954"}}
	{"id":2584954,"type":"buy","buyer":"chireerocks","seller":"laundrywoman","symbol":"SPT","quantity":"632.265907","price":"0.00238839","timestamp":1642560774,"volume":"1.51009757","buyTxId":"c1008150feb076d61c156940fbf5172ba8d6d189","sellTxId":"171470e0c99c2490113353b634586a3bf3a1bc8a"}
{"index": {"_index":"spt","_id":"2585077"}}
	{"id":2585077,"type":"buy","buyer":"boltz85","seller":"laundrywoman","symbol":"SPT","quantity":"2000.000000","price":"0.00238839","timestamp":1642561986,"volume":"4.77678000","buyTxId":"59ed4ea4c8ede22bacb7c99d5daf9980c87a2b26","sellTxId":"171470e0c99c2490113353b634586a3bf3a1bc8a"}
