{"index": {"_index":"spt","_id":"2838658"}}
	{"id":2838658,"type":"sell","buyer":"caimanx","seller":"brofi-market","symbol":"SPT","quantity":"0.124233","price":"0.00310010","timestamp":1645589475,"volume":"0.00038513","buyTxId":"4b1245b33e6d9a70fb0a7e3678bbe65657e96a4d","sellTxId":"c3e57e4a074ce72e29ccfb59221bc3b2076f02f3"}
{"index": {"_index":"spt","_id":"2838892"}}
	{"id":2838892,"type":"sell","buyer":"caimanx","seller":"the-ascendant","symbol":"SPT","quantity":"292.654571","price":"0.00310010","timestamp":1645592601,"volume":"0.90725844","buyTxId":"4b1245b33e6d9a70fb0a7e3678bbe65657e96a4d","sellTxId":"7cc8c92dac9f9b13f4899e273fbfeb9e95d6001c"}
{"index": {"_index":"spt","_id":"2838893"}}
	{"id":2838893,"type":"sell","buyer":"caimanx","seller":"the-ascendant","symbol":"SPT","quantity":"520.000000","price":"0.00310010","timestamp":1645592601,"volume":"1.61205200","buyTxId":"4b480beb8f6dcc6e391686b2471d10426ea77f59","sellTxId":"7cc8c92dac9f9b13f4899e273fbfeb9e95d6001c"}
{"index": {"_index":"spt","_id":"2838964"}}
	{"id":2838964,"type":"sell","buyer":"beetrader","seller":"the-ascendant","symbol":"SPT","quantity":"482.928059","price":"0.00310000","timestamp":1645593285,"volume":"1.49707698","buyTxId":"MM-P-15064590-62052182-3-3-0","sellTxId":"43be6c8a2acc23575e3070b4b03c4185ce868794"}
{"index": {"_index":"spt","_id":"2838994"}}
	{"id":2838994,"type":"sell","buyer":"bitcoinportugal","seller":"mercurial9","symbol":"SPT","quantity":"712.070212","price":"0.00309000","timestamp":1645593720,"volume":"2.20029696","buyTxId":"ad0c5e19093b69bdda9ce9015b0dc83512aac402","sellTxId":"10c22e58baa5c8cbe797de0b6d07c9858d3e63d8"}
{"index": {"_index":"spt","_id":"2839000"}}
	{"id":2839000,"type":"sell","buyer":"bitcoinportugal","seller":"the-ascendant","symbol":"SPT","quantity":"978.403372","price":"0.00309000","timestamp":1645593753,"volume":"3.02326642","buyTxId":"ad0c5e19093b69bdda9ce9015b0dc83512aac402","sellTxId":"de2e8e7f7f6de28b36636ba36c70753cec72d4fd"}
{"index": {"_index":"spt","_id":"2839223"}}
	{"id":2839223,"type":"buy","buyer":"jongolson","seller":"laundrywoman","symbol":"SPT","quantity":"1000.000000","price":"0.00329400","timestamp":1645596936,"volume":"3.29400000","buyTxId":"c77f033af6ba3cd62e526a5a371dcc6f41c6654e","sellTxId":"8ca22d3a50b5449ae3a66b5d229cbd6ad158a08e"}
{"index": {"_index":"spt","_id":"2839260"}}
	{"id":2839260,"type":"sell","buyer":"nerdylens","seller":"knightsunited","symbol":"SPT","quantity":"7.000000","price":"0.00320000","timestamp":1645597515,"volume":"0.02240000","buyTxId":"bef1211d9d49627e9e60dbbbf74fed757b14ff8f","sellTxId":"b8275830decb94fd4d4e74ed9f56fb4df08d3f42"}
{"index": {"_index":"spt","_id":"2839261"}}
	{"id":2839261,"type":"sell","buyer":"beetrader","seller":"knightsunited","symbol":"SPT","quantity":"114.172048","price":"0.00310000","timestamp":1645597515,"volume":"0.35393335","buyTxId":"MM-P-15074354-62061953-3-3-0","sellTxId":"b8275830decb94fd4d4e74ed9f56fb4df08d3f42"}
{"index": {"_index":"spt","_id":"2839406"}}
	{"id":2839406,"type":"sell","buyer":"beetrader","seller":"dhedge-drips","symbol":"SPT","quantity":"0.011646","price":"0.00310000","timestamp":1645598763,"volume":"0.00003610","buyTxId":"MM-P-15074354-62061953-3-3-0","sellTxId":"2ba4368797d63f55e87c98789aa35b2205783945"}
{"index": {"_index":"spt","_id":"2839560"}}
	{"id":2839560,"type":"sell","buyer":"beetrader","seller":"chronocrypto","symbol":"SPT","quantity":"1498.719532","price":"0.00310000","timestamp":1645601397,"volume":"4.64603055","buyTxId":"MM-P-15074354-62061953-3-3-0","sellTxId":"3b08b64a5a69b5cc4d48ff8853f2ed456941d543"}
{"index": {"_index":"spt","_id":"2839561"}}
	{"id":2839561,"type":"sell","buyer":"bitcoinportugal","seller":"chronocrypto","symbol":"SPT","quantity":"2762.765419","price":"0.00309000","timestamp":1645601397,"volume":"8.53694514","buyTxId":"ad0c5e19093b69bdda9ce9015b0dc83512aac402","sellTxId":"3b08b64a5a69b5cc4d48ff8853f2ed456941d543"}
{"index": {"_index":"spt","_id":"2839580"}}
	{"id":2839580,"type":"sell","buyer":"bitcoinportugal","seller":"dswap","symbol":"SPT","quantity":"234","price":"0.00309000","timestamp":1645601721,"volume":"0.72306000","buyTxId":"ad0c5e19093b69bdda9ce9015b0dc83512aac402","sellTxId":"94179263d260daf25446b739f6b8db54a4b1ed6a"}
{"index": {"_index":"spt","_id":"2839952"}}
	{"id":2839952,"type":"sell","buyer":"bitcoinportugal","seller":"jayyyyyez","symbol":"SPT","quantity":"155.323486","price":"0.00309000","timestamp":1645605462,"volume":"0.47994957","buyTxId":"ad0c5e19093b69bdda9ce9015b0dc83512aac402","sellTxId":"e13424fa1560c035b3258fef01347e0bb2347565"}
{"index": {"_index":"spt","_id":"2840159"}}
	{"id":2840159,"type":"sell","buyer":"bitcoinportugal","seller":"bilpcoinbpc","symbol":"SPT","quantity":"3.255","price":"0.00309000","timestamp":1645607826,"volume":"0.01005795","buyTxId":"ad0c5e19093b69bdda9ce9015b0dc83512aac402","sellTxId":"6bc8adb999ee29711c47602dfb05ca67f155e119"}
{"index": {"_index":"spt","_id":"2840253"}}
	{"id":2840253,"type":"sell","buyer":"bitcoinportugal","seller":"jazzy09","symbol":"SPT","quantity":"800.000000","price":"0.00309000","timestamp":1645608927,"volume":"2.47200000","buyTxId":"ad0c5e19093b69bdda9ce9015b0dc83512aac402","sellTxId":"89de9ea925009c0d71fc298b0903250a056bbd21"}
{"index": {"_index":"spt","_id":"2840407"}}
	{"id":2840407,"type":"sell","buyer":"bitcoinportugal","seller":"ketcom","symbol":"SPT","quantity":"633.734000","price":"0.00309000","timestamp":1645610271,"volume":"1.95823806","buyTxId":"ad0c5e19093b69bdda9ce9015b0dc83512aac402","sellTxId":"2a3682b78ce7dd63ba0a413f1d864459595a600f"}
{"index": {"_index":"spt","_id":"2840488"}}
	{"id":2840488,"type":"sell","buyer":"bitcoinportugal","seller":"shebe","symbol":"SPT","quantity":"0.311354","price":"0.00309000","timestamp":1645611201,"volume":"0.00096208","buyTxId":"ad0c5e19093b69bdda9ce9015b0dc83512aac402","sellTxId":"c95f8e1f1de7210df239ad76a673170a5e20278e"}
{"index": {"_index":"spt","_id":"2841350"}}
	{"id":2841350,"type":"sell","buyer":"bitcoinportugal","seller":"itachi24","symbol":"SPT","quantity":"7.847903","price":"0.00309000","timestamp":1645622310,"volume":"0.02425002","buyTxId":"ad0c5e19093b69bdda9ce9015b0dc83512aac402","sellTxId":"082d76bc3a46134a9cef40018d07ea884b79eea5"}
{"index": {"_index":"spt","_id":"2842069"}}
	{"id":2842069,"type":"sell","buyer":"bitcoinportugal","seller":"yanes94","symbol":"SPT","quantity":"431.934068","price":"0.00309000","timestamp":1645629105,"volume":"1.33467627","buyTxId":"ad0c5e19093b69bdda9ce9015b0dc83512aac402","sellTxId":"a60a7e32d996f067c91df3e9d0b826f5e7412770"}
{"index": {"_index":"spt","_id":"2842391"}}
	{"id":2842391,"type":"sell","buyer":"multifurcate","seller":"josediccus","symbol":"SPT","quantity":"990.000000","price":"0.00289100","timestamp":1645632534,"volume":"2.86209000","buyTxId":"db45d5e0a5ce37907ccb038a76e578f1c0731b64","sellTxId":"56ec58b8a39d920f1cd7c5552ff054b7cf0e7be3"}
{"index": {"_index":"spt","_id":"2842526"}}
	{"id":2842526,"type":"sell","buyer":"multifurcate","seller":"kevanko70","symbol":"SPT","quantity":"1456.371777","price":"0.00289100","timestamp":1645634079,"volume":"4.21037081","buyTxId":"db45d5e0a5ce37907ccb038a76e578f1c0731b64","sellTxId":"bba4ebb5d071cc6bfc3f08cf787d56f239be5254"}
{"index": {"_index":"spt","_id":"2842568"}}
	{"id":2842568,"type":"buy","buyer":"adrianus","seller":"yanes94","symbol":"SPT","quantity":"3.640809","price":"0.00309000","timestamp":1645634373,"volume":"0.01125010","buyTxId":"339279aa58d8d9d2a31b214afdd05f22c2409abb","sellTxId":"a60a7e32d996f067c91df3e9d0b826f5e7412770"}
{"index": {"_index":"spt","_id":"2842943"}}
	{"id":2842943,"type":"buy","buyer":"bananofarmer","seller":"yanes94","symbol":"SPT","quantity":"529.668903","price":"0.00309000","timestamp":1645636941,"volume":"1.63667691","buyTxId":"13add83e8c666027ebf095c28c13e704f76f7e37","sellTxId":"a60a7e32d996f067c91df3e9d0b826f5e7412770"}
{"index": {"_index":"spt","_id":"2843111"}}
	{"id":2843111,"type":"sell","buyer":"multifurcate","seller":"catomoon","symbol":"SPT","quantity":"2.487631","price":"0.00289100","timestamp":1645638591,"volume":"0.00719174","buyTxId":"db45d5e0a5ce37907ccb038a76e578f1c0731b64","sellTxId":"a742cfb67c07298714567a9ea785a5302b9bffe5"}
{"index": {"_index":"spt","_id":"2843513"}}
	{"id":2843513,"type":"buy","buyer":"ahmetay","seller":"underlock","symbol":"SPT","quantity":"1892.534184","price":"0.00319500","timestamp":1645643463,"volume":"6.04664672","buyTxId":"cd464d0bd9a4d5f5c55ad51d5d1dee7c2e03c4b2","sellTxId":"59412956617f3213cf5da1151d523b2e7ea6bdf6"}
{"index": {"_index":"spt","_id":"2843524"}}
	{"id":2843524,"type":"buy","buyer":"ahmetay","seller":"saachi","symbol":"SPT","quantity":"140.000000","price":"0.00320000","timestamp":1645643598,"volume":"0.44800000","buyTxId":"0057bee7854f82637297d160bfe288df32bab769","sellTxId":"16bfeee6a8376739ada2da1715dd08771f895f5e"}
{"index": {"_index":"spt","_id":"2843525"}}
	{"id":2843525,"type":"buy","buyer":"ahmetay","seller":"beetrader","symbol":"SPT","quantity":"4547.500000","price":"0.00320000","timestamp":1645643598,"volume":"14.55200000","buyTxId":"0057bee7854f82637297d160bfe288df32bab769","sellTxId":"MM-P-15083228-62070831-3-3-0"}
{"index": {"_index":"spt","_id":"2843678"}}
	{"id":2843678,"type":"sell","buyer":"multifurcate","seller":"hiveexplorers","symbol":"SPT","quantity":"6.214198","price":"0.00289100","timestamp":1645645776,"volume":"0.01796525","buyTxId":"db45d5e0a5ce37907ccb038a76e578f1c0731b64","sellTxId":"869ea286b711918e687395470820a09e2a2bbc52"}
{"index": {"_index":"spt","_id":"2844214"}}
	{"id":2844214,"type":"sell","buyer":"thewycher","seller":"khang572","symbol":"SPT","quantity":"1000.000000","price":"0.00289101","timestamp":1645651302,"volume":"2.89101000","buyTxId":"5fee7a3b8972e0a31ae657991a97a9b404ff7ee6","sellTxId":"36c8da2c0f1a22163d0be2d9e9094252a932f34a"}
{"index": {"_index":"spt","_id":"2844215"}}
	{"id":2844215,"type":"sell","buyer":"thewycher","seller":"khang572","symbol":"SPT","quantity":"503.346860","price":"0.00289101","timestamp":1645651302,"volume":"1.45518081","buyTxId":"2c5f8b043eec13319076b12705a204e40bf0f85c","sellTxId":"36c8da2c0f1a22163d0be2d9e9094252a932f34a"}
{"index": {"_index":"spt","_id":"2844238"}}
	{"id":2844238,"type":"buy","buyer":"zionazrael","seller":"bokica80","symbol":"SPT","quantity":"326.048256","price":"0.00319000","timestamp":1645651599,"volume":"1.04009394","buyTxId":"c14f2a946f7671a304e3d76cec8f5ad3993f8cc8","sellTxId":"dadd152c3f3a7734df0dfcf3adce22701bd658aa"}
{"index": {"_index":"spt","_id":"2844687"}}
	{"id":2844687,"type":"buy","buyer":"diegorccp","seller":"beetrader","symbol":"SPT","quantity":"250.000000","price":"0.00320000","timestamp":1645655784,"volume":"0.80000000","buyTxId":"7e0d7c6a64dc1704b4c40b0b9a3676d7c523b0b9","sellTxId":"MM-P-15083228-62070831-3-3-0"}
{"index": {"_index":"spt","_id":"2844890"}}
	{"id":2844890,"type":"sell","buyer":"thewycher","seller":"hive-world","symbol":"SPT","quantity":"700.000000","price":"0.00289101","timestamp":1645658775,"volume":"2.02370700","buyTxId":"7efd229b03e7c2fd04b30b2f185398d61d622546","sellTxId":"169c955c1758debc1ae5ddcf3c13f0a6c7bcf9f2"}
{"index": {"_index":"spt","_id":"2845116"}}
	{"id":2845116,"type":"sell","buyer":"thewycher","seller":"brofi-market","symbol":"SPT","quantity":"3.334048","price":"0.00289101","timestamp":1645661631,"volume":"0.00963877","buyTxId":"8323663ed618f116c23c83b7a8958b0532cce62f","sellTxId":"42b18c89748c7707f71ddedeaf44c98bbe0f8bb8"}
{"index": {"_index":"spt","_id":"2845177"}}
	{"id":2845177,"type":"sell","buyer":"thewycher","seller":"chireerocks","symbol":"SPT","quantity":"131.171780","price":"0.00289101","timestamp":1645662153,"volume":"0.37921893","buyTxId":"8323663ed618f116c23c83b7a8958b0532cce62f","sellTxId":"dd0de2e07017f123d15fc45d2cd2ea8534ec59a5"}
{"index": {"_index":"spt","_id":"2845260"}}
	{"id":2845260,"type":"sell","buyer":"thewycher","seller":"mightyrocklee","symbol":"SPT","quantity":"865.494172","price":"0.00289101","timestamp":1645663209,"volume":"2.50215230","buyTxId":"8323663ed618f116c23c83b7a8958b0532cce62f","sellTxId":"c0d2fc4963996d5bae67c3c1642e810b1bee7769"}
{"index": {"_index":"spt","_id":"2845261"}}
	{"id":2845261,"type":"sell","buyer":"thewycher","seller":"mightyrocklee","symbol":"SPT","quantity":"112.283321","price":"0.00289101","timestamp":1645663209,"volume":"0.32461220","buyTxId":"15c397c0a9ac3067c4b33907057e3000b09ae0a6","sellTxId":"c0d2fc4963996d5bae67c3c1642e810b1bee7769"}
{"index": {"_index":"spt","_id":"2845308"}}
	{"id":2845308,"type":"sell","buyer":"thewycher","seller":"dhedge-drips","symbol":"SPT","quantity":"0.001833","price":"0.00289101","timestamp":1645663581,"volume":"0.00000530","buyTxId":"15c397c0a9ac3067c4b33907057e3000b09ae0a6","sellTxId":"29d2d41c13b84eb2634672954dd5fb033d017e9c"}
{"index": {"_index":"spt","_id":"2845482"}}
	{"id":2845482,"type":"buy","buyer":"ahmetay","seller":"libertycrypto27","symbol":"SPT","quantity":"2080.868536","price":"0.00319000","timestamp":1645665609,"volume":"6.63797063","buyTxId":"7812b24f2ad868c120125d9c97ad9abf2b1de649","sellTxId":"eb383791f7bc5e4e32c6e1b96b368e875906000f"}
{"index": {"_index":"spt","_id":"2845483"}}
	{"id":2845483,"type":"buy","buyer":"ahmetay","seller":"brofi-market","symbol":"SPT","quantity":"3.334048","price":"0.00319000","timestamp":1645665609,"volume":"0.01063561","buyTxId":"7812b24f2ad868c120125d9c97ad9abf2b1de649","sellTxId":"2ffea442a5dea2269242a5d190b8c4fff3260fc9"}
{"index": {"_index":"spt","_id":"2845484"}}
	{"id":2845484,"type":"buy","buyer":"ahmetay","seller":"dhedge-drips","symbol":"SPT","quantity":"0.001833","price":"0.00319000","timestamp":1645665609,"volume":"0.00000585","buyTxId":"7812b24f2ad868c120125d9c97ad9abf2b1de649","sellTxId":"6f783efa46deb603cdc69de8ea4d7d14833f0075"}
{"index": {"_index":"spt","_id":"2845526"}}
	{"id":2845526,"type":"buy","buyer":"ahmetay","seller":"beetrader","symbol":"SPT","quantity":"48.521552","price":"0.00320000","timestamp":1645666065,"volume":"0.15526897","buyTxId":"db90ac609312ce8767d49eaf83361f5ac5af9df5","sellTxId":"MM-P-15083228-62070831-3-3-0"}
{"index": {"_index":"spt","_id":"2845527"}}
	{"id":2845527,"type":"buy","buyer":"ahmetay","seller":"he-index","symbol":"SPT","quantity":"0.025000","price":"0.00320000","timestamp":1645666065,"volume":"0.00008000","buyTxId":"db90ac609312ce8767d49eaf83361f5ac5af9df5","sellTxId":"ffc823e39d0d3af8f88f610e6fa25da2d806abba"}
{"index": {"_index":"spt","_id":"2845528"}}
	{"id":2845528,"type":"buy","buyer":"ahmetay","seller":"kojiri","symbol":"SPT","quantity":"889.453448","price":"0.00321000","timestamp":1645666065,"volume":"2.85514557","buyTxId":"db90ac609312ce8767d49eaf83361f5ac5af9df5","sellTxId":"fa98ba24539deb74b438575ab80d6e5fba0f9367"}
{"index": {"_index":"spt","_id":"2845860"}}
	{"id":2845860,"type":"sell","buyer":"thewycher","seller":"bearbear613","symbol":"SPT","quantity":"9.704000","price":"0.00289101","timestamp":1645670880,"volume":"0.02805436","buyTxId":"15c397c0a9ac3067c4b33907057e3000b09ae0a6","sellTxId":"dd37318dcabaa29e0689c2d5dffcee1cf4bd8ba4"}
{"index": {"_index":"spt","_id":"2846028"}}
	{"id":2846028,"type":"sell","buyer":"thewycher","seller":"bdmcarm","symbol":"SPT","quantity":"103.587488","price":"0.00289101","timestamp":1645672977,"volume":"0.29947246","buyTxId":"15c397c0a9ac3067c4b33907057e3000b09ae0a6","sellTxId":"8d8373f1ee432680561125fb02a9328ede9fe4c0"}
{"index": {"_index":"spt","_id":"2846115"}}
	{"id":2846115,"type":"buy","buyer":"dswap","seller":"saachi","symbol":"SPT","quantity":"140.000000","price":"0.00320000","timestamp":1645674147,"volume":"0.44800000","buyTxId":"cee61bd6e3a323dbf1d313e36a70d6c317542989","sellTxId":"e0cbf1f00edb4193df21ab8ea37c51deac04a61a"}
{"index": {"_index":"spt","_id":"2846116"}}
	{"id":2846116,"type":"buy","buyer":"dswap","seller":"kojiri","symbol":"SPT","quantity":"48.546552","price":"0.00321000","timestamp":1645674147,"volume":"0.15583443","buyTxId":"cee61bd6e3a323dbf1d313e36a70d6c317542989","sellTxId":"fa98ba24539deb74b438575ab80d6e5fba0f9367"}
{"index": {"_index":"spt","_id":"2846117"}}
	{"id":2846117,"type":"buy","buyer":"dswap","seller":"brofi-market","symbol":"SPT","quantity":"0.124233","price":"0.00329400","timestamp":1645674147,"volume":"0.00040922","buyTxId":"cee61bd6e3a323dbf1d313e36a70d6c317542989","sellTxId":"c6f887b81c739e0c10c707f321d9c8649bad727e"}
{"index": {"_index":"spt","_id":"2846118"}}
	{"id":2846118,"type":"buy","buyer":"dswap","seller":"dhedge-drips","symbol":"SPT","quantity":"0.011646","price":"0.00329400","timestamp":1645674147,"volume":"0.00003836","buyTxId":"cee61bd6e3a323dbf1d313e36a70d6c317542989","sellTxId":"6515d5cf8feabfcfb60955f2ae385a74a9e02ca8"}
{"index": {"_index":"spt","_id":"2846119"}}
	{"id":2846119,"type":"buy","buyer":"dswap","seller":"dhedge-drips","symbol":"SPT","quantity":"0.008053","price":"0.00331200","timestamp":1645674147,"volume":"0.00002667","buyTxId":"cee61bd6e3a323dbf1d313e36a70d6c317542989","sellTxId":"549ccd0fa6652c5676330614e47538d5033873ea"}
{"index": {"_index":"spt","_id":"2846120"}}
	{"id":2846120,"type":"buy","buyer":"dswap","seller":"brofi-market","symbol":"SPT","quantity":"2.694742","price":"0.00338900","timestamp":1645674147,"volume":"0.00913248","buyTxId":"cee61bd6e3a323dbf1d313e36a70d6c317542989","sellTxId":"57e67b4ae9d357dae2a884993bdccf9fd971e4d1"}
{"index": {"_index":"spt","_id":"2846121"}}
	{"id":2846121,"type":"buy","buyer":"dswap","seller":"caimanx","symbol":"SPT","quantity":"251.208825","price":"0.00349990","timestamp":1645674147,"volume":"0.87920577","buyTxId":"cee61bd6e3a323dbf1d313e36a70d6c317542989","sellTxId":"b0925c177765b695daf83083f6e29f68c41bc464"}
