{"index": {"_index":"spt","_id":"3137319"}}
	{"id":3137319,"type":"buy","buyer":"dswap","seller":"falcout","symbol":"SPT","quantity":"1588.777935","price":"0.00202720","timestamp":1649214090,"volume":"3.22077063","buyTxId":"c4e76558700996aab5af2e8d88f262b9b30dc1f2","sellTxId":"b12670e0a4196fa6437f4b24e07fc3e79680b8fa"}
{"index": {"_index":"spt","_id":"3137320"}}
	{"id":3137320,"type":"buy","buyer":"dswap","seller":"falcout","symbol":"SPT","quantity":"3000.000000","price":"0.00202720","timestamp":1649214090,"volume":"6.08160000","buyTxId":"c4e76558700996aab5af2e8d88f262b9b30dc1f2","sellTxId":"ad0776a00a3217fe7578832ee14fbb6de83003db"}
{"index": {"_index":"spt","_id":"3137321"}}
	{"id":3137321,"type":"buy","buyer":"dswap","seller":"brofi-market","symbol":"SPT","quantity":"0.246681","price":"0.00202720","timestamp":1649214090,"volume":"0.00050007","buyTxId":"c4e76558700996aab5af2e8d88f262b9b30dc1f2","sellTxId":"19706d0e05b2a857ade915828aea83779ad36831"}
{"index": {"_index":"spt","_id":"3137322"}}
	{"id":3137322,"type":"buy","buyer":"dswap","seller":"yameen","symbol":"SPT","quantity":"92.348052","price":"0.00208690","timestamp":1649214090,"volume":"0.19272115","buyTxId":"c4e76558700996aab5af2e8d88f262b9b30dc1f2","sellTxId":"735e2c2d0d5a0b021f06e5b27ae5fd943b63c79f"}
{"index": {"_index":"spt","_id":"3137323"}}
	{"id":3137323,"type":"buy","buyer":"dswap","seller":"dhedge-drips","symbol":"SPT","quantity":"0.030433","price":"0.00208690","timestamp":1649214090,"volume":"0.00006351","buyTxId":"c4e76558700996aab5af2e8d88f262b9b30dc1f2","sellTxId":"f70af391570dbfb9b45e0aaf20cb54f36235d250"}
{"index": {"_index":"spt","_id":"3137324"}}
	{"id":3137324,"type":"buy","buyer":"dswap","seller":"brofi-market","symbol":"SPT","quantity":"0.168078","price":"0.00208690","timestamp":1649214090,"volume":"0.00035076","buyTxId":"c4e76558700996aab5af2e8d88f262b9b30dc1f2","sellTxId":"7846087abe67f3eeec77b7e774e12fdbb2d1924c"}
{"index": {"_index":"spt","_id":"3137325"}}
	{"id":3137325,"type":"buy","buyer":"dswap","seller":"brofi-market","symbol":"SPT","quantity":"0.324629","price":"0.00209976","timestamp":1649214090,"volume":"0.00068164","buyTxId":"c4e76558700996aab5af2e8d88f262b9b30dc1f2","sellTxId":"3693d85d6c47ece572c287822c1e61f7b3452a60"}
{"index": {"_index":"spt","_id":"3137326"}}
	{"id":3137326,"type":"buy","buyer":"dswap","seller":"sondershausen","symbol":"SPT","quantity":"7.219929","price":"0.00210077","timestamp":1649214090,"volume":"0.01516741","buyTxId":"c4e76558700996aab5af2e8d88f262b9b30dc1f2","sellTxId":"ff570c8657a4a7b0b15c0c70882048bbfb7a394e"}
{"index": {"_index":"spt","_id":"3137327"}}
	{"id":3137327,"type":"buy","buyer":"dswap","seller":"niallon11","symbol":"SPT","quantity":"600.978853","price":"0.00210299","timestamp":1649214090,"volume":"1.26385252","buyTxId":"c4e76558700996aab5af2e8d88f262b9b30dc1f2","sellTxId":"141a94cd305c9055edca8c9a8af83269fa551963"}
{"index": {"_index":"spt","_id":"3137395"}}
	{"id":3137395,"type":"buy","buyer":"captainquack22","seller":"niallon11","symbol":"SPT","quantity":"1005.745375","price":"0.00210299","timestamp":1649215053,"volume":"2.11507247","buyTxId":"1cf1aa319acd7998642502cf6f87e8fe0f2e7764","sellTxId":"141a94cd305c9055edca8c9a8af83269fa551963"}
{"index": {"_index":"spt","_id":"3137396"}}
	{"id":3137396,"type":"buy","buyer":"captainquack22","seller":"dhedge-drips","symbol":"SPT","quantity":"0.016505","price":"0.00210400","timestamp":1649215053,"volume":"0.00003473","buyTxId":"1cf1aa319acd7998642502cf6f87e8fe0f2e7764","sellTxId":"f257cdd5652cbc34cf36685f47baf8146a4706b7"}
{"index": {"_index":"spt","_id":"3137397"}}
	{"id":3137397,"type":"buy","buyer":"captainquack22","seller":"brofi-market","symbol":"SPT","quantity":"0.112718","price":"0.00210400","timestamp":1649215053,"volume":"0.00023716","buyTxId":"1cf1aa319acd7998642502cf6f87e8fe0f2e7764","sellTxId":"7fe5950b9752bdb7ca6a6bd8a37c20fb1d3e866a"}
{"index": {"_index":"spt","_id":"3137398"}}
	{"id":3137398,"type":"buy","buyer":"captainquack22","seller":"zasktrader","symbol":"SPT","quantity":"484.000000","price":"0.00210500","timestamp":1649215053,"volume":"1.01882000","buyTxId":"1cf1aa319acd7998642502cf6f87e8fe0f2e7764","sellTxId":"996a25025357caf693bec5aa673a80aad6a15c78"}
{"index": {"_index":"spt","_id":"3137399"}}
	{"id":3137399,"type":"buy","buyer":"captainquack22","seller":"brofi-market","symbol":"SPT","quantity":"0.176061","price":"0.00210675","timestamp":1649215053,"volume":"0.00037092","buyTxId":"1cf1aa319acd7998642502cf6f87e8fe0f2e7764","sellTxId":"a9db88dafce5ffd8e4ff2e0f38a0042aa5dae6ce"}
{"index": {"_index":"spt","_id":"3137400"}}
	{"id":3137400,"type":"buy","buyer":"captainquack22","seller":"dubble.eth","symbol":"SPT","quantity":"100.614259","price":"0.00212000","timestamp":1649215053,"volume":"0.21330223","buyTxId":"1cf1aa319acd7998642502cf6f87e8fe0f2e7764","sellTxId":"c266df745e90c4744bbcee94d5f367d0a55bac73"}
{"index": {"_index":"spt","_id":"3137401"}}
	{"id":3137401,"type":"buy","buyer":"captainquack22","seller":"brofi-market","symbol":"SPT","quantity":"0.966422","price":"0.00212000","timestamp":1649215053,"volume":"0.00204881","buyTxId":"1cf1aa319acd7998642502cf6f87e8fe0f2e7764","sellTxId":"5a2342713df1a630749cd3eb1a4d6667b90f6bb2"}
{"index": {"_index":"spt","_id":"3137402"}}
	{"id":3137402,"type":"buy","buyer":"captainquack22","seller":"brofi-market","symbol":"SPT","quantity":"3.818617","price":"0.00212000","timestamp":1649215053,"volume":"0.00809547","buyTxId":"1cf1aa319acd7998642502cf6f87e8fe0f2e7764","sellTxId":"82f6ac68fd8c09b79f57f82dae3cfb71b2f0f739"}
{"index": {"_index":"spt","_id":"3137403"}}
	{"id":3137403,"type":"buy","buyer":"captainquack22","seller":"dhedge-drips","symbol":"SPT","quantity":"0.093074","price":"0.00212000","timestamp":1649215053,"volume":"0.00019732","buyTxId":"1cf1aa319acd7998642502cf6f87e8fe0f2e7764","sellTxId":"12fe2039e4333b30cbe72f56bdbd658942d9e321"}
{"index": {"_index":"spt","_id":"3137404"}}
	{"id":3137404,"type":"buy","buyer":"captainquack22","seller":"dhedge-drips","symbol":"SPT","quantity":"0.037176","price":"0.00224250","timestamp":1649215053,"volume":"0.00008337","buyTxId":"1cf1aa319acd7998642502cf6f87e8fe0f2e7764","sellTxId":"6495d9f0cfb9bd3fb6c6f54c84e5bcf98c5a9831"}
{"index": {"_index":"spt","_id":"3137405"}}
	{"id":3137405,"type":"buy","buyer":"captainquack22","seller":"laundrywoman","symbol":"SPT","quantity":"285.394254","price":"0.00224860","timestamp":1649215053,"volume":"0.64173752","buyTxId":"1cf1aa319acd7998642502cf6f87e8fe0f2e7764","sellTxId":"e9e30847d281bb792649e11ce4fefc81f9da703b"}
{"index": {"_index":"spt","_id":"3137730"}}
	{"id":3137730,"type":"sell","buyer":"multifurcate","seller":"brofi-market","symbol":"SPT","quantity":"1.993173","price":"0.00157100","timestamp":1649218284,"volume":"0.00313127","buyTxId":"0a51a28225b7eb31c6ed95e31c0aa9fcc58e6606","sellTxId":"d840cfadfd5a4fe0eeb53927c1fd99a9c87f6193"}
{"index": {"_index":"spt","_id":"3137834"}}
	{"id":3137834,"type":"buy","buyer":"epic1985","seller":"laundrywoman","symbol":"SPT","quantity":"27.194507","price":"0.00224860","timestamp":1649219559,"volume":"0.06114957","buyTxId":"cc3c24d01d1c3e8f296abbce7ac3629c1143c8c9","sellTxId":"e9e30847d281bb792649e11ce4fefc81f9da703b"}
{"index": {"_index":"spt","_id":"3138255"}}
	{"id":3138255,"type":"sell","buyer":"multifurcate","seller":"dhedge-drips","symbol":"SPT","quantity":"0.007328","price":"0.00159000","timestamp":1649227542,"volume":"0.00001165","buyTxId":"b02a2026be35d5c3124a9d01a88da9e182a22cab","sellTxId":"611ff6c41100dd6aea63647b146088ae50415608"}
{"index": {"_index":"spt","_id":"3138435"}}
	{"id":3138435,"type":"sell","buyer":"thewycher","seller":"yameen","symbol":"SPT","quantity":"20.836467","price":"0.00159001","timestamp":1649229867,"volume":"0.03313019","buyTxId":"fa58f7a4183f30fc383dc4f23f7b3db30f11af8f","sellTxId":"e89e26d7f7b71d342e2fed90f6646c0daa162c23"}
{"index": {"_index":"spt","_id":"3138563"}}
	{"id":3138563,"type":"sell","buyer":"thewycher","seller":"cynano","symbol":"SPT","quantity":"81.143934","price":"0.00159001","timestamp":1649232165,"volume":"0.12901967","buyTxId":"fa58f7a4183f30fc383dc4f23f7b3db30f11af8f","sellTxId":"055202d9e827cd5065f553399cd5e47e7dd8658c"}
{"index": {"_index":"spt","_id":"3138601"}}
	{"id":3138601,"type":"sell","buyer":"thewycher","seller":"brofi-market","symbol":"SPT","quantity":"0.010684","price":"0.00159001","timestamp":1649232606,"volume":"0.00001699","buyTxId":"fa58f7a4183f30fc383dc4f23f7b3db30f11af8f","sellTxId":"a63ed26677d6ca70f9db0854865066a21a786399"}
{"index": {"_index":"spt","_id":"3138833"}}
	{"id":3138833,"type":"sell","buyer":"danideuder","seller":"chubb149","symbol":"SPT","quantity":"275.000000","price":"0.00170000","timestamp":1649236944,"volume":"0.46750000","buyTxId":"6f8f81e013cb069193d902dde50e15043a999a57","sellTxId":"e3ce76eceaf9cdbf9fad1be8c57701f0a21a429d"}
{"index": {"_index":"spt","_id":"3138834"}}
	{"id":3138834,"type":"sell","buyer":"multifurcate","seller":"chubb149","symbol":"SPT","quantity":"6142.937975","price":"0.00159109","timestamp":1649236944,"volume":"9.77396718","buyTxId":"26cb19934c0feb9aaee3d0eedc8126f8a4183d34","sellTxId":"e3ce76eceaf9cdbf9fad1be8c57701f0a21a429d"}
{"index": {"_index":"spt","_id":"3138916"}}
	{"id":3138916,"type":"sell","buyer":"multifurcate","seller":"dswap","symbol":"SPT","quantity":"21.267733","price":"0.00159109","timestamp":1649237838,"volume":"0.03383888","buyTxId":"26cb19934c0feb9aaee3d0eedc8126f8a4183d34","sellTxId":"074f0b3b102ca3d82cf9b6332c0d3591be80d4e8"}
{"index": {"_index":"spt","_id":"3139118"}}
	{"id":3139118,"type":"sell","buyer":"thewycher","seller":"fedesox","symbol":"SPT","quantity":"300.000000","price":"0.00159110","timestamp":1649241114,"volume":"0.47733000","buyTxId":"88013ff3967d033ef3152cd104028502373f4644","sellTxId":"dc55ce44ad7207f0b4a76c3be41bf7b46de9fb2c"}
{"index": {"_index":"spt","_id":"3139119"}}
	{"id":3139119,"type":"sell","buyer":"thewycher","seller":"fedesox","symbol":"SPT","quantity":"300.000000","price":"0.00159110","timestamp":1649241114,"volume":"0.47733000","buyTxId":"4834978452fabf92300ac6f03d78eb2e99dc1362","sellTxId":"dc55ce44ad7207f0b4a76c3be41bf7b46de9fb2c"}
{"index": {"_index":"spt","_id":"3139120"}}
	{"id":3139120,"type":"sell","buyer":"thewycher","seller":"fedesox","symbol":"SPT","quantity":"300.000000","price":"0.00159110","timestamp":1649241114,"volume":"0.47733000","buyTxId":"7fd6e2476a92bbed53bd3cedb50c09d59aaf15c3","sellTxId":"dc55ce44ad7207f0b4a76c3be41bf7b46de9fb2c"}
{"index": {"_index":"spt","_id":"3139121"}}
	{"id":3139121,"type":"sell","buyer":"thewycher","seller":"fedesox","symbol":"SPT","quantity":"300.000000","price":"0.00159110","timestamp":1649241114,"volume":"0.47733000","buyTxId":"a429a236626e367216120bbaaac69f22f95a7526","sellTxId":"dc55ce44ad7207f0b4a76c3be41bf7b46de9fb2c"}
{"index": {"_index":"spt","_id":"3139122"}}
	{"id":3139122,"type":"sell","buyer":"thewycher","seller":"fedesox","symbol":"SPT","quantity":"300.000000","price":"0.00159110","timestamp":1649241114,"volume":"0.47733000","buyTxId":"990361931202c6b9c82a0cb321e3024bc3bdf0ab","sellTxId":"dc55ce44ad7207f0b4a76c3be41bf7b46de9fb2c"}
{"index": {"_index":"spt","_id":"3139123"}}
	{"id":3139123,"type":"sell","buyer":"thewycher","seller":"fedesox","symbol":"SPT","quantity":"300.000000","price":"0.00159110","timestamp":1649241114,"volume":"0.47733000","buyTxId":"f04fe496548a825935c1ecd8bc30395c74beb5a4","sellTxId":"dc55ce44ad7207f0b4a76c3be41bf7b46de9fb2c"}
{"index": {"_index":"spt","_id":"3139124"}}
	{"id":3139124,"type":"sell","buyer":"thewycher","seller":"fedesox","symbol":"SPT","quantity":"300.000000","price":"0.00159110","timestamp":1649241114,"volume":"0.47733000","buyTxId":"599d910be09cd805f2b2238877689b2ff8924dc4","sellTxId":"dc55ce44ad7207f0b4a76c3be41bf7b46de9fb2c"}
{"index": {"_index":"spt","_id":"3139125"}}
	{"id":3139125,"type":"sell","buyer":"thewycher","seller":"fedesox","symbol":"SPT","quantity":"300.000000","price":"0.00159110","timestamp":1649241114,"volume":"0.47733000","buyTxId":"da751785c29a841e81e5714365c714f0d8a4fca3","sellTxId":"dc55ce44ad7207f0b4a76c3be41bf7b46de9fb2c"}
{"index": {"_index":"spt","_id":"3139126"}}
	{"id":3139126,"type":"sell","buyer":"thewycher","seller":"fedesox","symbol":"SPT","quantity":"300.000000","price":"0.00159110","timestamp":1649241114,"volume":"0.47733000","buyTxId":"fc890475d347adefbf58a68d44b666caf704309f","sellTxId":"dc55ce44ad7207f0b4a76c3be41bf7b46de9fb2c"}
{"index": {"_index":"spt","_id":"3139127"}}
	{"id":3139127,"type":"sell","buyer":"thewycher","seller":"fedesox","symbol":"SPT","quantity":"300.000000","price":"0.00159110","timestamp":1649241114,"volume":"0.47733000","buyTxId":"13c90bb8cf689263568468ca288d34d1732e4f86","sellTxId":"dc55ce44ad7207f0b4a76c3be41bf7b46de9fb2c"}
{"index": {"_index":"spt","_id":"3139128"}}
	{"id":3139128,"type":"sell","buyer":"multifurcate","seller":"fedesox","symbol":"SPT","quantity":"103024.794292","price":"0.00159109","timestamp":1649241114,"volume":"163.92171995","buyTxId":"26cb19934c0feb9aaee3d0eedc8126f8a4183d34","sellTxId":"dc55ce44ad7207f0b4a76c3be41bf7b46de9fb2c"}
{"index": {"_index":"spt","_id":"3139129"}}
	{"id":3139129,"type":"sell","buyer":"rzc24-nftbbg","seller":"fedesox","symbol":"SPT","quantity":"600.000000","price":"0.00159009","timestamp":1649241114,"volume":"0.95405400","buyTxId":"ea6f28e606a347330f6f3f4321c7eb015008f32a","sellTxId":"dc55ce44ad7207f0b4a76c3be41bf7b46de9fb2c"}
{"index": {"_index":"spt","_id":"3139130"}}
	{"id":3139130,"type":"sell","buyer":"rzc24-nftbbg","seller":"fedesox","symbol":"SPT","quantity":"600.000000","price":"0.00158900","timestamp":1649241114,"volume":"0.95340000","buyTxId":"d796171eedba9d3a6f456b27114ef85713be22d3","sellTxId":"dc55ce44ad7207f0b4a76c3be41bf7b46de9fb2c"}
{"index": {"_index":"spt","_id":"3139131"}}
	{"id":3139131,"type":"sell","buyer":"kitsuki","seller":"fedesox","symbol":"SPT","quantity":"440.000000","price":"0.00155305","timestamp":1649241114,"volume":"0.68334200","buyTxId":"d3531c2f8d9aad6849e65303c5a2afdfde3e9df9","sellTxId":"dc55ce44ad7207f0b4a76c3be41bf7b46de9fb2c"}
{"index": {"_index":"spt","_id":"3139132"}}
	{"id":3139132,"type":"sell","buyer":"kitsuki","seller":"fedesox","symbol":"SPT","quantity":"1094.000000","price":"0.00155102","timestamp":1649241114,"volume":"1.69681588","buyTxId":"d043f42ae1188d32a24314f8537d35cba4b6e87d","sellTxId":"dc55ce44ad7207f0b4a76c3be41bf7b46de9fb2c"}
{"index": {"_index":"spt","_id":"3139133"}}
	{"id":3139133,"type":"sell","buyer":"eirik","seller":"fedesox","symbol":"SPT","quantity":"500.000000","price":"0.00155000","timestamp":1649241114,"volume":"0.77500000","buyTxId":"3abbbde298a167d560451a32ffdbc77e667d7aff","sellTxId":"dc55ce44ad7207f0b4a76c3be41bf7b46de9fb2c"}
{"index": {"_index":"spt","_id":"3139134"}}
	{"id":3139134,"type":"sell","buyer":"kitsuki","seller":"fedesox","symbol":"SPT","quantity":"1120.000000","price":"0.00152211","timestamp":1649241114,"volume":"1.70476320","buyTxId":"132e69a5620a8e908341c21d8933c95df7541e81","sellTxId":"dc55ce44ad7207f0b4a76c3be41bf7b46de9fb2c"}
{"index": {"_index":"spt","_id":"3139135"}}
	{"id":3139135,"type":"sell","buyer":"kitsuki","seller":"fedesox","symbol":"SPT","quantity":"610.000000","price":"0.00152109","timestamp":1649241114,"volume":"0.92786490","buyTxId":"950f7eed11a7801aff582c7a51b81f5a48d44605","sellTxId":"dc55ce44ad7207f0b4a76c3be41bf7b46de9fb2c"}
{"index": {"_index":"spt","_id":"3139136"}}
	{"id":3139136,"type":"sell","buyer":"kitsuki","seller":"fedesox","symbol":"SPT","quantity":"550.000000","price":"0.00152006","timestamp":1649241114,"volume":"0.83603300","buyTxId":"c9cf762b7e52abe755c4ab157d06ff2368337eef","sellTxId":"dc55ce44ad7207f0b4a76c3be41bf7b46de9fb2c"}
{"index": {"_index":"spt","_id":"3139137"}}
	{"id":3139137,"type":"sell","buyer":"kitsuki","seller":"fedesox","symbol":"SPT","quantity":"111.960000","price":"0.00151402","timestamp":1649241114,"volume":"0.16950968","buyTxId":"277e5de49affeaad7244ade0c5693003deb797ad","sellTxId":"dc55ce44ad7207f0b4a76c3be41bf7b46de9fb2c"}
{"index": {"_index":"spt","_id":"3139138"}}
	{"id":3139138,"type":"sell","buyer":"methus","seller":"fedesox","symbol":"SPT","quantity":"10000.000000","price":"0.00150712","timestamp":1649241114,"volume":"15.07120000","buyTxId":"5745ca66bd8527ddbf10ca3bce20fb58462c71d6","sellTxId":"dc55ce44ad7207f0b4a76c3be41bf7b46de9fb2c"}
{"index": {"_index":"spt","_id":"3139139"}}
	{"id":3139139,"type":"sell","buyer":"kitsuki","seller":"fedesox","symbol":"SPT","quantity":"525.716855","price":"0.00150306","timestamp":1649241114,"volume":"0.79018398","buyTxId":"d0508a6d52bc0bea7eb47046cc0b3c16f0ca2df9","sellTxId":"dc55ce44ad7207f0b4a76c3be41bf7b46de9fb2c"}
{"index": {"_index":"spt","_id":"3139140"}}
	{"id":3139140,"type":"sell","buyer":"jeffopenscards","seller":"fedesox","symbol":"SPT","quantity":"19083.321531","price":"0.00150200","timestamp":1649241114,"volume":"28.66314894","buyTxId":"a181e1b848c13da52a5588c1872bbbd1555e9983","sellTxId":"dc55ce44ad7207f0b4a76c3be41bf7b46de9fb2c"}
{"index": {"_index":"spt","_id":"3139630"}}
	{"id":3139630,"type":"sell","buyer":"multifurcate","seller":"brofi-market","symbol":"SPT","quantity":"0.379113","price":"0.00150300","timestamp":1649247027,"volume":"0.00056981","buyTxId":"66e2aaea6598adfba1b63a23f306e1ce87d4c783","sellTxId":"387f3ef349a757cecd0bd1bd002f6f74c59f6886"}
{"index": {"_index":"spt","_id":"3139759"}}
	{"id":3139759,"type":"sell","buyer":"multifurcate","seller":"bilpcoinbpc","symbol":"SPT","quantity":"0.690643","price":"0.00150300","timestamp":1649248578,"volume":"0.00103804","buyTxId":"66e2aaea6598adfba1b63a23f306e1ce87d4c783","sellTxId":"9f859c4dc2f5f5630a142ecb4be785928fe82119"}
{"index": {"_index":"spt","_id":"3139799"}}
	{"id":3139799,"type":"sell","buyer":"multifurcate","seller":"dhedge-drips","symbol":"SPT","quantity":"0.001002","price":"0.00150300","timestamp":1649249160,"volume":"0.00000151","buyTxId":"66e2aaea6598adfba1b63a23f306e1ce87d4c783","sellTxId":"d6029a2a0bc58de63d8454fbb5f390572167196f"}
{"index": {"_index":"spt","_id":"3139949"}}
	{"id":3139949,"type":"buy","buyer":"diegorccp","seller":"laundrywoman","symbol":"SPT","quantity":"1250.000000","price":"0.00223700","timestamp":1649250777,"volume":"2.79625000","buyTxId":"f89585c5bcd6228879d91594a287bbe651c5872f","sellTxId":"846c0640ab4a30ffc54fef9b14ab3b4a12c99431"}
{"index": {"_index":"spt","_id":"3140521"}}
	{"id":3140521,"type":"sell","buyer":"multifurcate","seller":"frawdielp2","symbol":"SPT","quantity":"11.107792","price":"0.00150300","timestamp":1649257737,"volume":"0.01669501","buyTxId":"bcd373ad0a8511c63d16b2d13a729efead3e1b99","sellTxId":"ec1202fcb9533e7f2fe58a4e98002718ee6866a6"}
{"index": {"_index":"spt","_id":"3140867"}}
	{"id":3140867,"type":"buy","buyer":"dswap","seller":"khazrakh","symbol":"SPT","quantity":"170.702505","price":"0.00200000","timestamp":1649260743,"volume":"0.34140501","buyTxId":"7381d0dcc7f78bb62d79a2229936695d644baced","sellTxId":"78cfb27eb85eb82b15e9cebe1a0925fdb5546074"}
{"index": {"_index":"spt","_id":"3140936"}}
	{"id":3140936,"type":"sell","buyer":"thewycher","seller":"brofi-market","symbol":"SPT","quantity":"0.243701","price":"0.00150301","timestamp":1649261493,"volume":"0.00036629","buyTxId":"17b9cd29568dd98f1b9c6c186722c22a771af0df","sellTxId":"b6ca68782a9b4989b9077a603f3e93fa35f5694b"}
{"index": {"_index":"spt","_id":"3140969"}}
	{"id":3140969,"type":"sell","buyer":"thewycher","seller":"uglykillerpigz","symbol":"SPT","quantity":"0.027625","price":"0.00150301","timestamp":1649261874,"volume":"0.00004152","buyTxId":"17b9cd29568dd98f1b9c6c186722c22a771af0df","sellTxId":"29a52826587cde66cabc4e78765ffa2df78384ff"}
{"index": {"_index":"spt","_id":"3141271"}}
	{"id":3141271,"type":"sell","buyer":"thewycher","seller":"chireerocks","symbol":"SPT","quantity":"70.547667","price":"0.00150301","timestamp":1649264538,"volume":"0.10603385","buyTxId":"17b9cd29568dd98f1b9c6c186722c22a771af0df","sellTxId":"1e73bd028f79c1a64450be59634f4c30912da822"}
{"index": {"_index":"spt","_id":"3141320"}}
	{"id":3141320,"type":"buy","buyer":"egistar","seller":"kitsuki","symbol":"SPT","quantity":"248.000000","price":"0.00199920","timestamp":1649264934,"volume":"0.49580160","buyTxId":"03d1f6ee541cca9e57d72387bd3bdba526fc607b","sellTxId":"b724f5f7387130027de67ad87007191a51fdc93b"}
{"index": {"_index":"spt","_id":"3141321"}}
	{"id":3141321,"type":"buy","buyer":"egistar","seller":"brofi-market","symbol":"SPT","quantity":"0.243701","price":"0.00199920","timestamp":1649264934,"volume":"0.00048721","buyTxId":"03d1f6ee541cca9e57d72387bd3bdba526fc607b","sellTxId":"19672ccf8e5d20be66100f00d748c876e6ca44b4"}
{"index": {"_index":"spt","_id":"3141322"}}
	{"id":3141322,"type":"buy","buyer":"egistar","seller":"khazrakh","symbol":"SPT","quantity":"1751.855595","price":"0.00200000","timestamp":1649264934,"volume":"3.50371119","buyTxId":"03d1f6ee541cca9e57d72387bd3bdba526fc607b","sellTxId":"78cfb27eb85eb82b15e9cebe1a0925fdb5546074"}
{"index": {"_index":"spt","_id":"3141333"}}
	{"id":3141333,"type":"buy","buyer":"arpuch","seller":"khazrakh","symbol":"SPT","quantity":"734.821708","price":"0.00200000","timestamp":1649265036,"volume":"1.46964342","buyTxId":"82680290c73951f54391425fcb50e86824bfaaef","sellTxId":"78cfb27eb85eb82b15e9cebe1a0925fdb5546074"}
{"index": {"_index":"spt","_id":"3141334"}}
	{"id":3141334,"type":"buy","buyer":"arpuch","seller":"laundrywoman","symbol":"SPT","quantity":"265.178292","price":"0.00223487","timestamp":1649265036,"volume":"0.59263901","buyTxId":"82680290c73951f54391425fcb50e86824bfaaef","sellTxId":"1411e28447d4ab98457aacda322408f508f691d6"}
{"index": {"_index":"spt","_id":"3141398"}}
	{"id":3141398,"type":"sell","buyer":"multifurcate","seller":"kran1um","symbol":"SPT","quantity":"2135.473103","price":"0.00150403","timestamp":1649265825,"volume":"3.21181561","buyTxId":"566835e8b4113332ee41c7484e6f4a902927b175","sellTxId":"f7628474ef3812d08abff715908cf7452c970f87"}
{"index": {"_index":"spt","_id":"3141613"}}
	{"id":3141613,"type":"buy","buyer":"diegorccp","seller":"laundrywoman","symbol":"SPT","quantity":"400.000000","price":"0.00223280","timestamp":1649267544,"volume":"0.89312000","buyTxId":"94476a030468531a693c1b3755c0ee8f2bf41237","sellTxId":"29fd4e523f7d838ed97f26e9b4d535e9830a6c6d"}
{"index": {"_index":"spt","_id":"3141806"}}
	{"id":3141806,"type":"sell","buyer":"multifurcate","seller":"jujubajubs","symbol":"SPT","quantity":"1805.359769","price":"0.00150403","timestamp":1649269899,"volume":"2.71531525","buyTxId":"566835e8b4113332ee41c7484e6f4a902927b175","sellTxId":"ece9a427465f5a48e07c294b9414ef58988fc85d"}
{"index": {"_index":"spt","_id":"3141883"}}
	{"id":3141883,"type":"sell","buyer":"multifurcate","seller":"dhedge-drips","symbol":"SPT","quantity":"0.022846","price":"0.00150403","timestamp":1649270760,"volume":"0.00003436","buyTxId":"566835e8b4113332ee41c7484e6f4a902927b175","sellTxId":"3f43617d77fa64d59f0286647265ef38d438320b"}
{"index": {"_index":"spt","_id":"3141987"}}
	{"id":3141987,"type":"sell","buyer":"multifurcate","seller":"monsterjamgold","symbol":"SPT","quantity":"1.955539","price":"0.00150403","timestamp":1649271618,"volume":"0.00294119","buyTxId":"566835e8b4113332ee41c7484e6f4a902927b175","sellTxId":"0a573d8f5eba2407b80e363194d75fcb3b66669f"}
{"index": {"_index":"spt","_id":"3142264"}}
	{"id":3142264,"type":"buy","buyer":"jongolson","seller":"laundrywoman","symbol":"SPT","quantity":"1000.000000","price":"0.00223280","timestamp":1649274864,"volume":"2.23280000","buyTxId":"1bf17b4f5de18071799db84a729def95d7c6b581","sellTxId":"29fd4e523f7d838ed97f26e9b4d535e9830a6c6d"}
{"index": {"_index":"spt","_id":"3142346"}}
	{"id":3142346,"type":"sell","buyer":"thewycher","seller":"brofi-market","symbol":"SPT","quantity":"0.218518","price":"0.00150404","timestamp":1649275953,"volume":"0.00032866","buyTxId":"3f8307a2ce3758e25da5dcbebe3d10c435c2d055","sellTxId":"db2b8b407c6cc4502f049da6cf5d27718ae18e64"}
{"index": {"_index":"spt","_id":"3142665"}}
	{"id":3142665,"type":"buy","buyer":"andriko","seller":"laundrywoman","symbol":"SPT","quantity":"5329.630956","price":"0.00223280","timestamp":1649279874,"volume":"11.9","buyTxId":"f48fe8827df1dd3475a3a8725d75820e1d57b1c0","sellTxId":"29fd4e523f7d838ed97f26e9b4d535e9830a6c6d"}
{"index": {"_index":"spt","_id":"3142744"}}
	{"id":3142744,"type":"buy","buyer":"dswap","seller":"laundrywoman","symbol":"SPT","quantity":"636.420637","price":"0.00223280","timestamp":1649280720,"volume":"1.421","buyTxId":"8717839c8caf1a489c8810c33ebc8f98e619a819","sellTxId":"29fd4e523f7d838ed97f26e9b4d535e9830a6c6d"}
{"index": {"_index":"spt","_id":"3142786"}}
	{"id":3142786,"type":"buy","buyer":"successchar","seller":"laundrywoman","symbol":"SPT","quantity":"1000.000000","price":"0.00223280","timestamp":1649281419,"volume":"2.23280000","buyTxId":"87414210967336d26be4242798623b23653f4180","sellTxId":"29fd4e523f7d838ed97f26e9b4d535e9830a6c6d"}
{"index": {"_index":"spt","_id":"3142816"}}
	{"id":3142816,"type":"sell","buyer":"thewycher","seller":"dswap","symbol":"SPT","quantity":"299.781482","price":"0.00150404","timestamp":1649281662,"volume":"0.45088334","buyTxId":"3f8307a2ce3758e25da5dcbebe3d10c435c2d055","sellTxId":"0b78dccb1da4680f5a997d709a5458c9d6bc2647"}
{"index": {"_index":"spt","_id":"3142817"}}
	{"id":3142817,"type":"sell","buyer":"thewycher","seller":"dswap","symbol":"SPT","quantity":"300.000000","price":"0.00150404","timestamp":1649281662,"volume":"0.45121200","buyTxId":"1ee0b193241f94dfb13b8973538cf6dc58bb18f5","sellTxId":"0b78dccb1da4680f5a997d709a5458c9d6bc2647"}
{"index": {"_index":"spt","_id":"3142818"}}
	{"id":3142818,"type":"sell","buyer":"thewycher","seller":"dswap","symbol":"SPT","quantity":"300.000000","price":"0.00150404","timestamp":1649281662,"volume":"0.45121200","buyTxId":"68a495c06a0b3f6a4258f1d37511f0749e19e45f","sellTxId":"0b78dccb1da4680f5a997d709a5458c9d6bc2647"}
{"index": {"_index":"spt","_id":"3142819"}}
	{"id":3142819,"type":"sell","buyer":"thewycher","seller":"dswap","symbol":"SPT","quantity":"255.183825","price":"0.00150404","timestamp":1649281662,"volume":"0.38380668","buyTxId":"57d5f76aedd464af78f726bbcb1ed58e924a5e93","sellTxId":"0b78dccb1da4680f5a997d709a5458c9d6bc2647"}
{"index": {"_index":"spt","_id":"3142896"}}
	{"id":3142896,"type":"sell","buyer":"thewycher","seller":"he-index","symbol":"SPT","quantity":"0.027000","price":"0.00150404","timestamp":1649282538,"volume":"0.00004061","buyTxId":"57d5f76aedd464af78f726bbcb1ed58e924a5e93","sellTxId":"0ec5246af01a8888b0118ed462e1a5cc396b156b"}
{"index": {"_index":"spt","_id":"3143359"}}
	{"id":3143359,"type":"sell","buyer":"thewycher","seller":"dswap","symbol":"SPT","quantity":"300.000000","price":"0.00150506","timestamp":1649288352,"volume":"0.45151800","buyTxId":"ff7632f8aae36a94b651f97c8ba2bcf7e5753260","sellTxId":"68c44cc06e33a5a8f132410cba45dee9ac233829"}
{"index": {"_index":"spt","_id":"3143360"}}
	{"id":3143360,"type":"sell","buyer":"thewycher","seller":"dswap","symbol":"SPT","quantity":"300.000000","price":"0.00150506","timestamp":1649288352,"volume":"0.45151800","buyTxId":"dae9908ea2620ff690f26f4e260aa728fdc40148","sellTxId":"68c44cc06e33a5a8f132410cba45dee9ac233829"}
{"index": {"_index":"spt","_id":"3143361"}}
	{"id":3143361,"type":"sell","buyer":"thewycher","seller":"dswap","symbol":"SPT","quantity":"300.000000","price":"0.00150506","timestamp":1649288352,"volume":"0.45151800","buyTxId":"af481f6236bb8c6709bf0f3591f096050d8e20be","sellTxId":"68c44cc06e33a5a8f132410cba45dee9ac233829"}
{"index": {"_index":"spt","_id":"3143362"}}
	{"id":3143362,"type":"sell","buyer":"thewycher","seller":"dswap","symbol":"SPT","quantity":"300.000000","price":"0.00150506","timestamp":1649288352,"volume":"0.45151800","buyTxId":"bce82561d2c0c258141fdea85804d3ce5c173548","sellTxId":"68c44cc06e33a5a8f132410cba45dee9ac233829"}
{"index": {"_index":"spt","_id":"3143363"}}
	{"id":3143363,"type":"sell","buyer":"thewycher","seller":"dswap","symbol":"SPT","quantity":"300.000000","price":"0.00150506","timestamp":1649288352,"volume":"0.45151800","buyTxId":"e04b7c45428b112d379b8921874abf821f82eb5b","sellTxId":"68c44cc06e33a5a8f132410cba45dee9ac233829"}
{"index": {"_index":"spt","_id":"3143364"}}
	{"id":3143364,"type":"sell","buyer":"thewycher","seller":"dswap","symbol":"SPT","quantity":"300.000000","price":"0.00150506","timestamp":1649288352,"volume":"0.45151800","buyTxId":"661f09a08af17a091857b68cc4162d113487de2a","sellTxId":"68c44cc06e33a5a8f132410cba45dee9ac233829"}
{"index": {"_index":"spt","_id":"3143365"}}
	{"id":3143365,"type":"sell","buyer":"thewycher","seller":"dswap","symbol":"SPT","quantity":"200.414399","price":"0.00150506","timestamp":1649288352,"volume":"0.30163570","buyTxId":"75d148b0bac30ee8e6f787b47f6bc6b213c8d964","sellTxId":"68c44cc06e33a5a8f132410cba45dee9ac233829"}
{"index": {"_index":"spt","_id":"3143532"}}
	{"id":3143532,"type":"sell","buyer":"thewycher","seller":"bitcoinflood","symbol":"SPT","quantity":"67.313997","price":"0.00150506","timestamp":1649290110,"volume":"0.10131160","buyTxId":"75d148b0bac30ee8e6f787b47f6bc6b213c8d964","sellTxId":"3e713fa3e36b66fc4dbfdeb8f79bd29297412b64"}
{"index": {"_index":"spt","_id":"3143552"}}
	{"id":3143552,"type":"sell","buyer":"thewycher","seller":"brofi-market","symbol":"SPT","quantity":"2.962981","price":"0.00150506","timestamp":1649290416,"volume":"0.00445946","buyTxId":"75d148b0bac30ee8e6f787b47f6bc6b213c8d964","sellTxId":"d853ad8a83d4a18c46b995fd40b18ef9ca522548"}
{"index": {"_index":"spt","_id":"3143679"}}
	{"id":3143679,"type":"sell","buyer":"thewycher","seller":"dhedge-drips","symbol":"SPT","quantity":"0.284432","price":"0.00150506","timestamp":1649292387,"volume":"0.00042809","buyTxId":"75d148b0bac30ee8e6f787b47f6bc6b213c8d964","sellTxId":"94576c6b9aa570ec97879f53d2d026b83a77c7f2"}
{"index": {"_index":"spt","_id":"3143852"}}
	{"id":3143852,"type":"sell","buyer":"thewycher","seller":"eijibr","symbol":"SPT","quantity":"29.024191","price":"0.00150506","timestamp":1649294070,"volume":"0.04368315","buyTxId":"75d148b0bac30ee8e6f787b47f6bc6b213c8d964","sellTxId":"78f2e78924962e5ed5d7e1e86c92c7eef18f15cb"}
{"index": {"_index":"spt","_id":"3143853"}}
	{"id":3143853,"type":"sell","buyer":"thewycher","seller":"eijibr","symbol":"SPT","quantity":"300.000000","price":"0.00150506","timestamp":1649294070,"volume":"0.45151800","buyTxId":"aec76d8889f7087df5352b84d87a3b88be0e0729","sellTxId":"78f2e78924962e5ed5d7e1e86c92c7eef18f15cb"}
{"index": {"_index":"spt","_id":"3143854"}}
	{"id":3143854,"type":"sell","buyer":"thewycher","seller":"eijibr","symbol":"SPT","quantity":"300.000000","price":"0.00150506","timestamp":1649294070,"volume":"0.45151800","buyTxId":"3432a9ad5ddcf525b715c9b9b426e959b8109037","sellTxId":"78f2e78924962e5ed5d7e1e86c92c7eef18f15cb"}
{"index": {"_index":"spt","_id":"3143855"}}
	{"id":3143855,"type":"sell","buyer":"thewycher","seller":"eijibr","symbol":"SPT","quantity":"300.000000","price":"0.00150506","timestamp":1649294070,"volume":"0.45151800","buyTxId":"2592c1eeb740336364e11423f80649fdc69b9fed","sellTxId":"78f2e78924962e5ed5d7e1e86c92c7eef18f15cb"}
{"index": {"_index":"spt","_id":"3143856"}}
	{"id":3143856,"type":"sell","buyer":"multifurcate","seller":"eijibr","symbol":"SPT","quantity":"1705.243132","price":"0.00150505","timestamp":1649294070,"volume":"2.56647618","buyTxId":"a73410e5648da32ac7fce6f8160da2ee91685f04","sellTxId":"78f2e78924962e5ed5d7e1e86c92c7eef18f15cb"}
{"index": {"_index":"spt","_id":"3144173"}}
	{"id":3144173,"type":"sell","buyer":"thewycher","seller":"dswap","symbol":"SPT","quantity":"300.000000","price":"0.00150506","timestamp":1649297529,"volume":"0.45151800","buyTxId":"a78aacc61610256753442ac438e4996e48de28fb","sellTxId":"101b0d5379d71916d100948f9b9dd07c9b7ecb22"}
{"index": {"_index":"spt","_id":"3144174"}}
	{"id":3144174,"type":"sell","buyer":"thewycher","seller":"dswap","symbol":"SPT","quantity":"300.000000","price":"0.00150506","timestamp":1649297529,"volume":"0.45151800","buyTxId":"529d35b7fe846631833dc8a2f68daa44be452b26","sellTxId":"101b0d5379d71916d100948f9b9dd07c9b7ecb22"}
{"index": {"_index":"spt","_id":"3144175"}}
	{"id":3144175,"type":"sell","buyer":"thewycher","seller":"dswap","symbol":"SPT","quantity":"300.000000","price":"0.00150506","timestamp":1649297529,"volume":"0.45151800","buyTxId":"fff24998431a1a89ebf81e0b18915ec6d7bfa045","sellTxId":"101b0d5379d71916d100948f9b9dd07c9b7ecb22"}
{"index": {"_index":"spt","_id":"3144176"}}
	{"id":3144176,"type":"sell","buyer":"thewycher","seller":"dswap","symbol":"SPT","quantity":"300.000000","price":"0.00150506","timestamp":1649297529,"volume":"0.45151800","buyTxId":"1c10b0d567da4f276fb3a56b33f4d5aeb367c611","sellTxId":"101b0d5379d71916d100948f9b9dd07c9b7ecb22"}
{"index": {"_index":"spt","_id":"3144177"}}
	{"id":3144177,"type":"sell","buyer":"thewycher","seller":"dswap","symbol":"SPT","quantity":"300.000000","price":"0.00150506","timestamp":1649297529,"volume":"0.45151800","buyTxId":"0ca05bcb83fac8fa5272f6f05ff56ae6e3f0fb88","sellTxId":"101b0d5379d71916d100948f9b9dd07c9b7ecb22"}
{"index": {"_index":"spt","_id":"3144241"}}
	{"id":3144241,"type":"sell","buyer":"thewycher","seller":"nrg","symbol":"SPT","quantity":"300.000000","price":"0.00150506","timestamp":1649298240,"volume":"0.45151800","buyTxId":"9fd384db241b8c0f8772035eb616b87196869cf3","sellTxId":"7f970d1c5a026519b30791680d8eaace4852d360-8"}
{"index": {"_index":"spt","_id":"3144242"}}
	{"id":3144242,"type":"sell","buyer":"thewycher","seller":"nrg","symbol":"SPT","quantity":"300.000000","price":"0.00150506","timestamp":1649298240,"volume":"0.45151800","buyTxId":"e749edbf4ce3abe8601b42cb70ad04c90dfd4036","sellTxId":"7f970d1c5a026519b30791680d8eaace4852d360-8"}
{"index": {"_index":"spt","_id":"3144243"}}
	{"id":3144243,"type":"sell","buyer":"thewycher","seller":"nrg","symbol":"SPT","quantity":"300.000000","price":"0.00150506","timestamp":1649298240,"volume":"0.45151800","buyTxId":"06913b3b0299d4907bd6b1b0d82e82834b3a02ef","sellTxId":"7f970d1c5a026519b30791680d8eaace4852d360-8"}
{"index": {"_index":"spt","_id":"3144244"}}
	{"id":3144244,"type":"sell","buyer":"thewycher","seller":"nrg","symbol":"SPT","quantity":"300.000000","price":"0.00150506","timestamp":1649298240,"volume":"0.45151800","buyTxId":"4cefd3ca86fc4afa554d4b9cf03d0937d9fbd335","sellTxId":"7f970d1c5a026519b30791680d8eaace4852d360-8"}
{"index": {"_index":"spt","_id":"3144245"}}
	{"id":3144245,"type":"sell","buyer":"thewycher","seller":"nrg","symbol":"SPT","quantity":"128.981229","price":"0.00150506","timestamp":1649298240,"volume":"0.19412449","buyTxId":"db9b130c751ce15e51df64a343955cad5a575800","sellTxId":"7f970d1c5a026519b30791680d8eaace4852d360-8"}
