{"index": {"_index":"spt","_id":"2524595"}}
	{"id":2524595,"type":"sell","buyer":"lulu-the-fizzgig","seller":"brofi-market","symbol":"SPT","quantity":"0.281005","price":"0.00231010","timestamp":1641960741,"volume":"0.00064915","buyTxId":"582f288ebd43bc51900b5aaf506d67789792a4cb","sellTxId":"f49fda3d414154d28bc2753f32c64613da23a791"}
{"index": {"_index":"spt","_id":"2524752"}}
	{"id":2524752,"type":"buy","buyer":"chireerocks","seller":"laundrywoman","symbol":"SPT","quantity":"350.000000","price":"0.00250793","timestamp":1641962520,"volume":"0.87777550","buyTxId":"2bea2f8fa286fabfe5c86181a019242ebafcb57b","sellTxId":"41254c42634f82208b54f5b0f9418b3c2d779ecf"}
{"index": {"_index":"spt","_id":"2525061"}}
	{"id":2525061,"type":"sell","buyer":"lulu-the-fizzgig","seller":"greengineer","symbol":"SPT","quantity":"299.718995","price":"0.00231010","timestamp":1641966912,"volume":"0.69238085","buyTxId":"582f288ebd43bc51900b5aaf506d67789792a4cb","sellTxId":"59d06548dfefcd725ff10229c1d3ab11af5c7d00"}
{"index": {"_index":"spt","_id":"2525062"}}
	{"id":2525062,"type":"sell","buyer":"dangerbald","seller":"greengineer","symbol":"SPT","quantity":"500.000000","price":"0.00231000","timestamp":1641966912,"volume":"1.15500000","buyTxId":"39036d45967697f35fb2e640724fe05da17dd172","sellTxId":"59d06548dfefcd725ff10229c1d3ab11af5c7d00"}
{"index": {"_index":"spt","_id":"2525226"}}
	{"id":2525226,"type":"sell","buyer":"granddaddies","seller":"lordtimoty","symbol":"SPT","quantity":"278.052725","price":"0.00222001","timestamp":1641968292,"volume":"0.61727983","buyTxId":"de87c3cc14fb4a656c95089d8a3f2607b3ff1c66","sellTxId":"3c98783634f9880ab00d1796852bf348def04667"}
{"index": {"_index":"spt","_id":"2525250"}}
	{"id":2525250,"type":"buy","buyer":"captainquack22","seller":"laundrywoman","symbol":"SPT","quantity":"775.932848","price":"0.00239995","timestamp":1641968517,"volume":"1.86220004","buyTxId":"e57955804c05ec688f31933273e1129c57ffbb75","sellTxId":"d02f76b1ae6cc1fce7659835a998bc5c2617e0bd"}
{"index": {"_index":"spt","_id":"2525283"}}
	{"id":2525283,"type":"sell","buyer":"granddaddies","seller":"mercurial9","symbol":"SPT","quantity":"347.133317","price":"0.00222001","timestamp":1641968853,"volume":"0.77063944","buyTxId":"de87c3cc14fb4a656c95089d8a3f2607b3ff1c66","sellTxId":"bd1ca0eb41e644d3aa1458f1d377d57434cb5211"}
{"index": {"_index":"spt","_id":"2525386"}}
	{"id":2525386,"type":"sell","buyer":"granddaddies","seller":"dhedge-drips","symbol":"SPT","quantity":"0.026343","price":"0.00222001","timestamp":1641969966,"volume":"0.00005848","buyTxId":"de87c3cc14fb4a656c95089d8a3f2607b3ff1c66","sellTxId":"2c1d97908ecc4b508553ed117c3ac635008259a4"}
{"index": {"_index":"spt","_id":"2525581"}}
	{"id":2525581,"type":"sell","buyer":"granddaddies","seller":"tzoky","symbol":"SPT","quantity":"920.000000","price":"0.00222001","timestamp":1641972030,"volume":"2.04240920","buyTxId":"de87c3cc14fb4a656c95089d8a3f2607b3ff1c66","sellTxId":"4614485181e9148156a3f6a353557fbea1b06735"}
{"index": {"_index":"spt","_id":"2525583"}}
	{"id":2525583,"type":"sell","buyer":"granddaddies","seller":"tzoky","symbol":"SPT","quantity":"80.000000","price":"0.00222001","timestamp":1641972060,"volume":"0.17760080","buyTxId":"de87c3cc14fb4a656c95089d8a3f2607b3ff1c66","sellTxId":"8b4c0618f3c7f0f58796fd5af08495a8b895f5b0"}
{"index": {"_index":"spt","_id":"2525771"}}
	{"id":2525771,"type":"sell","buyer":"granddaddies","seller":"dswap","symbol":"SPT","quantity":"500","price":"0.00222001","timestamp":1641974748,"volume":"1.11000500","buyTxId":"de87c3cc14fb4a656c95089d8a3f2607b3ff1c66","sellTxId":"ad572b6df935fe9dbfcce63fb4a838f0769d56b0"}
{"index": {"_index":"spt","_id":"2526161"}}
	{"id":2526161,"type":"sell","buyer":"granddaddies","seller":"egistar","symbol":"SPT","quantity":"59","price":"0.00222001","timestamp":1641978300,"volume":"0.13098059","buyTxId":"de87c3cc14fb4a656c95089d8a3f2607b3ff1c66","sellTxId":"ad2a263ca4614f25c9e38570ce2f8e8d4321dbb3"}
{"index": {"_index":"spt","_id":"2526367"}}
	{"id":2526367,"type":"sell","buyer":"granddaddies","seller":"libertycrypto27","symbol":"SPT","quantity":"12085.000000","price":"0.00222001","timestamp":1641981084,"volume":"26.82882085","buyTxId":"f0d6e77a8c80b43f7611a88efcd890cdbed4e1cf","sellTxId":"5733d318fdb7500773b85cbf8dabd082f2102e47"}
{"index": {"_index":"spt","_id":"2527027"}}
	{"id":2527027,"type":"sell","buyer":"granddaddies","seller":"marvinix","symbol":"SPT","quantity":"3.391066","price":"0.00222001","timestamp":1641989031,"volume":"0.00752820","buyTxId":"46328a0aaf87a46f0e693fe32213d982d5afe516","sellTxId":"bfa729c3326b0fe9a843bafd0f0a5c5988d6b76a"}
{"index": {"_index":"spt","_id":"2527047"}}
	{"id":2527047,"type":"sell","buyer":"granddaddies","seller":"steji","symbol":"SPT","quantity":"0.214269","price":"0.00222001","timestamp":1641989178,"volume":"0.00047568","buyTxId":"46328a0aaf87a46f0e693fe32213d982d5afe516","sellTxId":"39a8c9fdc06b86a83a4a0118d542e0033df324d8"}
{"index": {"_index":"spt","_id":"2527108"}}
	{"id":2527108,"type":"sell","buyer":"granddaddies","seller":"brofi-market","symbol":"SPT","quantity":"0.032017","price":"0.00222001","timestamp":1641989439,"volume":"0.00007108","buyTxId":"46328a0aaf87a46f0e693fe32213d982d5afe516","sellTxId":"ff1aa497b0888a365d78001f5b647f0fe6889d09"}
{"index": {"_index":"spt","_id":"2527193"}}
	{"id":2527193,"type":"buy","buyer":"bennyboy0014","seller":"greengineer","symbol":"SPT","quantity":"923.000000","price":"0.00230000","timestamp":1641990324,"volume":"2.12290000","buyTxId":"107125feb63cd5eb61631b3706b6316516204f17","sellTxId":"61517d46d9bd342e706a1f85c3f32bc077405618"}
{"index": {"_index":"spt","_id":"2527291"}}
	{"id":2527291,"type":"sell","buyer":"granddaddies","seller":"dhedge-drips","symbol":"SPT","quantity":"0.003001","price":"0.00222003","timestamp":1641991545,"volume":"0.00000666","buyTxId":"446f1def8b32250efa742b26617e4549c8eddd94","sellTxId":"46597bfaed3fbe296b4b8eb89c22ef417bf5b619"}
{"index": {"_index":"spt","_id":"2527570"}}
	{"id":2527570,"type":"sell","buyer":"druidsblood","seller":"renovatio","symbol":"SPT","quantity":"654.051713","price":"0.00222002","timestamp":1641993558,"volume":"1.45200788","buyTxId":"120b507f78e3b897e8d5586a4e17ff29a69c5142","sellTxId":"d36dc0995bd14259f3b69f301365e25f9d244af8"}
{"index": {"_index":"spt","_id":"2527724"}}
	{"id":2527724,"type":"sell","buyer":"druidsblood","seller":"arvoanimi","symbol":"SPT","quantity":"24.825414","price":"0.00222002","timestamp":1641995001,"volume":"0.05511292","buyTxId":"120b507f78e3b897e8d5586a4e17ff29a69c5142","sellTxId":"999737674fb9b92407c0efe970a08f6cbeb45207"}
{"index": {"_index":"spt","_id":"2527842"}}
	{"id":2527842,"type":"sell","buyer":"druidsblood","seller":"fullcoverbetting","symbol":"SPT","quantity":"100.890437","price":"0.00222002","timestamp":1641996639,"volume":"0.22397879","buyTxId":"120b507f78e3b897e8d5586a4e17ff29a69c5142","sellTxId":"7f4a5c0d4f6037e28d43ba9c877eeb4c434b8d61"}
{"index": {"_index":"spt","_id":"2527868"}}
	{"id":2527868,"type":"buy","buyer":"emibemi","seller":"laundrywoman","symbol":"SPT","quantity":"100000.000000","price":"0.00229999","timestamp":1641996744,"volume":"229.99900000","buyTxId":"17885738b38a76831e23b3bc96c0e9d45d6fab3c","sellTxId":"ba388e3b95cc4fe8f08b51c3419a50f603404128"}
{"index": {"_index":"spt","_id":"2527942"}}
	{"id":2527942,"type":"sell","buyer":"granddaddies","seller":"m0rph","symbol":"SPT","quantity":"377.383110","price":"0.00222003","timestamp":1641997269,"volume":"0.83780183","buyTxId":"a9a18aa420e6b936c572c7ba6f6546c05b0d9363","sellTxId":"0229018d265b474eba8fe57100fe202bf8bba026"}
{"index": {"_index":"spt","_id":"2528037"}}
	{"id":2528037,"type":"sell","buyer":"granddaddies","seller":"tomcoiso","symbol":"SPT","quantity":"0.027663","price":"0.00222003","timestamp":1641998346,"volume":"0.00006141","buyTxId":"a9a18aa420e6b936c572c7ba6f6546c05b0d9363","sellTxId":"c23b0807abddab5f7b1ee1b2b5cb816a6137923d"}
{"index": {"_index":"spt","_id":"2528124"}}
	{"id":2528124,"type":"buy","buyer":"jakkal","seller":"greengineer","symbol":"SPT","quantity":"157.000000","price":"0.00230000","timestamp":1641999354,"volume":"0.36110000","buyTxId":"d431787d09341d1318422d7a0c12f2dc924d70b9","sellTxId":"61517d46d9bd342e706a1f85c3f32bc077405618"}
{"index": {"_index":"spt","_id":"2528205"}}
	{"id":2528205,"type":"sell","buyer":"granddaddies","seller":"adamusek20","symbol":"SPT","quantity":"3145.452380","price":"0.00222003","timestamp":1642000347,"volume":"6.98299865","buyTxId":"a9a18aa420e6b936c572c7ba6f6546c05b0d9363","sellTxId":"78ac8d7e78a0ecb8399ef7a1cf1b9f269562c573"}
{"index": {"_index":"spt","_id":"2528551"}}
	{"id":2528551,"type":"sell","buyer":"granddaddies","seller":"brofi-market","symbol":"SPT","quantity":"0.286042","price":"0.00222003","timestamp":1642004277,"volume":"0.00063502","buyTxId":"a9a18aa420e6b936c572c7ba6f6546c05b0d9363","sellTxId":"330906f3520741b8008b69f65f32a0f587faa0b3"}
{"index": {"_index":"spt","_id":"2528742"}}
	{"id":2528742,"type":"buy","buyer":"balbaabart","seller":"greengineer","symbol":"SPT","quantity":"240.000000","price":"0.00230000","timestamp":1642005957,"volume":"0.55200000","buyTxId":"67e97d82f9d0ae04cdfeb3a677dcd173edfbee92","sellTxId":"61517d46d9bd342e706a1f85c3f32bc077405618"}
{"index": {"_index":"spt","_id":"2528772"}}
	{"id":2528772,"type":"sell","buyer":"granddaddies","seller":"bangjogi","symbol":"SPT","quantity":"6.920759","price":"0.00222003","timestamp":1642006164,"volume":"0.01536429","buyTxId":"a9a18aa420e6b936c572c7ba6f6546c05b0d9363","sellTxId":"9d0fd04fa50905b286e5859284e972cd7f38323e"}
{"index": {"_index":"spt","_id":"2528942"}}
	{"id":2528942,"type":"buy","buyer":"captainquack22","seller":"kojiri","symbol":"SPT","quantity":"680.701754","price":"0.00228000","timestamp":1642007334,"volume":"1.552","buyTxId":"4047e10597282da92c3c63e1bff1f53adc057b3e","sellTxId":"0f16f9d73081fc7b8b1e6c11f994678b3c6bdb39"}
{"index": {"_index":"spt","_id":"2528980"}}
	{"id":2528980,"type":"sell","buyer":"granddaddies","seller":"splintercell-01","symbol":"SPT","quantity":"241.354833","price":"0.00222003","timestamp":1642007568,"volume":"0.53581497","buyTxId":"a9a18aa420e6b936c572c7ba6f6546c05b0d9363","sellTxId":"94d2504e55b36678a58f382b7550e60074232663"}
{"index": {"_index":"spt","_id":"2529011"}}
	{"id":2529011,"type":"sell","buyer":"granddaddies","seller":"catomoon","symbol":"SPT","quantity":"1.921282","price":"0.00222003","timestamp":1642007826,"volume":"0.00426530","buyTxId":"a9a18aa420e6b936c572c7ba6f6546c05b0d9363","sellTxId":"210749ca07b1cadb4d92963fd65ec1cbc38b3af9"}
{"index": {"_index":"spt","_id":"2529100"}}
	{"id":2529100,"type":"buy","buyer":"olezoom","seller":"kojiri","symbol":"SPT","quantity":"280.701754","price":"0.00228000","timestamp":1642008576,"volume":"0.64","buyTxId":"8034b61c84b28ea851c915ba5601213e242b3c32","sellTxId":"0f16f9d73081fc7b8b1e6c11f994678b3c6bdb39"}
{"index": {"_index":"spt","_id":"2529570"}}
	{"id":2529570,"type":"sell","buyer":"granddaddies","seller":"emanginasal","symbol":"SPT","quantity":"2991.321459","price":"0.00222003","timestamp":1642011972,"volume":"6.64082338","buyTxId":"a9a18aa420e6b936c572c7ba6f6546c05b0d9363","sellTxId":"55412776df10d7c57ff1fab71f5f9f137131d2ae"}
{"index": {"_index":"spt","_id":"2529706"}}
	{"id":2529706,"type":"sell","buyer":"granddaddies","seller":"dhedge-drips","symbol":"SPT","quantity":"0.026816","price":"0.00222003","timestamp":1642013184,"volume":"0.00005953","buyTxId":"a9a18aa420e6b936c572c7ba6f6546c05b0d9363","sellTxId":"512f89286b68dceb2f2f22868c8bdb877a2b28ff"}
{"index": {"_index":"spt","_id":"2530142"}}
	{"id":2530142,"type":"sell","buyer":"granddaddies","seller":"bullsey89","symbol":"SPT","quantity":"4.366281","price":"0.00222101","timestamp":1642016769,"volume":"0.00969755","buyTxId":"a036438f9c19a1413e03f5d620e943dc542a7a2e","sellTxId":"f028b8d0a4ff22ba40a8d88e3ea6dad6026bd7bc"}
{"index": {"_index":"spt","_id":"2530274"}}
	{"id":2530274,"type":"sell","buyer":"granddaddies","seller":"eddiespino","symbol":"SPT","quantity":"3342.591752","price":"0.00222101","timestamp":1642018011,"volume":"7.42392971","buyTxId":"a036438f9c19a1413e03f5d620e943dc542a7a2e","sellTxId":"57bb14ed9c24deb48fb110e88ebc371528bf849b"}
{"index": {"_index":"spt","_id":"2530335"}}
	{"id":2530335,"type":"sell","buyer":"granddaddies","seller":"brofi-market","symbol":"SPT","quantity":"0.098763","price":"0.00222101","timestamp":1642018332,"volume":"0.00021935","buyTxId":"a036438f9c19a1413e03f5d620e943dc542a7a2e","sellTxId":"71246e4d9faf1d24fc55dd5045e757dae6153845"}
{"index": {"_index":"spt","_id":"2530515"}}
	{"id":2530515,"type":"buy","buyer":"jongolson","seller":"kojiri","symbol":"SPT","quantity":"0.364080","price":"0.00228000","timestamp":1642020177,"volume":"0.00083010","buyTxId":"d05eb6b5f26a6f6eaaf6aebf6b70851c397bbc6a","sellTxId":"0f16f9d73081fc7b8b1e6c11f994678b3c6bdb39"}
{"index": {"_index":"spt","_id":"2530516"}}
	{"id":2530516,"type":"buy","buyer":"jongolson","seller":"dhedge-drips","symbol":"SPT","quantity":"0.026816","price":"0.00228000","timestamp":1642020177,"volume":"0.00006114","buyTxId":"d05eb6b5f26a6f6eaaf6aebf6b70851c397bbc6a","sellTxId":"559f976ab4ad4f8f530f76bd3a4fcf553d91fa97"}
{"index": {"_index":"spt","_id":"2530517"}}
	{"id":2530517,"type":"buy","buyer":"jongolson","seller":"brofi-market","symbol":"SPT","quantity":"0.098763","price":"0.00228000","timestamp":1642020177,"volume":"0.00022518","buyTxId":"d05eb6b5f26a6f6eaaf6aebf6b70851c397bbc6a","sellTxId":"cbf5658b36330ad4a679b36af95ebb585d703651"}
{"index": {"_index":"spt","_id":"2530518"}}
	{"id":2530518,"type":"buy","buyer":"jongolson","seller":"greengineer","symbol":"SPT","quantity":"727.510341","price":"0.00230000","timestamp":1642020177,"volume":"1.67327378","buyTxId":"d05eb6b5f26a6f6eaaf6aebf6b70851c397bbc6a","sellTxId":"61517d46d9bd342e706a1f85c3f32bc077405618"}
{"index": {"_index":"spt","_id":"2530602"}}
	{"id":2530602,"type":"sell","buyer":"granddaddies","seller":"papacrusher","symbol":"SPT","quantity":"1.505000","price":"0.00222101","timestamp":1642021098,"volume":"0.00334262","buyTxId":"a036438f9c19a1413e03f5d620e943dc542a7a2e","sellTxId":"c94b618e6b5c613fd1185ac6c5c67a312c2c0692"}
{"index": {"_index":"spt","_id":"2530645"}}
	{"id":2530645,"type":"sell","buyer":"granddaddies","seller":"a1004","symbol":"SPT","quantity":"63943.012970","price":"0.00222101","timestamp":1642021437,"volume":"142.01807124","buyTxId":"a036438f9c19a1413e03f5d620e943dc542a7a2e","sellTxId":"d6e7e2637ec52dd8bbb09adf89bb378defc8d70f"}
{"index": {"_index":"spt","_id":"2530886"}}
	{"id":2530886,"type":"sell","buyer":"granddaddies","seller":"bennyboy0014","symbol":"SPT","quantity":"923.000000","price":"0.00222101","timestamp":1642024215,"volume":"2.04999223","buyTxId":"7b376cf126e4c1a270ce4e395c4c77069e41c233","sellTxId":"c5d3f27ea371a349351605dd92f286e35fa82534"}
{"index": {"_index":"spt","_id":"2530993"}}
	{"id":2530993,"type":"sell","buyer":"methus","seller":"kar2s","symbol":"SPT","quantity":"0.835277","price":"0.00222100","timestamp":1642024977,"volume":"0.00185515","buyTxId":"496379662ab13e415ea2b67bb5edbd252be88bd4","sellTxId":"92c30c58a520d59864cb3d19264a7b5c1391dc94"}
{"index": {"_index":"spt","_id":"2531160"}}
	{"id":2531160,"type":"buy","buyer":"granddaddies","seller":"ecobanker","symbol":"SPT","quantity":"175.837670","price":"0.00222101","timestamp":1642026657,"volume":"0.39053722","buyTxId":"6c8e5a2c523367f9c85882b7e3dceca320205664","sellTxId":"01bf4b58af90aa12f6353789d96f8e724680292b"}
{"index": {"_index":"spt","_id":"2531423"}}
	{"id":2531423,"type":"sell","buyer":"granddaddies","seller":"he-index","symbol":"SPT","quantity":"0.047000","price":"0.00222101","timestamp":1642028589,"volume":"0.00010439","buyTxId":"0101e06ff6ab6933b44e9920ccae38057e0f6cbd","sellTxId":"fcc3c32abefc6f3dfc0d5fa800c7a931610577d0"}
{"index": {"_index":"spt","_id":"2531584"}}
	{"id":2531584,"type":"sell","buyer":"granddaddies","seller":"andres-ralph","symbol":"SPT","quantity":"51.900000","price":"0.00222101","timestamp":1642030170,"volume":"0.11527042","buyTxId":"4d8768a00aa6df3c65a72926fe096f4b277d6efc","sellTxId":"e3ba74ce69d0d50e5cdf013954878de58e697776"}
{"index": {"_index":"spt","_id":"2531627"}}
	{"id":2531627,"type":"buy","buyer":"successforall","seller":"greengineer","symbol":"SPT","quantity":"1.137864","price":"0.00230000","timestamp":1642030668,"volume":"0.00261709","buyTxId":"19c103121e4bbc3e4d30c46eb3016e9c1436bceb","sellTxId":"61517d46d9bd342e706a1f85c3f32bc077405618"}
{"index": {"_index":"spt","_id":"2531628"}}
	{"id":2531628,"type":"buy","buyer":"successforall","seller":"dhedge-drips","symbol":"SPT","quantity":"0.026343","price":"0.00230000","timestamp":1642030668,"volume":"0.00006059","buyTxId":"19c103121e4bbc3e4d30c46eb3016e9c1436bceb","sellTxId":"5ed4eacff9e315c9474fea94e4d031d09808e8ba"}
{"index": {"_index":"spt","_id":"2531629"}}
	{"id":2531629,"type":"buy","buyer":"successforall","seller":"brofi-market","symbol":"SPT","quantity":"0.032017","price":"0.00230000","timestamp":1642030668,"volume":"0.00007364","buyTxId":"19c103121e4bbc3e4d30c46eb3016e9c1436bceb","sellTxId":"afe6e0a11855b71f08dea2783d8544045c7e6d14"}
{"index": {"_index":"spt","_id":"2531630"}}
	{"id":2531630,"type":"buy","buyer":"successforall","seller":"dhedge-drips","symbol":"SPT","quantity":"0.003001","price":"0.00230000","timestamp":1642030668,"volume":"0.00000690","buyTxId":"19c103121e4bbc3e4d30c46eb3016e9c1436bceb","sellTxId":"cffa972f57624ef60e3a1e7050d4c92a5c2288ad"}
{"index": {"_index":"spt","_id":"2531631"}}
	{"id":2531631,"type":"buy","buyer":"successforall","seller":"brofi-market","symbol":"SPT","quantity":"0.286042","price":"0.00230000","timestamp":1642030668,"volume":"0.00065790","buyTxId":"19c103121e4bbc3e4d30c46eb3016e9c1436bceb","sellTxId":"3d407694ea33c997327d1b1dc84545d8b8d53876"}
{"index": {"_index":"spt","_id":"2531632"}}
	{"id":2531632,"type":"buy","buyer":"successforall","seller":"laundrywoman","symbol":"SPT","quantity":"82.081294","price":"0.00239499","timestamp":1642030668,"volume":"0.19658388","buyTxId":"19c103121e4bbc3e4d30c46eb3016e9c1436bceb","sellTxId":"766c9e988918b401819e51b3b94c46932eb79562"}
{"index": {"_index":"spt","_id":"2531664"}}
	{"id":2531664,"type":"buy","buyer":"successforall","seller":"laundrywoman","symbol":"SPT","quantity":"62.630741","price":"0.00239499","timestamp":1642031106,"volume":"0.15","buyTxId":"51694374b2c9a214bb324252fe219dec27162fd0","sellTxId":"766c9e988918b401819e51b3b94c46932eb79562"}
{"index": {"_index":"spt","_id":"2531828"}}
	{"id":2531828,"type":"sell","buyer":"granddaddies","seller":"brofi-market","symbol":"SPT","quantity":"5.627290","price":"0.00222101","timestamp":1642032852,"volume":"0.01249827","buyTxId":"4d8768a00aa6df3c65a72926fe096f4b277d6efc","sellTxId":"d29dff9d84809e6b1fabf899e5b35190c0f5c40b"}
{"index": {"_index":"spt","_id":"2531844"}}
	{"id":2531844,"type":"buy","buyer":"thewycher","seller":"laundrywoman","symbol":"SPT","quantity":"14.196301","price":"0.00239499","timestamp":1642032954,"volume":"0.034","buyTxId":"afe53694410deb5aa9144cfaa41f174c063d3998","sellTxId":"766c9e988918b401819e51b3b94c46932eb79562"}
{"index": {"_index":"spt","_id":"2532009"}}
	{"id":2532009,"type":"sell","buyer":"granddaddies","seller":"dhedge-drips","symbol":"SPT","quantity":"0.011067","price":"0.00222101","timestamp":1642034808,"volume":"0.00002458","buyTxId":"4d8768a00aa6df3c65a72926fe096f4b277d6efc","sellTxId":"e8d22e0a9bc90cf653bb18be56597fef025f083e"}
{"index": {"_index":"spt","_id":"2532899"}}
	{"id":2532899,"type":"sell","buyer":"elamental","seller":"dracrow","symbol":"SPT","quantity":"1768.502591","price":"0.00239000","timestamp":1642044960,"volume":"4.22672119","buyTxId":"e0a599ea749f3f2766ab526cddf44bcb9938f33b","sellTxId":"cfcb858302b4dc1ecb984e0fbbbba1d183068ea5"}
{"index": {"_index":"spt","_id":"2532983"}}
	{"id":2532983,"type":"sell","buyer":"granddaddies","seller":"libertygame27","symbol":"SPT","quantity":"3340.000000","price":"0.00222106","timestamp":1642045779,"volume":"7.41834040","buyTxId":"b8a5b3c9ac883b3d424b86c0cf4f24773e988b50","sellTxId":"47097152e1233b91cac14b714be2948d473742d9"}
