{"index": {"_index":"spt","_id":"3025228"}}
	{"id":3025228,"type":"sell","buyer":"zionazrael","seller":"brofi-market","symbol":"SPT","quantity":"3.255087","price":"0.00202241","timestamp":1647922851,"volume":"0.00658312","buyTxId":"9596f4ff85213ff854a0772dc1cda7c817683952","sellTxId":"ba5b9ac618b89bfe55036d3816a2d21187eb85d5"}
{"index": {"_index":"spt","_id":"3025353"}}
	{"id":3025353,"type":"buy","buyer":"dondononardem","seller":"elenkar","symbol":"SPT","quantity":"0.850522","price":"0.00235799","timestamp":1647924930,"volume":"0.00200552","buyTxId":"9c0d528db4b04f441eb40e07c1dba7376ba6adf5","sellTxId":"7559cdbac9d1fa514c7d048456641f8ff47bad92"}
{"index": {"_index":"spt","_id":"3025382"}}
	{"id":3025382,"type":"sell","buyer":"dondononardem","seller":"zeruxanime","symbol":"SPT","quantity":"54.000000","price":"0.00235799","timestamp":1647925284,"volume":"0.12733146","buyTxId":"9c0d528db4b04f441eb40e07c1dba7376ba6adf5","sellTxId":"4e6a3934279ea6a49c77f03137d5e69201cdd65b"}
{"index": {"_index":"spt","_id":"3025388"}}
	{"id":3025388,"type":"sell","buyer":"dondononardem","seller":"mofodunn1","symbol":"SPT","quantity":"22.527777","price":"0.00235799","timestamp":1647925338,"volume":"0.05312027","buyTxId":"9c0d528db4b04f441eb40e07c1dba7376ba6adf5","sellTxId":"bd1a205bceb1a0b27cca0111e3a97ffd2c07455a"}
{"index": {"_index":"spt","_id":"3025401"}}
	{"id":3025401,"type":"buy","buyer":"dondononardem","seller":"jos3lider","symbol":"SPT","quantity":"936.755592","price":"0.00235822","timestamp":1647925554,"volume":"2.20907577","buyTxId":"2db23a358ad10c01dfa2a7808070cdec4c39c8d4","sellTxId":"12b4f42a368badf2e2eeb735d59f8dedb7652c7f"}
{"index": {"_index":"spt","_id":"3025402"}}
	{"id":3025402,"type":"buy","buyer":"dondononardem","seller":"thewycher","symbol":"SPT","quantity":"2.052865","price":"0.00235822","timestamp":1647925554,"volume":"0.00484111","buyTxId":"2db23a358ad10c01dfa2a7808070cdec4c39c8d4","sellTxId":"33111d5d4734b582c8ae66f53c16d74c3f8e0b67"}
{"index": {"_index":"spt","_id":"3025403"}}
	{"id":3025403,"type":"buy","buyer":"dondononardem","seller":"brofi-market","symbol":"SPT","quantity":"3.255087","price":"0.00235822","timestamp":1647925554,"volume":"0.00767621","buyTxId":"2db23a358ad10c01dfa2a7808070cdec4c39c8d4","sellTxId":"dd18e698447f9b2c34f6ce98d9a02df0ee60b7b4"}
{"index": {"_index":"spt","_id":"3025404"}}
	{"id":3025404,"type":"buy","buyer":"dondononardem","seller":"kitsuki","symbol":"SPT","quantity":"2756.000000","price":"0.00238823","timestamp":1647925554,"volume":"6.58196188","buyTxId":"2db23a358ad10c01dfa2a7808070cdec4c39c8d4","sellTxId":"b880a4f81ed32b009aab3e910e000ddd5f55a5a5"}
{"index": {"_index":"spt","_id":"3025405"}}
	{"id":3025405,"type":"buy","buyer":"dondononardem","seller":"dhedge-drips","symbol":"SPT","quantity":"0.001039","price":"0.00238823","timestamp":1647925554,"volume":"0.00000248","buyTxId":"2db23a358ad10c01dfa2a7808070cdec4c39c8d4","sellTxId":"fc42c6f8ece45ff00829628a694c4885cb958cb5"}
{"index": {"_index":"spt","_id":"3025406"}}
	{"id":3025406,"type":"buy","buyer":"dondononardem","seller":"greengineer","symbol":"SPT","quantity":"681.935417","price":"0.00238825","timestamp":1647925554,"volume":"1.62863226","buyTxId":"2db23a358ad10c01dfa2a7808070cdec4c39c8d4","sellTxId":"b4cd7361a5abf5095345fe371170f7f10d51e98e"}
{"index": {"_index":"spt","_id":"3025424"}}
	{"id":3025424,"type":"sell","buyer":"kitsuki","seller":"mawit07","symbol":"SPT","quantity":"177.984871","price":"0.00202242","timestamp":1647925737,"volume":"0.35996016","buyTxId":"a9ce231e0d156132bcce49338717c3aca32bad00","sellTxId":"c7d28e583bfb7573cc16a301ae716885960fb2b6"}
{"index": {"_index":"spt","_id":"3025457"}}
	{"id":3025457,"type":"sell","buyer":"kitsuki","seller":"chireerocks","symbol":"SPT","quantity":"115.660098","price":"0.00202242","timestamp":1647925923,"volume":"0.23391330","buyTxId":"a9ce231e0d156132bcce49338717c3aca32bad00","sellTxId":"1dbefb3eb82ee1c934b714bfae2dca8bae6a5b27"}
{"index": {"_index":"spt","_id":"3025548"}}
	{"id":3025548,"type":"sell","buyer":"kitsuki","seller":"crypto-futurist","symbol":"SPT","quantity":"1.969540","price":"0.00202242","timestamp":1647927198,"volume":"0.00398324","buyTxId":"a9ce231e0d156132bcce49338717c3aca32bad00","sellTxId":"cc4401aaa64096013274bde2487a65e0dab1e8df"}
{"index": {"_index":"spt","_id":"3025633"}}
	{"id":3025633,"type":"sell","buyer":"kitsuki","seller":"frawdielp2","symbol":"SPT","quantity":"0.385491","price":"0.00202242","timestamp":1647928527,"volume":"0.00077962","buyTxId":"a9ce231e0d156132bcce49338717c3aca32bad00","sellTxId":"408c2d775e06efe833b526d1dec0a95309cb47bc"}
{"index": {"_index":"spt","_id":"3025634"}}
	{"id":3025634,"type":"sell","buyer":"zionazrael","seller":"frawdielp2","symbol":"SPT","quantity":"1.790441","price":"0.00202241","timestamp":1647928527,"volume":"0.00362101","buyTxId":"9596f4ff85213ff854a0772dc1cda7c817683952","sellTxId":"408c2d775e06efe833b526d1dec0a95309cb47bc"}
{"index": {"_index":"spt","_id":"3025667"}}
	{"id":3025667,"type":"sell","buyer":"zionazrael","seller":"karamyog","symbol":"SPT","quantity":"79.603139","price":"0.00202241","timestamp":1647928938,"volume":"0.16099018","buyTxId":"9596f4ff85213ff854a0772dc1cda7c817683952","sellTxId":"811e19cf32df0d3f6050c3481b468cc75ea9f766"}
{"index": {"_index":"spt","_id":"3025677"}}
	{"id":3025677,"type":"sell","buyer":"zionazrael","seller":"xplosive","symbol":"SPT","quantity":"5.881227","price":"0.00202241","timestamp":1647929076,"volume":"0.01189425","buyTxId":"9596f4ff85213ff854a0772dc1cda7c817683952","sellTxId":"55386376396fd22fa71f89fbc5e5a4cbf235e812"}
{"index": {"_index":"spt","_id":"3025712"}}
	{"id":3025712,"type":"sell","buyer":"zionazrael","seller":"sralim","symbol":"SPT","quantity":"200","price":"0.00202241","timestamp":1647929646,"volume":"0.40448200","buyTxId":"9596f4ff85213ff854a0772dc1cda7c817683952","sellTxId":"5ad9adde9681c1abaedca4caad75ea640cdff463"}
{"index": {"_index":"spt","_id":"3025965"}}
	{"id":3025965,"type":"sell","buyer":"zionazrael","seller":"dhedge-drips","symbol":"SPT","quantity":"0.305164","price":"0.00202241","timestamp":1647931614,"volume":"0.00061717","buyTxId":"9596f4ff85213ff854a0772dc1cda7c817683952","sellTxId":"347c374eb7162eac323a50c635e1871cf3d4adee"}
{"index": {"_index":"spt","_id":"3026339"}}
	{"id":3026339,"type":"sell","buyer":"zionazrael","seller":"brofi-market","symbol":"SPT","quantity":"0.010032","price":"0.00202241","timestamp":1647936660,"volume":"0.00002029","buyTxId":"2640e6be6a08fb551991c127d50098c50d795efb","sellTxId":"d97b90b654d81fbfb2ac06f99e1f4ea71b36b282"}
{"index": {"_index":"spt","_id":"3026382"}}
	{"id":3026382,"type":"sell","buyer":"zionazrael","seller":"bishhh","symbol":"SPT","quantity":"7.247190","price":"0.00202241","timestamp":1647937272,"volume":"0.01465679","buyTxId":"2640e6be6a08fb551991c127d50098c50d795efb","sellTxId":"05b7fb5a30822590acdc0a669114ee74becc8a65"}
{"index": {"_index":"spt","_id":"3026862"}}
	{"id":3026862,"type":"buy","buyer":"bananofarmer","seller":"dhedge-drips","symbol":"SPT","quantity":"0.305164","price":"0.00238822","timestamp":1647945636,"volume":"0.00072880","buyTxId":"e0314752b5e2539fd772880d5f29fd858db7cd20","sellTxId":"ba307198a0207c18b75c31d9f9e3253a5cede324"}
{"index": {"_index":"spt","_id":"3026863"}}
	{"id":3026863,"type":"buy","buyer":"bananofarmer","seller":"brofi-market","symbol":"SPT","quantity":"0.010032","price":"0.00238822","timestamp":1647945636,"volume":"0.00002396","buyTxId":"e0314752b5e2539fd772880d5f29fd858db7cd20","sellTxId":"d2a06f0eb8c9efb86e26ef184f833267ec3ef5d0"}
{"index": {"_index":"spt","_id":"3026864"}}
	{"id":3026864,"type":"buy","buyer":"bananofarmer","seller":"kitsuki","symbol":"SPT","quantity":"1074.000000","price":"0.00238823","timestamp":1647945636,"volume":"2.56495902","buyTxId":"e0314752b5e2539fd772880d5f29fd858db7cd20","sellTxId":"4ec70fa61a41536bf69843a2672f7512069636a8"}
{"index": {"_index":"spt","_id":"3026865"}}
	{"id":3026865,"type":"buy","buyer":"bananofarmer","seller":"greengineer","symbol":"SPT","quantity":"1074.832903","price":"0.00238825","timestamp":1647945636,"volume":"2.56696968","buyTxId":"e0314752b5e2539fd772880d5f29fd858db7cd20","sellTxId":"b4cd7361a5abf5095345fe371170f7f10d51e98e"}
{"index": {"_index":"spt","_id":"3026866"}}
	{"id":3026866,"type":"buy","buyer":"bananofarmer","seller":"kitsuki","symbol":"SPT","quantity":"3098.000000","price":"0.00238826","timestamp":1647945636,"volume":"7.39882948","buyTxId":"e0314752b5e2539fd772880d5f29fd858db7cd20","sellTxId":"ddd5d2d4899244ad54452db19b18a0cb21aae3e5"}
{"index": {"_index":"spt","_id":"3026867"}}
	{"id":3026867,"type":"buy","buyer":"bananofarmer","seller":"kitsuki","symbol":"SPT","quantity":"581.970649","price":"0.00238828","timestamp":1647945636,"volume":"1.38990886","buyTxId":"e0314752b5e2539fd772880d5f29fd858db7cd20","sellTxId":"4c0ee4cf8fff1761daee19ee9c4866a9a3521e86"}
{"index": {"_index":"spt","_id":"3026868"}}
	{"id":3026868,"type":"buy","buyer":"bananofarmer","seller":"brofi-market","symbol":"SPT","quantity":"0.011094","price":"0.00238828","timestamp":1647945636,"volume":"0.00002650","buyTxId":"e0314752b5e2539fd772880d5f29fd858db7cd20","sellTxId":"083e94482d5709a089eaa93874e56e0e8205bfc8"}
{"index": {"_index":"spt","_id":"3026869"}}
	{"id":3026869,"type":"buy","buyer":"bananofarmer","seller":"gaboamc2393","symbol":"SPT","quantity":"1000.000000","price":"0.00238829","timestamp":1647945636,"volume":"2.38829000","buyTxId":"e0314752b5e2539fd772880d5f29fd858db7cd20","sellTxId":"15ad9bc3a656f7b099c9dea7d5a31c4cea252434"}
{"index": {"_index":"spt","_id":"3026870"}}
	{"id":3026870,"type":"buy","buyer":"bananofarmer","seller":"gaboamc2393","symbol":"SPT","quantity":"1000.000000","price":"0.00238830","timestamp":1647945636,"volume":"2.38830000","buyTxId":"e0314752b5e2539fd772880d5f29fd858db7cd20","sellTxId":"3bb3f6f41d08a8fc19d44503b6ded18dee4743f0"}
{"index": {"_index":"spt","_id":"3026871"}}
	{"id":3026871,"type":"buy","buyer":"bananofarmer","seller":"gaboamc2393","symbol":"SPT","quantity":"545.137879","price":"0.00238832","timestamp":1647945636,"volume":"1.30196370","buyTxId":"e0314752b5e2539fd772880d5f29fd858db7cd20","sellTxId":"7692e31e96df35cfb94163558310f8ec032dccc3"}
{"index": {"_index":"spt","_id":"3027002"}}
	{"id":3027002,"type":"sell","buyer":"zionazrael","seller":"suhlaing","symbol":"SPT","quantity":"142.000000","price":"0.00202241","timestamp":1647947454,"volume":"0.28718222","buyTxId":"2640e6be6a08fb551991c127d50098c50d795efb","sellTxId":"31e2c985d112cf19dc72b563a5c00c4d61abf4ce"}
{"index": {"_index":"spt","_id":"3027106"}}
	{"id":3027106,"type":"sell","buyer":"zionazrael","seller":"photosnap","symbol":"SPT","quantity":"33.289737","price":"0.00202241","timestamp":1647948933,"volume":"0.06732550","buyTxId":"2640e6be6a08fb551991c127d50098c50d795efb","sellTxId":"5490d217d538acca17c8332b133f095e76d7d9fa"}
{"index": {"_index":"spt","_id":"3027111"}}
	{"id":3027111,"type":"sell","buyer":"zionazrael","seller":"photosnap","symbol":"SPT","quantity":"321.522877","price":"0.00202241","timestamp":1647949008,"volume":"0.65025108","buyTxId":"2640e6be6a08fb551991c127d50098c50d795efb","sellTxId":"ed038e8f1b97aadfe8927c6189083c2de6f01806"}
{"index": {"_index":"spt","_id":"3027289"}}
	{"id":3027289,"type":"sell","buyer":"zionazrael","seller":"cynano","symbol":"SPT","quantity":"202.003697","price":"0.00202241","timestamp":1647951408,"volume":"0.40853430","buyTxId":"2640e6be6a08fb551991c127d50098c50d795efb","sellTxId":"4d4dce4514f0a2aa6208e1846a3e334e3daecb27"}
{"index": {"_index":"spt","_id":"3027503"}}
	{"id":3027503,"type":"sell","buyer":"zionazrael","seller":"fedesox","symbol":"SPT","quantity":"479.504443","price":"0.00202241","timestamp":1647953574,"volume":"0.96975458","buyTxId":"2640e6be6a08fb551991c127d50098c50d795efb","sellTxId":"65c569fbc5c285fa4b8af2ec55f405a52e7d0d63"}
{"index": {"_index":"spt","_id":"3027550"}}
	{"id":3027550,"type":"sell","buyer":"zionazrael","seller":"giacomone","symbol":"SPT","quantity":"68.706237","price":"0.00202241","timestamp":1647954237,"volume":"0.13895218","buyTxId":"c86d4a2ac8b60b7486a1c1b25cb5297b3d020e34","sellTxId":"420968d4e229f4a7261f0a5a4a29875fbb2fd541"}
{"index": {"_index":"spt","_id":"3027784"}}
	{"id":3027784,"type":"sell","buyer":"groentje","seller":"jnn10","symbol":"SPT","quantity":"19.765014","price":"0.00205000","timestamp":1647957222,"volume":"0.04051828","buyTxId":"47b4ac5ed1c305f9b58274bfe5d7fc69a66bb9be","sellTxId":"1cd8e29a409a3e51447b855dc9f6524b6524a7a4"}
{"index": {"_index":"spt","_id":"3027905"}}
	{"id":3027905,"type":"sell","buyer":"groentje","seller":"dswap","symbol":"SPT","quantity":"180.234986","price":"0.00205000","timestamp":1647958656,"volume":"0.36948172","buyTxId":"47b4ac5ed1c305f9b58274bfe5d7fc69a66bb9be","sellTxId":"a78d645499222cd4e573deb179c6fdcf5b106f63"}
{"index": {"_index":"spt","_id":"3027906"}}
	{"id":3027906,"type":"sell","buyer":"zionazrael","seller":"dswap","symbol":"SPT","quantity":"3352.642782","price":"0.00202241","timestamp":1647958656,"volume":"6.78041829","buyTxId":"c86d4a2ac8b60b7486a1c1b25cb5297b3d020e34","sellTxId":"a78d645499222cd4e573deb179c6fdcf5b106f63"}
{"index": {"_index":"spt","_id":"3027907"}}
	{"id":3027907,"type":"sell","buyer":"skimanner","seller":"dswap","symbol":"SPT","quantity":"945.731799","price":"0.00202240","timestamp":1647958656,"volume":"1.91264799","buyTxId":"2c2bb8379ae5de9eee9bd534c9cb5460ea342610","sellTxId":"a78d645499222cd4e573deb179c6fdcf5b106f63"}
{"index": {"_index":"spt","_id":"3027908"}}
	{"id":3027908,"type":"sell","buyer":"skimanner","seller":"dswap","symbol":"SPT","quantity":"1000.000000","price":"0.00202204","timestamp":1647958656,"volume":"2.02204000","buyTxId":"0935534ae280fd3073fceb6164a4e92eb0831b2a","sellTxId":"a78d645499222cd4e573deb179c6fdcf5b106f63"}
{"index": {"_index":"spt","_id":"3027909"}}
	{"id":3027909,"type":"sell","buyer":"kitsuki","seller":"dswap","symbol":"SPT","quantity":"631.721220","price":"0.00202102","timestamp":1647958656,"volume":"1.27672122","buyTxId":"a2abd81a01144739e7bcabce782c4a779d785406","sellTxId":"a78d645499222cd4e573deb179c6fdcf5b106f63"}
{"index": {"_index":"spt","_id":"3027910"}}
	{"id":3027910,"type":"sell","buyer":"thewycher","seller":"dswap","symbol":"SPT","quantity":"1000.000000","price":"0.00202101","timestamp":1647958656,"volume":"2.02101000","buyTxId":"0b1dd5587a24735aff3f1475d3a8b4bbe5d10868","sellTxId":"a78d645499222cd4e573deb179c6fdcf5b106f63"}
{"index": {"_index":"spt","_id":"3027911"}}
	{"id":3027911,"type":"sell","buyer":"thewycher","seller":"dswap","symbol":"SPT","quantity":"1000.000000","price":"0.00202101","timestamp":1647958656,"volume":"2.02101000","buyTxId":"06ec863787d11fe478f493b9026a0389beca0340","sellTxId":"a78d645499222cd4e573deb179c6fdcf5b106f63"}
{"index": {"_index":"spt","_id":"3027912"}}
	{"id":3027912,"type":"sell","buyer":"thewycher","seller":"dswap","symbol":"SPT","quantity":"1000.000000","price":"0.00202101","timestamp":1647958656,"volume":"2.02101000","buyTxId":"2e99bdff3b41bc228223149bfbde447e92c212af","sellTxId":"a78d645499222cd4e573deb179c6fdcf5b106f63"}
{"index": {"_index":"spt","_id":"3027913"}}
	{"id":3027913,"type":"sell","buyer":"thewycher","seller":"dswap","symbol":"SPT","quantity":"1000.000000","price":"0.00202101","timestamp":1647958656,"volume":"2.02101000","buyTxId":"86323533871d35c023dc1060307bb4fecb515312","sellTxId":"a78d645499222cd4e573deb179c6fdcf5b106f63"}
{"index": {"_index":"spt","_id":"3027914"}}
	{"id":3027914,"type":"sell","buyer":"thewycher","seller":"dswap","symbol":"SPT","quantity":"1000.000000","price":"0.00202101","timestamp":1647958656,"volume":"2.02101000","buyTxId":"830e9efc3dfe5c9baa2c7e21d92cfddba22b128a","sellTxId":"a78d645499222cd4e573deb179c6fdcf5b106f63"}
{"index": {"_index":"spt","_id":"3027915"}}
	{"id":3027915,"type":"sell","buyer":"thewycher","seller":"dswap","symbol":"SPT","quantity":"1000.000000","price":"0.00202101","timestamp":1647958656,"volume":"2.02101000","buyTxId":"1b831f215e8ca3b5f6e3aa671685d28e2accc49c","sellTxId":"a78d645499222cd4e573deb179c6fdcf5b106f63"}
{"index": {"_index":"spt","_id":"3027916"}}
	{"id":3027916,"type":"sell","buyer":"thewycher","seller":"dswap","symbol":"SPT","quantity":"1000.000000","price":"0.00202101","timestamp":1647958656,"volume":"2.02101000","buyTxId":"3eac1d4ae0b106a3187b8aaf1cb5f0d03495fe3b","sellTxId":"a78d645499222cd4e573deb179c6fdcf5b106f63"}
{"index": {"_index":"spt","_id":"3027917"}}
	{"id":3027917,"type":"sell","buyer":"thewycher","seller":"dswap","symbol":"SPT","quantity":"1000.000000","price":"0.00202101","timestamp":1647958656,"volume":"2.02101000","buyTxId":"7493e9805d29ae940c8dee411ad501ec7d6c3e4e","sellTxId":"a78d645499222cd4e573deb179c6fdcf5b106f63"}
{"index": {"_index":"spt","_id":"3027918"}}
	{"id":3027918,"type":"sell","buyer":"multifurcate","seller":"dswap","symbol":"SPT","quantity":"47992.669213","price":"0.00202100","timestamp":1647958656,"volume":"96.99318448","buyTxId":"5a09be9fa08764929dd193015730c2de5df4215c","sellTxId":"a78d645499222cd4e573deb179c6fdcf5b106f63"}
{"index": {"_index":"spt","_id":"3028030"}}
	{"id":3028030,"type":"sell","buyer":"zionazrael","seller":"jnn10","symbol":"SPT","quantity":"0.026076","price":"0.00202101","timestamp":1647959763,"volume":"0.00005270","buyTxId":"cc9846ed4feb490ddc3f8f45bf2a669e96be1fcd","sellTxId":"9625cbed92573fc7ca6b9262a39915848e0cc326"}
{"index": {"_index":"spt","_id":"3028132"}}
	{"id":3028132,"type":"sell","buyer":"zionazrael","seller":"lolz.devs","symbol":"SPT","quantity":"26.791212","price":"0.00202101","timestamp":1647960771,"volume":"0.05414531","buyTxId":"cc9846ed4feb490ddc3f8f45bf2a669e96be1fcd","sellTxId":"69f06e81c73145ddd7236fa358229c44467e7792"}
{"index": {"_index":"spt","_id":"3028319"}}
	{"id":3028319,"type":"buy","buyer":"druidsblood","seller":"gaboamc2393","symbol":"SPT","quantity":"454.862121","price":"0.00238832","timestamp":1647962691,"volume":"1.08635630","buyTxId":"fca3290ab716ef95c013359cb3234f6e5361ce7c","sellTxId":"7692e31e96df35cfb94163558310f8ec032dccc3"}
{"index": {"_index":"spt","_id":"3028320"}}
	{"id":3028320,"type":"buy","buyer":"druidsblood","seller":"gaboamc2393","symbol":"SPT","quantity":"1000.000000","price":"0.00238833","timestamp":1647962691,"volume":"2.38833000","buyTxId":"fca3290ab716ef95c013359cb3234f6e5361ce7c","sellTxId":"f23e379000d37b9ed9c4e1e8dd7679f3fa102ed2"}
{"index": {"_index":"spt","_id":"3028321"}}
	{"id":3028321,"type":"buy","buyer":"druidsblood","seller":"kitsuki","symbol":"SPT","quantity":"2321.000000","price":"0.00238834","timestamp":1647962691,"volume":"5.54333714","buyTxId":"fca3290ab716ef95c013359cb3234f6e5361ce7c","sellTxId":"70b01b3fe10b32c965ead9fa9951cf867821aebd"}
{"index": {"_index":"spt","_id":"3028322"}}
	{"id":3028322,"type":"buy","buyer":"druidsblood","seller":"brofi-market","symbol":"SPT","quantity":"0.001931","price":"0.00238834","timestamp":1647962691,"volume":"0.00000461","buyTxId":"fca3290ab716ef95c013359cb3234f6e5361ce7c","sellTxId":"629c7bbee13d6e0898630d968d7fb76d29ad5f4b"}
{"index": {"_index":"spt","_id":"3028323"}}
	{"id":3028323,"type":"buy","buyer":"druidsblood","seller":"kitsuki","symbol":"SPT","quantity":"2224.135948","price":"0.00238834","timestamp":1647962691,"volume":"5.31199285","buyTxId":"fca3290ab716ef95c013359cb3234f6e5361ce7c","sellTxId":"a064e4ee1e787d6ac98acbfac5371da5323049c0"}
{"index": {"_index":"spt","_id":"3028368"}}
	{"id":3028368,"type":"sell","buyer":"zionazrael","seller":"jnn10","symbol":"SPT","quantity":"0.713677","price":"0.00202101","timestamp":1647963246,"volume":"0.00144235","buyTxId":"cc9846ed4feb490ddc3f8f45bf2a669e96be1fcd","sellTxId":"9ea051ac8e703a4a66f4077819459f931f4be47d"}
{"index": {"_index":"spt","_id":"3028426"}}
	{"id":3028426,"type":"sell","buyer":"multifurcate","seller":"burningelk","symbol":"SPT","quantity":"1112.375000","price":"0.00202201","timestamp":1647964119,"volume":"2.24923337","buyTxId":"3e03d645beebbfa88fc3582c06da04af468bc9a5","sellTxId":"2c68ed3244803288aa3ce5451d7b885c4400ba54"}
{"index": {"_index":"spt","_id":"3028491"}}
	{"id":3028491,"type":"sell","buyer":"kitsuki","seller":"sketchygamerguy","symbol":"SPT","quantity":"85.747378","price":"0.00202203","timestamp":1647964902,"volume":"0.17338377","buyTxId":"d63c2cf389ebb205b90134586aef210db38d31c8","sellTxId":"fd40b04bc70535d5324254eca450f34366d13f25"}
{"index": {"_index":"spt","_id":"3028560"}}
	{"id":3028560,"type":"sell","buyer":"kitsuki","seller":"brofi-market","symbol":"SPT","quantity":"0.202214","price":"0.00202203","timestamp":1647965502,"volume":"0.00040888","buyTxId":"d63c2cf389ebb205b90134586aef210db38d31c8","sellTxId":"881de0377ba882a7aea0a101c120b3b04c5563c2"}
{"index": {"_index":"spt","_id":"3028791"}}
	{"id":3028791,"type":"buy","buyer":"jongolson","seller":"kitsuki","symbol":"SPT","quantity":"96.864052","price":"0.00238834","timestamp":1647967608,"volume":"0.23134429","buyTxId":"f25c49a6c5c4ec79737fcbd9ccf3548ef451fe71","sellTxId":"a064e4ee1e787d6ac98acbfac5371da5323049c0"}
{"index": {"_index":"spt","_id":"3028792"}}
	{"id":3028792,"type":"buy","buyer":"jongolson","seller":"brofi-market","symbol":"SPT","quantity":"3.424390","price":"0.00238834","timestamp":1647967608,"volume":"0.00817861","buyTxId":"f25c49a6c5c4ec79737fcbd9ccf3548ef451fe71","sellTxId":"09f1c8b89cf5cddaf576ddf10cda28216fed811d"}
{"index": {"_index":"spt","_id":"3028793"}}
	{"id":3028793,"type":"buy","buyer":"jongolson","seller":"dhedge-drips","symbol":"SPT","quantity":"0.015358","price":"0.00238834","timestamp":1647967608,"volume":"0.00003668","buyTxId":"f25c49a6c5c4ec79737fcbd9ccf3548ef451fe71","sellTxId":"0563552267502fbc3ace1150d4a75fe6a16cdc66"}
{"index": {"_index":"spt","_id":"3028794"}}
	{"id":3028794,"type":"buy","buyer":"jongolson","seller":"brofi-market","symbol":"SPT","quantity":"0.202214","price":"0.00238834","timestamp":1647967608,"volume":"0.00048296","buyTxId":"f25c49a6c5c4ec79737fcbd9ccf3548ef451fe71","sellTxId":"3438571d42ae90bba0ff18c559a9efe619fa9c18"}
{"index": {"_index":"spt","_id":"3028795"}}
	{"id":3028795,"type":"buy","buyer":"jongolson","seller":"kitsuki","symbol":"SPT","quantity":"899.493986","price":"0.00238843","timestamp":1647967608,"volume":"2.14837842","buyTxId":"f25c49a6c5c4ec79737fcbd9ccf3548ef451fe71","sellTxId":"2b95cb1e4c85d37b5cb36b379aae6e1f92e0e9b1"}
{"index": {"_index":"spt","_id":"3029094"}}
	{"id":3029094,"type":"sell","buyer":"kitsuki","seller":"bearbear613","symbol":"SPT","quantity":"11.838659","price":"0.00202204","timestamp":1647969912,"volume":"0.02393824","buyTxId":"844e1ece129b422a68d51e565485aedc733bb20a","sellTxId":"8ce514add2e6ac73848710da4cff835350794337"}
{"index": {"_index":"spt","_id":"3029116"}}
	{"id":3029116,"type":"sell","buyer":"kitsuki","seller":"ghostlybg","symbol":"SPT","quantity":"508.145429","price":"0.00202204","timestamp":1647970122,"volume":"1.02749038","buyTxId":"844e1ece129b422a68d51e565485aedc733bb20a","sellTxId":"360badaaf4e453d96966ef35fcaa0f08a9eb4d4a"}
{"index": {"_index":"spt","_id":"3029324"}}
	{"id":3029324,"type":"sell","buyer":"kitsuki","seller":"sawcraz.art","symbol":"SPT","quantity":"1269.000000","price":"0.00202205","timestamp":1647971556,"volume":"2.56598145","buyTxId":"172bc7953895dc54c0700fb21e0727e725f1b04a","sellTxId":"31042e8503622f9f6d50ac8108d85b15614dcee0"}
{"index": {"_index":"spt","_id":"3029325"}}
	{"id":3029325,"type":"sell","buyer":"kitsuki","seller":"sawcraz.art","symbol":"SPT","quantity":"1269.015912","price":"0.00202204","timestamp":1647971556,"volume":"2.56600093","buyTxId":"844e1ece129b422a68d51e565485aedc733bb20a","sellTxId":"31042e8503622f9f6d50ac8108d85b15614dcee0"}
{"index": {"_index":"spt","_id":"3029326"}}
	{"id":3029326,"type":"sell","buyer":"kitsuki","seller":"sawcraz.art","symbol":"SPT","quantity":"1440.588045","price":"0.00202203","timestamp":1647971556,"volume":"2.91291224","buyTxId":"d63c2cf389ebb205b90134586aef210db38d31c8","sellTxId":"31042e8503622f9f6d50ac8108d85b15614dcee0"}
{"index": {"_index":"spt","_id":"3029580"}}
	{"id":3029580,"type":"sell","buyer":"kitsuki","seller":"dhedge-drips","symbol":"SPT","quantity":"0.019898","price":"0.00202204","timestamp":1647974745,"volume":"0.00004023","buyTxId":"51659ef6e5dd2f1b96c429571423c2600acbe12c","sellTxId":"500f10a0178a70d58e048ce50c748f5251a29317"}
{"index": {"_index":"spt","_id":"3029728"}}
	{"id":3029728,"type":"sell","buyer":"multifurcate","seller":"apoloo1","symbol":"SPT","quantity":"14.038116","price":"0.00202305","timestamp":1647976359,"volume":"0.02839981","buyTxId":"841b8fb693e2c1b458eec4569f2f406702818d71","sellTxId":"3cb469b9efd5637bbb6077373f6ecf11874ab512"}
{"index": {"_index":"spt","_id":"3029741"}}
	{"id":3029741,"type":"sell","buyer":"multifurcate","seller":"apoloo1","symbol":"SPT","quantity":"49.825648","price":"0.00202305","timestamp":1647976482,"volume":"0.10079978","buyTxId":"841b8fb693e2c1b458eec4569f2f406702818d71","sellTxId":"28daad9ae91c167c5a2a98a7f0e83c972f4c8a52"}
{"index": {"_index":"spt","_id":"3029761"}}
	{"id":3029761,"type":"sell","buyer":"multifurcate","seller":"bitcoinflood","symbol":"SPT","quantity":"96.517141","price":"0.00202305","timestamp":1647976830,"volume":"0.19525900","buyTxId":"841b8fb693e2c1b458eec4569f2f406702818d71","sellTxId":"7c26c4541150aec03e1c42931ccac96286373785"}
{"index": {"_index":"spt","_id":"3029962"}}
	{"id":3029962,"type":"buy","buyer":"adrianus","seller":"kitsuki","symbol":"SPT","quantity":"35.384751","price":"0.00238840","timestamp":1647978870,"volume":"0.08451294","buyTxId":"3cb65bb55325326df4a9c74ddae2eb6fda561219","sellTxId":"b24ffb66defb44200f71c87b5a8b376b02ebddd0"}
{"index": {"_index":"spt","_id":"3029987"}}
	{"id":3029987,"type":"sell","buyer":"multifurcate","seller":"epicur0","symbol":"SPT","quantity":"2170.205193","price":"0.00202407","timestamp":1647979134,"volume":"4.39264722","buyTxId":"07f681d78d46cacb9b942060d9345b46cb919783","sellTxId":"201805749cc3262b30b5c000063e1ca6dc774de3"}
{"index": {"_index":"spt","_id":"3030035"}}
	{"id":3030035,"type":"sell","buyer":"multifurcate","seller":"dswap","symbol":"SPT","quantity":"53.823347","price":"0.00202407","timestamp":1647979791,"volume":"0.10894222","buyTxId":"07f681d78d46cacb9b942060d9345b46cb919783","sellTxId":"386a9b67c532a3a85dc5e5187719ca4e21158abf"}
{"index": {"_index":"spt","_id":"3030041"}}
	{"id":3030041,"type":"sell","buyer":"multifurcate","seller":"brofi-market","symbol":"SPT","quantity":"0.197153","price":"0.00202407","timestamp":1647979818,"volume":"0.00039905","buyTxId":"07f681d78d46cacb9b942060d9345b46cb919783","sellTxId":"fe1f50f4ca2e31e3d2987c0b25fa17bdcaccdf90"}
{"index": {"_index":"spt","_id":"3030348"}}
	{"id":3030348,"type":"sell","buyer":"multifurcate","seller":"dswap","symbol":"SPT","quantity":"11.05468","price":"0.00202407","timestamp":1647983163,"volume":"0.02237545","buyTxId":"07f681d78d46cacb9b942060d9345b46cb919783","sellTxId":"d8799e23030ea01fea4165c32084638112ee5266"}
{"index": {"_index":"spt","_id":"3030421"}}
	{"id":3030421,"type":"buy","buyer":"trinitylove","seller":"kitsuki","symbol":"SPT","quantity":"1920.615249","price":"0.00238840","timestamp":1647984096,"volume":"4.58719746","buyTxId":"92e78f51d862238ead35e72c18a7476a24c86e98","sellTxId":"b24ffb66defb44200f71c87b5a8b376b02ebddd0"}
{"index": {"_index":"spt","_id":"3030422"}}
	{"id":3030422,"type":"buy","buyer":"trinitylove","seller":"dhedge-drips","symbol":"SPT","quantity":"0.019898","price":"0.00238840","timestamp":1647984096,"volume":"0.00004752","buyTxId":"92e78f51d862238ead35e72c18a7476a24c86e98","sellTxId":"9e750523b2ca1925e9179d5cdc431e5dfc7f26b4"}
{"index": {"_index":"spt","_id":"3030423"}}
	{"id":3030423,"type":"buy","buyer":"trinitylove","seller":"brofi-market","symbol":"SPT","quantity":"0.197153","price":"0.00238840","timestamp":1647984096,"volume":"0.00047088","buyTxId":"92e78f51d862238ead35e72c18a7476a24c86e98","sellTxId":"77d3444467a91c660f9a485ac3c5c4e801f04d6a"}
{"index": {"_index":"spt","_id":"3030496"}}
	{"id":3030496,"type":"sell","buyer":"thewycher","seller":"reppilc","symbol":"SPT","quantity":"1000.000000","price":"0.00202509","timestamp":1647984672,"volume":"2.02509000","buyTxId":"65d8cd74c70eb6e801141d8fc8667e8a65f2bce5","sellTxId":"de50f0e1394a99b21b6be20ea8a5b7ed4be8f6ec"}
{"index": {"_index":"spt","_id":"3030497"}}
	{"id":3030497,"type":"sell","buyer":"thewycher","seller":"reppilc","symbol":"SPT","quantity":"1000.000000","price":"0.00202509","timestamp":1647984672,"volume":"2.02509000","buyTxId":"5f8ada1e6fee842b38f77e21a24949913de238d6","sellTxId":"de50f0e1394a99b21b6be20ea8a5b7ed4be8f6ec"}
{"index": {"_index":"spt","_id":"3030498"}}
	{"id":3030498,"type":"sell","buyer":"thewycher","seller":"reppilc","symbol":"SPT","quantity":"1000.000000","price":"0.00202509","timestamp":1647984672,"volume":"2.02509000","buyTxId":"0a8cadee3561505287eeb4160c0feea47b073d41","sellTxId":"de50f0e1394a99b21b6be20ea8a5b7ed4be8f6ec"}
{"index": {"_index":"spt","_id":"3030499"}}
	{"id":3030499,"type":"sell","buyer":"thewycher","seller":"reppilc","symbol":"SPT","quantity":"546.000000","price":"0.00202509","timestamp":1647984672,"volume":"1.10569914","buyTxId":"0ef07e2a9a357e85293178c40c6deaeb425e00b8","sellTxId":"de50f0e1394a99b21b6be20ea8a5b7ed4be8f6ec"}
{"index": {"_index":"spt","_id":"3030590"}}
	{"id":3030590,"type":"sell","buyer":"multifurcate","seller":"batistebou","symbol":"SPT","quantity":"74.657432","price":"0.00202715","timestamp":1647985821,"volume":"0.15134181","buyTxId":"7ca4e568e64294e217a0c630b8db9aac4a94672e","sellTxId":"4a743479b6112da7ba244b692d9bc396614bda0f"}
{"index": {"_index":"spt","_id":"3030641"}}
	{"id":3030641,"type":"sell","buyer":"multifurcate","seller":"he-index","symbol":"SPT","quantity":"0.031000","price":"0.00202715","timestamp":1647986475,"volume":"0.00006284","buyTxId":"7ca4e568e64294e217a0c630b8db9aac4a94672e","sellTxId":"fb951d95c8c481acda9f933b4a2bc0534fe680fd"}
{"index": {"_index":"spt","_id":"3031048"}}
	{"id":3031048,"type":"sell","buyer":"multifurcate","seller":"reppilc","symbol":"SPT","quantity":"15641.45","price":"0.00202816","timestamp":1647992556,"volume":"31.72336323","buyTxId":"32c2cb280c4f48932f923c6289b25aa8a8757a28","sellTxId":"f58d4f1ebeb4cb3deac6570b5e2132f1a4899664"}
{"index": {"_index":"spt","_id":"3031108"}}
	{"id":3031108,"type":"sell","buyer":"multifurcate","seller":"lordtimoty","symbol":"SPT","quantity":"2025.000000","price":"0.00202816","timestamp":1647993258,"volume":"4.10702400","buyTxId":"32c2cb280c4f48932f923c6289b25aa8a8757a28","sellTxId":"8738379c0bc31f36379bdc0c39fdf3026dd87529"}
{"index": {"_index":"spt","_id":"3031212"}}
	{"id":3031212,"type":"sell","buyer":"multifurcate","seller":"brofi-market","symbol":"SPT","quantity":"3.760974","price":"0.00202816","timestamp":1647994425,"volume":"0.00762786","buyTxId":"32c2cb280c4f48932f923c6289b25aa8a8757a28","sellTxId":"ad3b9fb82e16d0a479bf67994159fecfde7838fe"}
{"index": {"_index":"spt","_id":"3031405"}}
	{"id":3031405,"type":"sell","buyer":"kitsuki","seller":"dhedge-drips","symbol":"SPT","quantity":"0.026262","price":"0.00202817","timestamp":1647996387,"volume":"0.00005326","buyTxId":"090b4f3c41b08f34e8e7a8b357431841d7dfd796","sellTxId":"d75c010fcde05ee2abfc6eca11b773a99e2ff095"}
{"index": {"_index":"spt","_id":"3031421"}}
	{"id":3031421,"type":"buy","buyer":"dracozauberer","seller":"zionazrael","symbol":"SPT","quantity":"27.530965","price":"0.00238838","timestamp":1647996651,"volume":"0.06575441","buyTxId":"80068f344b06749b50d135a6fa2100876774b0f7","sellTxId":"e38cc8ed8a42ea15fecaea016194b3ba98475d1e"}
{"index": {"_index":"spt","_id":"3031422"}}
	{"id":3031422,"type":"buy","buyer":"dracozauberer","seller":"brofi-market","symbol":"SPT","quantity":"3.760974","price":"0.00238838","timestamp":1647996651,"volume":"0.00898264","buyTxId":"80068f344b06749b50d135a6fa2100876774b0f7","sellTxId":"1b83373185b9cbc84d2f29c502ea186459af3df4"}
{"index": {"_index":"spt","_id":"3031423"}}
	{"id":3031423,"type":"buy","buyer":"dracozauberer","seller":"dhedge-drips","symbol":"SPT","quantity":"0.026262","price":"0.00238838","timestamp":1647996651,"volume":"0.00006272","buyTxId":"80068f344b06749b50d135a6fa2100876774b0f7","sellTxId":"c292b30db684e31c829032b95e71c72e75f5647c"}
{"index": {"_index":"spt","_id":"3031424"}}
	{"id":3031424,"type":"buy","buyer":"dracozauberer","seller":"kitsuki","symbol":"SPT","quantity":"18.924899","price":"0.00238840","timestamp":1647996651,"volume":"0.04520023","buyTxId":"80068f344b06749b50d135a6fa2100876774b0f7","sellTxId":"c0da48d071a6be9fc8071cc99fe3187e876f7327"}
{"index": {"_index":"spt","_id":"3031737"}}
	{"id":3031737,"type":"sell","buyer":"zionazrael","seller":"bitcoinflood","symbol":"SPT","quantity":"78.944737","price":"0.00202818","timestamp":1648000950,"volume":"0.16011414","buyTxId":"519c3fdc642a9e4f1e1a285df0c8089f086ce19b","sellTxId":"3eb65ef990298c318d73b00a9b0fab8040f678a1"}
{"index": {"_index":"spt","_id":"3031744"}}
	{"id":3031744,"type":"buy","buyer":"captainquack22","seller":"kitsuki","symbol":"SPT","quantity":"569.075101","price":"0.00238840","timestamp":1648001073,"volume":"1.35917897","buyTxId":"cc9ba179dff195e6fe0c8073da5fc33cb7a96dd4","sellTxId":"c0da48d071a6be9fc8071cc99fe3187e876f7327"}
{"index": {"_index":"spt","_id":"3031745"}}
	{"id":3031745,"type":"buy","buyer":"captainquack22","seller":"kitsuki","symbol":"SPT","quantity":"1099.814645","price":"0.00238840","timestamp":1648001073,"volume":"2.62679730","buyTxId":"cc9ba179dff195e6fe0c8073da5fc33cb7a96dd4","sellTxId":"07acbb1e6cf5ebe1d5ce65e5320bb29147f80cad"}
{"index": {"_index":"spt","_id":"3032253"}}
	{"id":3032253,"type":"sell","buyer":"multifurcate","seller":"criptoventa2","symbol":"SPT","quantity":"211.28122","price":"0.00202920","timestamp":1648007646,"volume":"0.42873185","buyTxId":"bb13fe47d1e672352e5451cfdef9af30c2ddc528","sellTxId":"b460a638a561542e1e238898c8392c9cbe2da883"}
