{"index": {"_index":"spt","_id":"3216577"}}
	{"id":3216577,"type":"sell","buyer":"thewycher","seller":"brofi-market","symbol":"SPT","quantity":"0.718726","price":"0.00220203","timestamp":1650168714,"volume":"0.00158266","buyTxId":"445aa10337b6a2f01d4d2adf6673f8ac414bba57","sellTxId":"6e0ce83c976b96e376a85f81dc6b33b86691a951"}
{"index": {"_index":"spt","_id":"3216645"}}
	{"id":3216645,"type":"sell","buyer":"thewycher","seller":"zdigital222","symbol":"SPT","quantity":"549.981331","price":"0.00220203","timestamp":1650170805,"volume":"1.21107539","buyTxId":"445aa10337b6a2f01d4d2adf6673f8ac414bba57","sellTxId":"e83b0552dc86657b8b22e5af16802a2778abacab"}
{"index": {"_index":"spt","_id":"3216646"}}
	{"id":3216646,"type":"sell","buyer":"thewycher","seller":"zdigital222","symbol":"SPT","quantity":"650.018669","price":"0.00220203","timestamp":1650170805,"volume":"1.43136061","buyTxId":"a5057d2f907a7c14d720a83e6ca2c79694091145","sellTxId":"e83b0552dc86657b8b22e5af16802a2778abacab"}
{"index": {"_index":"spt","_id":"3216650"}}
	{"id":3216650,"type":"sell","buyer":"thewycher","seller":"zdigital222","symbol":"SPT","quantity":"300","price":"0.00220203","timestamp":1650170994,"volume":"0.66060900","buyTxId":"a5057d2f907a7c14d720a83e6ca2c79694091145","sellTxId":"751600c87b40813b29dfa7344d2b7ae0f58759c4"}
{"index": {"_index":"spt","_id":"3216700"}}
	{"id":3216700,"type":"sell","buyer":"thewycher","seller":"themarkymark","symbol":"SPT","quantity":"49.981330","price":"0.00220203","timestamp":1650172227,"volume":"0.11006039","buyTxId":"a5057d2f907a7c14d720a83e6ca2c79694091145","sellTxId":"4b2d7c555ce95a4bdb4b0df691ca2a89690bc944"}
{"index": {"_index":"spt","_id":"3216701"}}
	{"id":3216701,"type":"sell","buyer":"thewycher","seller":"themarkymark","symbol":"SPT","quantity":"31.973783","price":"0.00220203","timestamp":1650172227,"volume":"0.07040723","buyTxId":"093391c59fc9c189044cca4e7ef2c528ee999f3f","sellTxId":"4b2d7c555ce95a4bdb4b0df691ca2a89690bc944"}
{"index": {"_index":"spt","_id":"3216820"}}
	{"id":3216820,"type":"sell","buyer":"thewycher","seller":"zdigital222","symbol":"SPT","quantity":"400","price":"0.00220203","timestamp":1650174237,"volume":"0.88081200","buyTxId":"093391c59fc9c189044cca4e7ef2c528ee999f3f","sellTxId":"4e9e9f0bec039a40521fe15c2317f9f21211acee"}
{"index": {"_index":"spt","_id":"3216856"}}
	{"id":3216856,"type":"buy","buyer":"aschatria","seller":"zionazrael","symbol":"SPT","quantity":"398.350000","price":"0.00249845","timestamp":1650175080,"volume":"0.99525756","buyTxId":"52fb0210724c411632d3fe5b62f239c7c8dc13e6","sellTxId":"3e11546eb2e9a1b4acd0776904b8203a36d39205"}
{"index": {"_index":"spt","_id":"3216886"}}
	{"id":3216886,"type":"sell","buyer":"thewycher","seller":"ggbits","symbol":"SPT","quantity":"82.885416","price":"0.00220203","timestamp":1650175677,"volume":"0.18251617","buyTxId":"093391c59fc9c189044cca4e7ef2c528ee999f3f","sellTxId":"f9a7fd976c94c9f185cafc658867f8fa2abf5042"}
{"index": {"_index":"spt","_id":"3217042"}}
	{"id":3217042,"type":"sell","buyer":"thewycher","seller":"dhedge-drips","symbol":"SPT","quantity":"0.004736","price":"0.00220203","timestamp":1650177936,"volume":"0.00001043","buyTxId":"093391c59fc9c189044cca4e7ef2c528ee999f3f","sellTxId":"1d022e4197f5d1c959254c14e045fc38d1a29030"}
{"index": {"_index":"spt","_id":"3217049"}}
	{"id":3217049,"type":"sell","buyer":"thewycher","seller":"mein-senf-dazu","symbol":"SPT","quantity":"22.289706","price":"0.00220203","timestamp":1650177975,"volume":"0.04908260","buyTxId":"093391c59fc9c189044cca4e7ef2c528ee999f3f","sellTxId":"32b9371d196550998097386b41803212652fe3ce"}
{"index": {"_index":"spt","_id":"3217112"}}
	{"id":3217112,"type":"sell","buyer":"thewycher","seller":"chronocrypto","symbol":"SPT","quantity":"462.846358","price":"0.00220203","timestamp":1650178785,"volume":"1.01920157","buyTxId":"093391c59fc9c189044cca4e7ef2c528ee999f3f","sellTxId":"7bb32a97951cb364393b112749985d410ec9bbbc"}
{"index": {"_index":"spt","_id":"3217113"}}
	{"id":3217113,"type":"sell","buyer":"thewycher","seller":"chronocrypto","symbol":"SPT","quantity":"999.999999","price":"0.00220203","timestamp":1650178785,"volume":"2.20203000","buyTxId":"09a6612049289d21fb801e6ee73d83c87f4dcab8","sellTxId":"7bb32a97951cb364393b112749985d410ec9bbbc"}
{"index": {"_index":"spt","_id":"3217114"}}
	{"id":3217114,"type":"sell","buyer":"thewycher","seller":"chronocrypto","symbol":"SPT","quantity":"999.999999","price":"0.00220203","timestamp":1650178785,"volume":"2.20203000","buyTxId":"348acfd58c9c1f592956c7fea18a04da887f79b5","sellTxId":"7bb32a97951cb364393b112749985d410ec9bbbc"}
{"index": {"_index":"spt","_id":"3217115"}}
	{"id":3217115,"type":"sell","buyer":"thewycher","seller":"chronocrypto","symbol":"SPT","quantity":"999.999999","price":"0.00220203","timestamp":1650178785,"volume":"2.20203000","buyTxId":"6304b1ea6951b2fecc1126723f5fde53ca807654","sellTxId":"7bb32a97951cb364393b112749985d410ec9bbbc"}
{"index": {"_index":"spt","_id":"3217116"}}
	{"id":3217116,"type":"sell","buyer":"thewycher","seller":"chronocrypto","symbol":"SPT","quantity":"999.999999","price":"0.00220203","timestamp":1650178785,"volume":"2.20203000","buyTxId":"3b60bd6bb782068d5fe050966412d26c799644ef","sellTxId":"7bb32a97951cb364393b112749985d410ec9bbbc"}
{"index": {"_index":"spt","_id":"3217117"}}
	{"id":3217117,"type":"sell","buyer":"thewycher","seller":"chronocrypto","symbol":"SPT","quantity":"218.308805","price":"0.00220203","timestamp":1650178785,"volume":"0.48072254","buyTxId":"0ddfc7a498dd150aa615801161b9eaf2fff63570","sellTxId":"7bb32a97951cb364393b112749985d410ec9bbbc"}
{"index": {"_index":"spt","_id":"3217206"}}
	{"id":3217206,"type":"sell","buyer":"thewycher","seller":"burn-it-down","symbol":"SPT","quantity":"781.691194","price":"0.00220203","timestamp":1650180060,"volume":"1.72130746","buyTxId":"0ddfc7a498dd150aa615801161b9eaf2fff63570","sellTxId":"9f8f06f5e6ac7585462f0adb6f6784e1d43500b6"}
{"index": {"_index":"spt","_id":"3217207"}}
	{"id":3217207,"type":"sell","buyer":"thewycher","seller":"burn-it-down","symbol":"SPT","quantity":"155.113494","price":"0.00220203","timestamp":1650180060,"volume":"0.34156457","buyTxId":"495f915289ffc29f6865f75ac441492e96a491ee","sellTxId":"9f8f06f5e6ac7585462f0adb6f6784e1d43500b6"}
{"index": {"_index":"spt","_id":"3217249"}}
	{"id":3217249,"type":"sell","buyer":"thewycher","seller":"cynano","symbol":"SPT","quantity":"119.139100","price":"0.00220203","timestamp":1650180567,"volume":"0.26234787","buyTxId":"495f915289ffc29f6865f75ac441492e96a491ee","sellTxId":"c3ba216af7fc950c38d41de4dca888af3a250b67"}
{"index": {"_index":"spt","_id":"3217586"}}
	{"id":3217586,"type":"sell","buyer":"thewycher","seller":"hykss","symbol":"SPT","quantity":"500.417683","price":"0.00220203","timestamp":1650184584,"volume":"1.10193475","buyTxId":"495f915289ffc29f6865f75ac441492e96a491ee","sellTxId":"1b210084d2390cad979438041a959af75bfa3bcb"}
{"index": {"_index":"spt","_id":"3217907"}}
	{"id":3217907,"type":"buy","buyer":"valentin86","seller":"kitsuki","symbol":"SPT","quantity":"800.000000","price":"0.00249842","timestamp":1650189795,"volume":"1.99873600","buyTxId":"391eec8eeff52db5f84a95f1be656b0a6b6e2cc7","sellTxId":"5e3c1d0d67ece13efbe9ddc61c80b20845aaba2a"}
{"index": {"_index":"spt","_id":"3217908"}}
	{"id":3217908,"type":"buy","buyer":"valentin86","seller":"dhedge-drips","symbol":"SPT","quantity":"0.004736","price":"0.00249842","timestamp":1650189795,"volume":"0.00001183","buyTxId":"391eec8eeff52db5f84a95f1be656b0a6b6e2cc7","sellTxId":"31ee4e6a5b9205a8af707810bda5f645492b405b"}
{"index": {"_index":"spt","_id":"3217909"}}
	{"id":3217909,"type":"buy","buyer":"valentin86","seller":"zionazrael","symbol":"SPT","quantity":"712.105767","price":"0.00249845","timestamp":1650189795,"volume":"1.77916065","buyTxId":"391eec8eeff52db5f84a95f1be656b0a6b6e2cc7","sellTxId":"3e11546eb2e9a1b4acd0776904b8203a36d39205"}
{"index": {"_index":"spt","_id":"3217910"}}
	{"id":3217910,"type":"buy","buyer":"valentin86","seller":"brofi-market","symbol":"SPT","quantity":"0.718726","price":"0.00249845","timestamp":1650189795,"volume":"0.00179570","buyTxId":"391eec8eeff52db5f84a95f1be656b0a6b6e2cc7","sellTxId":"f61aa9990fd722fb7322b7dfbc0b9b12ff4aeed0"}
{"index": {"_index":"spt","_id":"3217911"}}
	{"id":3217911,"type":"buy","buyer":"valentin86","seller":"falcout","symbol":"SPT","quantity":"2487.170771","price":"0.00249846","timestamp":1650189795,"volume":"6.21409668","buyTxId":"391eec8eeff52db5f84a95f1be656b0a6b6e2cc7","sellTxId":"9c4314f2377496ae36318db890159bf5528c2e99"}
{"index": {"_index":"spt","_id":"3218201"}}
	{"id":3218201,"type":"sell","buyer":"thewycher","seller":"varsunger","symbol":"SPT","quantity":"13.069785","price":"0.00220203","timestamp":1650194145,"volume":"0.02878006","buyTxId":"495f915289ffc29f6865f75ac441492e96a491ee","sellTxId":"a08166bad0bde3fa7ab6b9a3a8d2d6d9c1036b9c"}
{"index": {"_index":"spt","_id":"3218309"}}
	{"id":3218309,"type":"sell","buyer":"groentje","seller":"saachi","symbol":"SPT","quantity":"110.000000","price":"0.00230000","timestamp":1650196158,"volume":"0.25300000","buyTxId":"c908e4635e49ca6fc55c702f022430d724ac0bb4","sellTxId":"d3b6cd5aafb124b7bea587fe8ade3e19919aee20"}
{"index": {"_index":"spt","_id":"3218310"}}
	{"id":3218310,"type":"sell","buyer":"thewycher","seller":"saachi","symbol":"SPT","quantity":"212.259937","price":"0.00220203","timestamp":1650196158,"volume":"0.46740275","buyTxId":"495f915289ffc29f6865f75ac441492e96a491ee","sellTxId":"d3b6cd5aafb124b7bea587fe8ade3e19919aee20"}
{"index": {"_index":"spt","_id":"3218311"}}
	{"id":3218311,"type":"sell","buyer":"thewycher","seller":"saachi","symbol":"SPT","quantity":"999.999999","price":"0.00220203","timestamp":1650196158,"volume":"2.20203000","buyTxId":"f424dba3750289a94f6f3c7ef575e29154c67ec1","sellTxId":"d3b6cd5aafb124b7bea587fe8ade3e19919aee20"}
{"index": {"_index":"spt","_id":"3218312"}}
	{"id":3218312,"type":"sell","buyer":"thewycher","seller":"saachi","symbol":"SPT","quantity":"999.999999","price":"0.00220203","timestamp":1650196158,"volume":"2.20203000","buyTxId":"6e2f9021724ff87f3436800933131a031e589222","sellTxId":"d3b6cd5aafb124b7bea587fe8ade3e19919aee20"}
{"index": {"_index":"spt","_id":"3218313"}}
	{"id":3218313,"type":"sell","buyer":"thewycher","seller":"saachi","symbol":"SPT","quantity":"277.740065","price":"0.00220203","timestamp":1650196158,"volume":"0.61159196","buyTxId":"9acc363670b52a517eda98d6920f57e918508a88","sellTxId":"d3b6cd5aafb124b7bea587fe8ade3e19919aee20"}
{"index": {"_index":"spt","_id":"3218336"}}
	{"id":3218336,"type":"sell","buyer":"thewycher","seller":"yameen","symbol":"SPT","quantity":"29.241059","price":"0.00220203","timestamp":1650196710,"volume":"0.06438969","buyTxId":"9acc363670b52a517eda98d6920f57e918508a88","sellTxId":"d21f5c9de38e29f7bfc8b04e2d90e61fc50f923d"}
{"index": {"_index":"spt","_id":"3218404"}}
	{"id":3218404,"type":"sell","buyer":"thewycher","seller":"brofi-market","symbol":"SPT","quantity":"0.054894","price":"0.00220203","timestamp":1650197961,"volume":"0.00012088","buyTxId":"9acc363670b52a517eda98d6920f57e918508a88","sellTxId":"5722cacc9db901409970dabe57619305b2e0c278"}
{"index": {"_index":"spt","_id":"3218562"}}
	{"id":3218562,"type":"sell","buyer":"thewycher","seller":"dhedge-drips","symbol":"SPT","quantity":"0.005146","price":"0.00220203","timestamp":1650199650,"volume":"0.00001133","buyTxId":"9acc363670b52a517eda98d6920f57e918508a88","sellTxId":"b3b9a20068d0bc873fb6e21421ca7c55a40d2f8e"}
{"index": {"_index":"spt","_id":"3218570"}}
	{"id":3218570,"type":"sell","buyer":"thewycher","seller":"nathu1","symbol":"SPT","quantity":"374.000000","price":"0.00220203","timestamp":1650199743,"volume":"0.82355922","buyTxId":"9acc363670b52a517eda98d6920f57e918508a88","sellTxId":"a3209c0c745c492bd3eefa387b3dd18aeda8dd48"}
{"index": {"_index":"spt","_id":"3218750"}}
	{"id":3218750,"type":"sell","buyer":"thewycher","seller":"dswap","symbol":"SPT","quantity":"141.570526","price":"0.00220203","timestamp":1650201252,"volume":"0.31174255","buyTxId":"9acc363670b52a517eda98d6920f57e918508a88","sellTxId":"b05bd9606744fb968732fcf1faf2a660dd677b23"}
{"index": {"_index":"spt","_id":"3218982"}}
	{"id":3218982,"type":"sell","buyer":"thewycher","seller":"barbarzynca","symbol":"SPT","quantity":"177.388309","price":"0.00220203","timestamp":1650203430,"volume":"0.39061437","buyTxId":"9acc363670b52a517eda98d6920f57e918508a88","sellTxId":"4a52d72593b3a2b83b4ceef0e2473af698dff0c3"}
{"index": {"_index":"spt","_id":"3218983"}}
	{"id":3218983,"type":"sell","buyer":"thewycher","seller":"barbarzynca","symbol":"SPT","quantity":"999.999999","price":"0.00220203","timestamp":1650203430,"volume":"2.20203000","buyTxId":"dcf635072dfa8d96147bfb3af903db4812a20dfd","sellTxId":"4a52d72593b3a2b83b4ceef0e2473af698dff0c3"}
{"index": {"_index":"spt","_id":"3218984"}}
	{"id":3218984,"type":"sell","buyer":"thewycher","seller":"barbarzynca","symbol":"SPT","quantity":"865.191456","price":"0.00220203","timestamp":1650203430,"volume":"1.90517754","buyTxId":"a11284b71598b5ec39720aed000ce13a39c2ba60","sellTxId":"4a52d72593b3a2b83b4ceef0e2473af698dff0c3"}
{"index": {"_index":"spt","_id":"3219149"}}
	{"id":3219149,"type":"sell","buyer":"thewycher","seller":"apeminingclub","symbol":"SPT","quantity":"1.048513","price":"0.00220203","timestamp":1650205284,"volume":"0.00230886","buyTxId":"a11284b71598b5ec39720aed000ce13a39c2ba60","sellTxId":"63e93e3a731dc85e8f047bbea0cf000f6fb069c8"}
{"index": {"_index":"spt","_id":"3219713"}}
	{"id":3219713,"type":"sell","buyer":"kitsuki","seller":"brofi-market","symbol":"SPT","quantity":"0.218417","price":"0.00220204","timestamp":1650211938,"volume":"0.00048096","buyTxId":"bd8dadccff2a69f10876c2b7e1f7d8bb57bf8ebe","sellTxId":"83c2de71f4be3ebf0123b7b93914575d4a38efca"}
{"index": {"_index":"spt","_id":"3219780"}}
	{"id":3219780,"type":"sell","buyer":"kitsuki","seller":"bitcoinflood","symbol":"SPT","quantity":"79.806477","price":"0.00220204","timestamp":1650212832,"volume":"0.17573705","buyTxId":"bd8dadccff2a69f10876c2b7e1f7d8bb57bf8ebe","sellTxId":"37ffc56b671b19895dadc9572f7a39d7f5447ab1"}
{"index": {"_index":"spt","_id":"3219838"}}
	{"id":3219838,"type":"sell","buyer":"kitsuki","seller":"missquibble","symbol":"SPT","quantity":"90.766361","price":"0.00220204","timestamp":1650213609,"volume":"0.19987116","buyTxId":"bd8dadccff2a69f10876c2b7e1f7d8bb57bf8ebe","sellTxId":"d90df8d5414120830194f3de3592d970322822de"}
{"index": {"_index":"spt","_id":"3220440"}}
	{"id":3220440,"type":"sell","buyer":"kitsuki","seller":"mango-juice","symbol":"SPT","quantity":"329.208745","price":"0.00220204","timestamp":1650218499,"volume":"0.72493082","buyTxId":"bd8dadccff2a69f10876c2b7e1f7d8bb57bf8ebe","sellTxId":"7b4be293e6182da9aa0d42c5b5add25351029322"}
{"index": {"_index":"spt","_id":"3220555"}}
	{"id":3220555,"type":"sell","buyer":"thewycher","seller":"dubble.eth","symbol":"SPT","quantity":"120.864022","price":"0.00220203","timestamp":1650219336,"volume":"0.26614620","buyTxId":"a11284b71598b5ec39720aed000ce13a39c2ba60","sellTxId":"2ed7f04be635f72ff8c1bd1b02811dc224938d55"}
{"index": {"_index":"spt","_id":"3220583"}}
	{"id":3220583,"type":"sell","buyer":"thewycher","seller":"catomoon","symbol":"SPT","quantity":"2.963541","price":"0.00220203","timestamp":1650219669,"volume":"0.00652581","buyTxId":"a11284b71598b5ec39720aed000ce13a39c2ba60","sellTxId":"0775116f6b5e62825cbcab83c26e3926647da04c"}
{"index": {"_index":"spt","_id":"3220728"}}
	{"id":3220728,"type":"sell","buyer":"thewycher","seller":"dhedge-drips","symbol":"SPT","quantity":"0.029452","price":"0.00220203","timestamp":1650221157,"volume":"0.00006485","buyTxId":"a11284b71598b5ec39720aed000ce13a39c2ba60","sellTxId":"25fed4e7ce209dd9198c2e10143b1913eb705b75"}
{"index": {"_index":"spt","_id":"3220819"}}
	{"id":3220819,"type":"buy","buyer":"kitsuki","seller":"mango-juice","symbol":"SPT","quantity":"638.016429","price":"0.00220204","timestamp":1650221757,"volume":"1.40493770","buyTxId":"c27088be0140a5285e517a794b3c2cbd7cde6efe","sellTxId":"7b4be293e6182da9aa0d42c5b5add25351029322"}
{"index": {"_index":"spt","_id":"3220820"}}
	{"id":3220820,"type":"buy","buyer":"kitsuki","seller":"dhedge-drips","symbol":"SPT","quantity":"0.029452","price":"0.00220204","timestamp":1650221757,"volume":"0.00006485","buyTxId":"c27088be0140a5285e517a794b3c2cbd7cde6efe","sellTxId":"3c8b8ce4648d9794293df78a696dcfe3914c7dc5"}
{"index": {"_index":"spt","_id":"3220907"}}
	{"id":3220907,"type":"buy","buyer":"jongolson","seller":"kitsuki","symbol":"SPT","quantity":"80.000000","price":"0.00249798","timestamp":1650222489,"volume":"0.19983840","buyTxId":"21045db21bc58d5fa6b439bc544f63660d01b5a2","sellTxId":"d1fc197f8c454d2d9ac1a74d1daf0e52895fb793"}
{"index": {"_index":"spt","_id":"3220908"}}
	{"id":3220908,"type":"buy","buyer":"jongolson","seller":"kitsuki","symbol":"SPT","quantity":"800.000000","price":"0.00249798","timestamp":1650222489,"volume":"1.99838400","buyTxId":"21045db21bc58d5fa6b439bc544f63660d01b5a2","sellTxId":"8b94b84718cde1b0be55fdf6b855b7d4744c595b"}
{"index": {"_index":"spt","_id":"3220958"}}
	{"id":3220958,"type":"sell","buyer":"thewycher","seller":"travelwritemoney","symbol":"SPT","quantity":"2.095151","price":"0.00220203","timestamp":1650222711,"volume":"0.00461359","buyTxId":"a11284b71598b5ec39720aed000ce13a39c2ba60","sellTxId":"90a6de1ec083c35fdabd8b13a081105dfd8125db"}
{"index": {"_index":"spt","_id":"3221157"}}
	{"id":3221157,"type":"sell","buyer":"kitsuki","seller":"taskmaster4450","symbol":"SPT","quantity":"200.000000","price":"0.00220204","timestamp":1650224673,"volume":"0.44040800","buyTxId":"1d6c6a291ef3c0a39886cc0cb1825bd71a96f003","sellTxId":"e9aaa7a27981b10a91b9789e171c28dcadbfc4c6"}
{"index": {"_index":"spt","_id":"3221158"}}
	{"id":3221158,"type":"sell","buyer":"thewycher","seller":"taskmaster4450","symbol":"SPT","quantity":"7.807864","price":"0.00220203","timestamp":1650224673,"volume":"0.01719315","buyTxId":"a11284b71598b5ec39720aed000ce13a39c2ba60","sellTxId":"e9aaa7a27981b10a91b9789e171c28dcadbfc4c6"}
{"index": {"_index":"spt","_id":"3221159"}}
	{"id":3221159,"type":"sell","buyer":"thewycher","seller":"taskmaster4450","symbol":"SPT","quantity":"999.999999","price":"0.00220203","timestamp":1650224673,"volume":"2.20203000","buyTxId":"8a416444ddc5904a7cd137ddcc9b18f2b7fa71c3","sellTxId":"e9aaa7a27981b10a91b9789e171c28dcadbfc4c6"}
{"index": {"_index":"spt","_id":"3221160"}}
	{"id":3221160,"type":"sell","buyer":"thewycher","seller":"taskmaster4450","symbol":"SPT","quantity":"999.999999","price":"0.00220203","timestamp":1650224673,"volume":"2.20203000","buyTxId":"feb375fa1ee832592ad6818a244cb51318141519","sellTxId":"e9aaa7a27981b10a91b9789e171c28dcadbfc4c6"}
{"index": {"_index":"spt","_id":"3221161"}}
	{"id":3221161,"type":"sell","buyer":"thewycher","seller":"taskmaster4450","symbol":"SPT","quantity":"597.912409","price":"0.00220203","timestamp":1650224673,"volume":"1.31662106","buyTxId":"b31d9a3713bb02a7fed932a76cbb668e157109d0","sellTxId":"e9aaa7a27981b10a91b9789e171c28dcadbfc4c6"}
{"index": {"_index":"spt","_id":"3221279"}}
	{"id":3221279,"type":"sell","buyer":"thewycher","seller":"giacomone","symbol":"SPT","quantity":"107.318325","price":"0.00220203","timestamp":1650225672,"volume":"0.23631817","buyTxId":"b31d9a3713bb02a7fed932a76cbb668e157109d0","sellTxId":"7e483b183b968654e90458af01b907d305bb491f"}
{"index": {"_index":"spt","_id":"3221288"}}
	{"id":3221288,"type":"sell","buyer":"thewycher","seller":"taskmaster4450le","symbol":"SPT","quantity":"203.268248","price":"0.00220203","timestamp":1650225774,"volume":"0.44760278","buyTxId":"b31d9a3713bb02a7fed932a76cbb668e157109d0","sellTxId":"85aee535caa29f7316762f6ee585564f77c0c4df"}
{"index": {"_index":"spt","_id":"3221326"}}
	{"id":3221326,"type":"sell","buyer":"kitsuki","seller":"brofi-market","symbol":"SPT","quantity":"0.033760","price":"0.00220205","timestamp":1650226197,"volume":"0.00007434","buyTxId":"5e6822956bc5149ab36cc7080a31c64325cd59bc","sellTxId":"4e88a62adf9fe67a934c7fe4471e73257afc286a"}
{"index": {"_index":"spt","_id":"3221475"}}
	{"id":3221475,"type":"sell","buyer":"kitsuki","seller":"andy4475","symbol":"SPT","quantity":"0.773000","price":"0.00220205","timestamp":1650227391,"volume":"0.00170218","buyTxId":"5e6822956bc5149ab36cc7080a31c64325cd59bc","sellTxId":"ce3ffa6c63f47e5b9af9eb06bb101aedb79ab017"}
{"index": {"_index":"spt","_id":"3221892"}}
	{"id":3221892,"type":"sell","buyer":"kitsuki","seller":"he-index","symbol":"SPT","quantity":"0.019000","price":"0.00220205","timestamp":1650232935,"volume":"0.00004184","buyTxId":"5e6822956bc5149ab36cc7080a31c64325cd59bc","sellTxId":"943ff4f9cbe47736be6939aaea8c7e2b72be3495"}
{"index": {"_index":"spt","_id":"3222024"}}
	{"id":3222024,"type":"sell","buyer":"kitsuki","seller":"bryanlz8764","symbol":"SPT","quantity":"449.174240","price":"0.00220205","timestamp":1650234498,"volume":"0.98910414","buyTxId":"5e6822956bc5149ab36cc7080a31c64325cd59bc","sellTxId":"116e5bb4615082e86e6c9d9e56bcb0fd69001e03"}
{"index": {"_index":"spt","_id":"3222025"}}
	{"id":3222025,"type":"sell","buyer":"thewycher","seller":"bryanlz8764","symbol":"SPT","quantity":"91.501017","price":"0.00220203","timestamp":1650234498,"volume":"0.20148798","buyTxId":"b31d9a3713bb02a7fed932a76cbb668e157109d0","sellTxId":"116e5bb4615082e86e6c9d9e56bcb0fd69001e03"}
{"index": {"_index":"spt","_id":"3222026"}}
	{"id":3222026,"type":"sell","buyer":"thewycher","seller":"bryanlz8764","symbol":"SPT","quantity":"999.999999","price":"0.00220203","timestamp":1650234498,"volume":"2.20203000","buyTxId":"362ba4df2916bf9d94d10881e471b9e9a8bb10f6","sellTxId":"116e5bb4615082e86e6c9d9e56bcb0fd69001e03"}
{"index": {"_index":"spt","_id":"3222027"}}
	{"id":3222027,"type":"sell","buyer":"thewycher","seller":"bryanlz8764","symbol":"SPT","quantity":"17.922609","price":"0.00220203","timestamp":1650234498,"volume":"0.03946612","buyTxId":"b0f919ab1e9004e5198374dd8bbc6f26389eb5e1","sellTxId":"116e5bb4615082e86e6c9d9e56bcb0fd69001e03"}
{"index": {"_index":"spt","_id":"3222186"}}
	{"id":3222186,"type":"sell","buyer":"thewycher","seller":"pleo1542","symbol":"SPT","quantity":"26.596892","price":"0.00220203","timestamp":1650236940,"volume":"0.05856715","buyTxId":"b0f919ab1e9004e5198374dd8bbc6f26389eb5e1","sellTxId":"8e8b07ba316a4bcef851c59e21d3266c58af1e63"}
{"index": {"_index":"spt","_id":"3222218"}}
	{"id":3222218,"type":"sell","buyer":"multifurcate","seller":"alexandrzombi","symbol":"SPT","quantity":"0.454324","price":"0.00220305","timestamp":1650237312,"volume":"0.00100090","buyTxId":"be6022dceab29b5006550892ed887602b11c6f64","sellTxId":"d0f421a6e27467787c9bf7cad4835d78a073ac1d"}
{"index": {"_index":"spt","_id":"3222497"}}
	{"id":3222497,"type":"sell","buyer":"thewycher","seller":"shiftrox","symbol":"SPT","quantity":"781.426509","price":"0.00220306","timestamp":1650239934,"volume":"1.72152948","buyTxId":"dabe8855efe6ce2f8809190f9834c064be05fc47","sellTxId":"1df1c1c1bd37912baabafc3a54da425d68799dd2"}
{"index": {"_index":"spt","_id":"3222572"}}
	{"id":3222572,"type":"sell","buyer":"thewycher","seller":"powerpaul","symbol":"SPT","quantity":"26.669391","price":"0.00220306","timestamp":1650240456,"volume":"0.05875427","buyTxId":"dabe8855efe6ce2f8809190f9834c064be05fc47","sellTxId":"1fea56bc97748432b19ff050700d8761aaea35e6"}
{"index": {"_index":"spt","_id":"3222628"}}
	{"id":3222628,"type":"sell","buyer":"thewycher","seller":"brofi-market","symbol":"SPT","quantity":"5.060292","price":"0.00220306","timestamp":1650240849,"volume":"0.01114813","buyTxId":"dabe8855efe6ce2f8809190f9834c064be05fc47","sellTxId":"24c4aa2ee5df467b87b7014988863a9e47683dc9"}
{"index": {"_index":"spt","_id":"3222643"}}
	{"id":3222643,"type":"sell","buyer":"thewycher","seller":"frawdielp2","symbol":"SPT","quantity":"10.901468","price":"0.00220306","timestamp":1650240927,"volume":"0.02401659","buyTxId":"dabe8855efe6ce2f8809190f9834c064be05fc47","sellTxId":"29d24802fd2ce5a96265f4539bf9383a89b2f787"}
{"index": {"_index":"spt","_id":"3222872"}}
	{"id":3222872,"type":"sell","buyer":"thewycher","seller":"dhedge-drips","symbol":"SPT","quantity":"0.009474","price":"0.00220409","timestamp":1650242790,"volume":"0.00002088","buyTxId":"dbe4b6dcde715437f54a1bcd5fc3eed25f3ac1df","sellTxId":"54b59d75a8481e3ad69784e4c4d0455e021b1576"}
{"index": {"_index":"spt","_id":"3222932"}}
	{"id":3222932,"type":"sell","buyer":"thewycher","seller":"bitcoinflood","symbol":"SPT","quantity":"98.753112","price":"0.00220409","timestamp":1650243279,"volume":"0.21766075","buyTxId":"dbe4b6dcde715437f54a1bcd5fc3eed25f3ac1df","sellTxId":"29b7b0eb8e5edcd087d8d00a168d89714faf9143"}
{"index": {"_index":"spt","_id":"3223128"}}
	{"id":3223128,"type":"sell","buyer":"thewycher","seller":"felipejoys","symbol":"SPT","quantity":"901.237413","price":"0.00220409","timestamp":1650245355,"volume":"1.98640837","buyTxId":"dbe4b6dcde715437f54a1bcd5fc3eed25f3ac1df","sellTxId":"0e7fedc962a0bd8e88634f3cff19030e86c89f50"}
{"index": {"_index":"spt","_id":"3223129"}}
	{"id":3223129,"type":"sell","buyer":"thewycher","seller":"felipejoys","symbol":"SPT","quantity":"999.999999","price":"0.00220409","timestamp":1650245355,"volume":"2.20409000","buyTxId":"97ffb5f6ba68bfd7dd32b88eaf7de576fa080cad","sellTxId":"0e7fedc962a0bd8e88634f3cff19030e86c89f50"}
{"index": {"_index":"spt","_id":"3223130"}}
	{"id":3223130,"type":"sell","buyer":"thewycher","seller":"felipejoys","symbol":"SPT","quantity":"999.999999","price":"0.00220409","timestamp":1650245355,"volume":"2.20409000","buyTxId":"c1cd57afbdd95679a8bd399d043c91047985444f","sellTxId":"0e7fedc962a0bd8e88634f3cff19030e86c89f50"}
{"index": {"_index":"spt","_id":"3223131"}}
	{"id":3223131,"type":"sell","buyer":"thewycher","seller":"felipejoys","symbol":"SPT","quantity":"690.434511","price":"0.00220409","timestamp":1650245355,"volume":"1.52177980","buyTxId":"cd18edbb3eb27cbe09a8757abc530aa9601dff9b","sellTxId":"0e7fedc962a0bd8e88634f3cff19030e86c89f50"}
{"index": {"_index":"spt","_id":"3223396"}}
	{"id":3223396,"type":"sell","buyer":"thewycher","seller":"chireerocks","symbol":"SPT","quantity":"309.565488","price":"0.00220409","timestamp":1650248754,"volume":"0.68231020","buyTxId":"cd18edbb3eb27cbe09a8757abc530aa9601dff9b","sellTxId":"b2ac8f64a79b88628b86d6ab98e9ecb167dd5ab3"}
{"index": {"_index":"spt","_id":"3223397"}}
	{"id":3223397,"type":"sell","buyer":"thewycher","seller":"chireerocks","symbol":"SPT","quantity":"2.712464","price":"0.00220409","timestamp":1650248754,"volume":"0.00597851","buyTxId":"6dd087d616be479dbecba7d37e984776689ea885","sellTxId":"b2ac8f64a79b88628b86d6ab98e9ecb167dd5ab3"}
