{"index": {"_index":"spt","_id":"2937562"}}
	{"id":2937562,"type":"buy","buyer":"captainquack22","seller":"master-lamps","symbol":"SPT","quantity":"0.347000","price":"0.00274799","timestamp":1646808009,"volume":"0.00095355","buyTxId":"955a9b5359cbdbb6bb1a31f0377635d3fa965076","sellTxId":"6631f90a6e3d98c8638bf6cb55e3c772568b9f86"}
{"index": {"_index":"spt","_id":"2937563"}}
	{"id":2937563,"type":"buy","buyer":"captainquack22","seller":"kitsuki","symbol":"SPT","quantity":"300.000000","price":"0.00274800","timestamp":1646808009,"volume":"0.82440000","buyTxId":"955a9b5359cbdbb6bb1a31f0377635d3fa965076","sellTxId":"d6bf53b3e07cf37f3cb9315d855f5becc0ee87c2"}
{"index": {"_index":"spt","_id":"2937564"}}
	{"id":2937564,"type":"buy","buyer":"captainquack22","seller":"kitsuki","symbol":"SPT","quantity":"100.000000","price":"0.00274900","timestamp":1646808009,"volume":"0.27490000","buyTxId":"955a9b5359cbdbb6bb1a31f0377635d3fa965076","sellTxId":"d4a0f13f0dd8fdf98583226d8535ecac2fd59fdd"}
{"index": {"_index":"spt","_id":"2937565"}}
	{"id":2937565,"type":"buy","buyer":"captainquack22","seller":"brofi-market","symbol":"SPT","quantity":"0.004439","price":"0.00274900","timestamp":1646808009,"volume":"0.00001220","buyTxId":"955a9b5359cbdbb6bb1a31f0377635d3fa965076","sellTxId":"83279af1dc498a16045453152b6f4c0be6bd0d74"}
{"index": {"_index":"spt","_id":"2937566"}}
	{"id":2937566,"type":"buy","buyer":"captainquack22","seller":"laundrywoman","symbol":"SPT","quantity":"1710.525391","price":"0.00274900","timestamp":1646808009,"volume":"4.70223430","buyTxId":"955a9b5359cbdbb6bb1a31f0377635d3fa965076","sellTxId":"7fac680f8c0c77e87cfa409084dff509217404c2"}
{"index": {"_index":"spt","_id":"2937574"}}
	{"id":2937574,"type":"buy","buyer":"captainquack22","seller":"laundrywoman","symbol":"SPT","quantity":"88.690414","price":"0.00274900","timestamp":1646808117,"volume":"0.24380995","buyTxId":"4fe3934344efdfcca691821d64b11dbf57aa2f69","sellTxId":"7fac680f8c0c77e87cfa409084dff509217404c2"}
{"index": {"_index":"spt","_id":"2937604"}}
	{"id":2937604,"type":"sell","buyer":"nastyforce","seller":"khazrakh","symbol":"SPT","quantity":"76.473193","price":"0.00203000","timestamp":1646808426,"volume":"0.15524058","buyTxId":"3269138aef6badb8fb90991243e9eb3c8b9c3464","sellTxId":"22ad38f990250fa68c168a7a229d8e54d5c6465d"}
{"index": {"_index":"spt","_id":"2937605"}}
	{"id":2937605,"type":"sell","buyer":"mobi72","seller":"khazrakh","symbol":"SPT","quantity":"214.343567","price":"0.00203000","timestamp":1646808426,"volume":"0.43511744","buyTxId":"259566a6dc14bb58122d116cb3414c9c5997c5eb","sellTxId":"22ad38f990250fa68c168a7a229d8e54d5c6465d"}
{"index": {"_index":"spt","_id":"2937619"}}
	{"id":2937619,"type":"buy","buyer":"captainquack22","seller":"elenkar","symbol":"SPT","quantity":"0.604793","price":"0.00273000","timestamp":1646808519,"volume":"0.00165108","buyTxId":"73330a1f46092a0e8e4944f6da783e21f4d7a7e0","sellTxId":"5a734c1e79828de868301968b8130ae9c20abac8"}
{"index": {"_index":"spt","_id":"2937620"}}
	{"id":2937620,"type":"buy","buyer":"captainquack22","seller":"laundrywoman","symbol":"SPT","quantity":"261.313903","price":"0.00274900","timestamp":1646808519,"volume":"0.71835192","buyTxId":"73330a1f46092a0e8e4944f6da783e21f4d7a7e0","sellTxId":"7fac680f8c0c77e87cfa409084dff509217404c2"}
{"index": {"_index":"spt","_id":"2937671"}}
	{"id":2937671,"type":"buy","buyer":"jongolson","seller":"laundrywoman","symbol":"SPT","quantity":"5000.000000","price":"0.00274900","timestamp":1646809590,"volume":"13.74500000","buyTxId":"82425129abf05332529452cf7207df0fe7741799","sellTxId":"7fac680f8c0c77e87cfa409084dff509217404c2"}
{"index": {"_index":"spt","_id":"2937714"}}
	{"id":2937714,"type":"sell","buyer":"groentje","seller":"kyo-gaming","symbol":"SPT","quantity":"2000.000000","price":"0.00259000","timestamp":1646810211,"volume":"5.18000000","buyTxId":"6011d37edfcbf28ffe2cc2fcaf9e057b72d7e99e","sellTxId":"cc430868f6beefa0872fc21fa1e6e028973d18bd"}
{"index": {"_index":"spt","_id":"2937925"}}
	{"id":2937925,"type":"sell","buyer":"mobi72","seller":"brofi-market","symbol":"SPT","quantity":"0.145011","price":"0.00203000","timestamp":1646813463,"volume":"0.00029437","buyTxId":"259566a6dc14bb58122d116cb3414c9c5997c5eb","sellTxId":"4daa6ff344f437007c8b604063fadab98b73c4dc"}
{"index": {"_index":"spt","_id":"2938247"}}
	{"id":2938247,"type":"sell","buyer":"mobi72","seller":"isnochys","symbol":"SPT","quantity":"0.000010","price":"0.00203000","timestamp":1646818197,"volume":"0.00000002","buyTxId":"259566a6dc14bb58122d116cb3414c9c5997c5eb","sellTxId":"0fe8c3622dc4bbc8662f422d4ac191d08523ba32"}
{"index": {"_index":"spt","_id":"2938627"}}
	{"id":2938627,"type":"sell","buyer":"mobi72","seller":"iceman23","symbol":"SPT","quantity":"3.790064","price":"0.00203000","timestamp":1646823726,"volume":"0.00769383","buyTxId":"259566a6dc14bb58122d116cb3414c9c5997c5eb","sellTxId":"0941f2e5bfe84c7a28fb26fa4eb3b3ccb491d64a"}
{"index": {"_index":"spt","_id":"2939105"}}
	{"id":2939105,"type":"sell","buyer":"mobi72","seller":"dhedge-drips","symbol":"SPT","quantity":"0.013594","price":"0.00203000","timestamp":1646830038,"volume":"0.00002760","buyTxId":"259566a6dc14bb58122d116cb3414c9c5997c5eb","sellTxId":"a338509d98f9812e43f74a7f66763b6b91810d0f"}
{"index": {"_index":"spt","_id":"2939833"}}
	{"id":2939833,"type":"sell","buyer":"mobi72","seller":"fiberfrau","symbol":"SPT","quantity":"3.052877","price":"0.00203000","timestamp":1646838951,"volume":"0.00619734","buyTxId":"259566a6dc14bb58122d116cb3414c9c5997c5eb","sellTxId":"9993be7951277d27f69a835901e07dad15e428a8"}
{"index": {"_index":"spt","_id":"2939870"}}
	{"id":2939870,"type":"buy","buyer":"holdmycards","seller":"underlock","symbol":"SPT","quantity":"3.000000","price":"0.00272980","timestamp":1646839401,"volume":"0.00818940","buyTxId":"790d345cf2dd8cf85c5bb623bd7cb1f8c3bb787e","sellTxId":"4d51b2fd4882a2b51635189740853f2702603624"}
{"index": {"_index":"spt","_id":"2939975"}}
	{"id":2939975,"type":"buy","buyer":"evernoticethat","seller":"photosnap","symbol":"SPT","quantity":"210.594316","price":"0.00269000","timestamp":1646840481,"volume":"0.56649871","buyTxId":"d5481a53302fea4657e5fe4e821a147168580f32","sellTxId":"eed34b100dff9980ec460da3bd55586a74d0c2b3"}
{"index": {"_index":"spt","_id":"2939976"}}
	{"id":2939976,"type":"buy","buyer":"evernoticethat","seller":"kojiri","symbol":"SPT","quantity":"40.000000","price":"0.00270000","timestamp":1646840481,"volume":"0.10800000","buyTxId":"d5481a53302fea4657e5fe4e821a147168580f32","sellTxId":"a9c573852f950e16655211c6ed6e36970d80e4da"}
{"index": {"_index":"spt","_id":"2939977"}}
	{"id":2939977,"type":"buy","buyer":"evernoticethat","seller":"underlock","symbol":"SPT","quantity":"749.405684","price":"0.00272980","timestamp":1646840481,"volume":"2.04572764","buyTxId":"d5481a53302fea4657e5fe4e821a147168580f32","sellTxId":"4d51b2fd4882a2b51635189740853f2702603624"}
{"index": {"_index":"spt","_id":"2940034"}}
	{"id":2940034,"type":"sell","buyer":"dechuck","seller":"dswap","symbol":"SPT","quantity":"0.98","price":"0.00203001","timestamp":1646840898,"volume":"0.00198941","buyTxId":"4dfc6e25a6bc6f251bc6670857641a658a845ba2","sellTxId":"b3645e25a498821a031418c328d782cf72fa901b"}
{"index": {"_index":"spt","_id":"2940088"}}
	{"id":2940088,"type":"sell","buyer":"dechuck","seller":"ninjazillaz","symbol":"SPT","quantity":"75.000000","price":"0.00203001","timestamp":1646841627,"volume":"0.15225075","buyTxId":"4dfc6e25a6bc6f251bc6670857641a658a845ba2","sellTxId":"f28c85931cd35841c99249a0d3f1c9a808ea0ce1"}
{"index": {"_index":"spt","_id":"2940119"}}
	{"id":2940119,"type":"sell","buyer":"dechuck","seller":"itachi24","symbol":"SPT","quantity":"24.020000","price":"0.00203001","timestamp":1646842083,"volume":"0.04876084","buyTxId":"4dfc6e25a6bc6f251bc6670857641a658a845ba2","sellTxId":"bd0ed73dad62245890f08067d63190e6418b563f"}
{"index": {"_index":"spt","_id":"2940143"}}
	{"id":2940143,"type":"sell","buyer":"mobi72","seller":"brofi-market","symbol":"SPT","quantity":"0.244740","price":"0.00203000","timestamp":1646842362,"volume":"0.00049682","buyTxId":"259566a6dc14bb58122d116cb3414c9c5997c5eb","sellTxId":"d8d985f08c1db24bbe3bcca755508c346f7db9e7"}
{"index": {"_index":"spt","_id":"2940193"}}
	{"id":2940193,"type":"buy","buyer":"captainquack22","seller":"itachi24","symbol":"SPT","quantity":"6.120697","price":"0.00203001","timestamp":1646842785,"volume":"0.01242508","buyTxId":"1c7ee58cb7d6512e3b63f48f30cf0646cc2a641a","sellTxId":"bd0ed73dad62245890f08067d63190e6418b563f"}
{"index": {"_index":"spt","_id":"2940194"}}
	{"id":2940194,"type":"buy","buyer":"captainquack22","seller":"brofi-market","symbol":"SPT","quantity":"0.244740","price":"0.00203001","timestamp":1646842785,"volume":"0.00049682","buyTxId":"1c7ee58cb7d6512e3b63f48f30cf0646cc2a641a","sellTxId":"59dc9f8aa47adc062679b77e91d788ff852075d8"}
{"index": {"_index":"spt","_id":"2940195"}}
	{"id":2940195,"type":"buy","buyer":"captainquack22","seller":"laundrywoman","symbol":"SPT","quantity":"563.646328","price":"0.00272880","timestamp":1646842785,"volume":"1.53807810","buyTxId":"1c7ee58cb7d6512e3b63f48f30cf0646cc2a641a","sellTxId":"e4f3577cb5ff7ab7e2a940277e7b2c0eb14d523e"}
{"index": {"_index":"spt","_id":"2940397"}}
	{"id":2940397,"type":"buy","buyer":"zionazrael","seller":"jnn10","symbol":"SPT","quantity":"1697.477964","price":"0.00204000","timestamp":1646845041,"volume":"3.46285505","buyTxId":"eb323e09f3a09274fb536fa64d8b99ced752b3a2","sellTxId":"99fee7f3f3cee40c3acc595df80f358ddd1c2d7d"}
{"index": {"_index":"spt","_id":"2940578"}}
	{"id":2940578,"type":"buy","buyer":"samarek69","seller":"laundrywoman","symbol":"SPT","quantity":"11.100000","price":"0.00272880","timestamp":1646846511,"volume":"0.03028968","buyTxId":"04234fa806ded346f507313e57ce9903cfdef947","sellTxId":"29ffd1a663cb8957ad251f2616697632c90418fd"}
{"index": {"_index":"spt","_id":"2940797"}}
	{"id":2940797,"type":"sell","buyer":"multifurcate","seller":"nysster","symbol":"SPT","quantity":"335.000000","price":"0.00204100","timestamp":1646849055,"volume":"0.68373500","buyTxId":"9efe3f6b4c3096796e61585e38451472c4e77ac8","sellTxId":"d9d3e75d04095032fd62278873a9b081291453ee"}
{"index": {"_index":"spt","_id":"2940941"}}
	{"id":2940941,"type":"buy","buyer":"jongolson","seller":"laundrywoman","symbol":"SPT","quantity":"2500.000000","price":"0.00272880","timestamp":1646850240,"volume":"6.82200000","buyTxId":"c938abf407b9fbd055983568a815a8800c8dda21","sellTxId":"29ffd1a663cb8957ad251f2616697632c90418fd"}
{"index": {"_index":"spt","_id":"2941121"}}
	{"id":2941121,"type":"sell","buyer":"multifurcate","seller":"dhedge-drips","symbol":"SPT","quantity":"0.022944","price":"0.00204100","timestamp":1646851599,"volume":"0.00004683","buyTxId":"9efe3f6b4c3096796e61585e38451472c4e77ac8","sellTxId":"27c8f460bc578860ea4b1ffb1ee81fa38592136f"}
{"index": {"_index":"spt","_id":"2941427"}}
	{"id":2941427,"type":"sell","buyer":"multifurcate","seller":"catomoon","symbol":"SPT","quantity":"0.933831","price":"0.00204100","timestamp":1646854626,"volume":"0.00190595","buyTxId":"9efe3f6b4c3096796e61585e38451472c4e77ac8","sellTxId":"4debb55348eb98835ffd316b80d2b3682fc0e67e"}
{"index": {"_index":"spt","_id":"2941587"}}
	{"id":2941587,"type":"sell","buyer":"multifurcate","seller":"brofi-market","symbol":"SPT","quantity":"0.229108","price":"0.00204100","timestamp":1646856702,"volume":"0.00046761","buyTxId":"9efe3f6b4c3096796e61585e38451472c4e77ac8","sellTxId":"3cfc9fa3f7e575a759cecc0aeeceee470cbdcbfa"}
{"index": {"_index":"spt","_id":"2941649"}}
	{"id":2941649,"type":"sell","buyer":"multifurcate","seller":"lazybug","symbol":"SPT","quantity":"3690","price":"0.00204100","timestamp":1646857290,"volume":"7.53129000","buyTxId":"9efe3f6b4c3096796e61585e38451472c4e77ac8","sellTxId":"65c8542ace5a4cce64cfe1596d099951da839d90"}
{"index": {"_index":"spt","_id":"2941653"}}
	{"id":2941653,"type":"sell","buyer":"multifurcate","seller":"lazybug","symbol":"SPT","quantity":"9290.525337","price":"0.00204100","timestamp":1646857368,"volume":"18.96196221","buyTxId":"9efe3f6b4c3096796e61585e38451472c4e77ac8","sellTxId":"f2eb5d020d3369f2e6ea4a9c093f97e3ba9a8c09"}
{"index": {"_index":"spt","_id":"2941966"}}
	{"id":2941966,"type":"buy","buyer":"ahmetay","seller":"shauner","symbol":"SPT","quantity":"226.388162","price":"0.00250000","timestamp":1646861487,"volume":"0.56597041","buyTxId":"c9d52f31f7d84f2d5aed1d0fbeb0fba457853c0e","sellTxId":"f4d1b216ab4736cdc9f4b82fb0ea213137c12ef5"}
{"index": {"_index":"spt","_id":"2942343"}}
	{"id":2942343,"type":"buy","buyer":"druidsblood","seller":"kitsuki","symbol":"SPT","quantity":"300.000000","price":"0.00259600","timestamp":1646865264,"volume":"0.77880000","buyTxId":"6ff52659d44d43def0d7e4e385f1666e35d20345","sellTxId":"f1b7c53154eb4b96bdd1a36c13c31e1c0172a87b"}
{"index": {"_index":"spt","_id":"2942344"}}
	{"id":2942344,"type":"buy","buyer":"druidsblood","seller":"timtheteacher","symbol":"SPT","quantity":"1918.000000","price":"0.00260000","timestamp":1646865264,"volume":"4.98680000","buyTxId":"6ff52659d44d43def0d7e4e385f1666e35d20345","sellTxId":"6709298fd59525e1fba96bd6b86cdbcfdcec03e2"}
{"index": {"_index":"spt","_id":"2942345"}}
	{"id":2942345,"type":"buy","buyer":"druidsblood","seller":"brofi-market","symbol":"SPT","quantity":"0.229108","price":"0.00260000","timestamp":1646865264,"volume":"0.00059568","buyTxId":"6ff52659d44d43def0d7e4e385f1666e35d20345","sellTxId":"0309be5cda3e06c0ead38fb7bfee8f218ba4824b"}
{"index": {"_index":"spt","_id":"2942346"}}
	{"id":2942346,"type":"buy","buyer":"druidsblood","seller":"underlock","symbol":"SPT","quantity":"612.636888","price":"0.00272643","timestamp":1646865264,"volume":"1.67031159","buyTxId":"6ff52659d44d43def0d7e4e385f1666e35d20345","sellTxId":"e4c68a9f07653481888cc8edcefa666165b3901b"}
{"index": {"_index":"spt","_id":"2942347"}}
	{"id":2942347,"type":"buy","buyer":"druidsblood","seller":"underlock","symbol":"SPT","quantity":"500.000000","price":"0.00272678","timestamp":1646865264,"volume":"1.36339000","buyTxId":"6ff52659d44d43def0d7e4e385f1666e35d20345","sellTxId":"bb5b4748e3cd84b5be56f7cf7c469f6a957ff103"}
{"index": {"_index":"spt","_id":"2942348"}}
	{"id":2942348,"type":"buy","buyer":"druidsblood","seller":"laundrywoman","symbol":"SPT","quantity":"18209.134004","price":"0.00272780","timestamp":1646865264,"volume":"49.67087574","buyTxId":"6ff52659d44d43def0d7e4e385f1666e35d20345","sellTxId":"cbc41d75fa10e883a67d0d0ddc76854347db3dc5"}
{"index": {"_index":"spt","_id":"2942455"}}
	{"id":2942455,"type":"sell","buyer":"kitsuki","seller":"eythorphoto","symbol":"SPT","quantity":"8.152818","price":"0.00204200","timestamp":1646866428,"volume":"0.01664805","buyTxId":"e351a9f44739fd906dddfade067740628484236a","sellTxId":"efdfe6775f2f5a269a052a197f45f2bcb62491b0"}
{"index": {"_index":"spt","_id":"2942514"}}
	{"id":2942514,"type":"sell","buyer":"kitsuki","seller":"he-index","symbol":"SPT","quantity":"0.029000","price":"0.00204200","timestamp":1646866881,"volume":"0.00005922","buyTxId":"e351a9f44739fd906dddfade067740628484236a","sellTxId":"47b9fbeed2d5015fed849c16c8f7e3725157c0f7"}
{"index": {"_index":"spt","_id":"2942582"}}
	{"id":2942582,"type":"sell","buyer":"kitsuki","seller":"cynano","symbol":"SPT","quantity":"101.794293","price":"0.00204200","timestamp":1646867523,"volume":"0.20786395","buyTxId":"e351a9f44739fd906dddfade067740628484236a","sellTxId":"f024ebf86f58683c5d45638f1972c65d7f32e1b6"}
{"index": {"_index":"spt","_id":"2942712"}}
	{"id":2942712,"type":"buy","buyer":"jongolson","seller":"laundrywoman","symbol":"SPT","quantity":"2500.000000","price":"0.00272780","timestamp":1646869209,"volume":"6.81950000","buyTxId":"120b3f8eccff07fcef9ba2cef06bf495f9c6b509","sellTxId":"cbc41d75fa10e883a67d0d0ddc76854347db3dc5"}
{"index": {"_index":"spt","_id":"2943137"}}
	{"id":2943137,"type":"sell","buyer":"kitsuki","seller":"brofi-market","symbol":"SPT","quantity":"3.244851","price":"0.00204200","timestamp":1646871312,"volume":"0.00662599","buyTxId":"e351a9f44739fd906dddfade067740628484236a","sellTxId":"1915396f5e6d02f61b87741b1c90049da2f7b6c1"}
{"index": {"_index":"spt","_id":"2943207"}}
	{"id":2943207,"type":"sell","buyer":"kitsuki","seller":"chireerocks","symbol":"SPT","quantity":"95.807964","price":"0.00204200","timestamp":1646871777,"volume":"0.19563986","buyTxId":"e351a9f44739fd906dddfade067740628484236a","sellTxId":"b01316f234dc899a6e079bcf6027bdae01ecfe58"}
{"index": {"_index":"spt","_id":"2943251"}}
	{"id":2943251,"type":"sell","buyer":"kitsuki","seller":"nrg","symbol":"SPT","quantity":"290.971074","price":"0.00204200","timestamp":1646871942,"volume":"0.59416293","buyTxId":"e351a9f44739fd906dddfade067740628484236a","sellTxId":"ae62f550d7e7c93b63b40122afd237636f18c955-12"}
{"index": {"_index":"spt","_id":"2943252"}}
	{"id":2943252,"type":"sell","buyer":"kitsuki","seller":"nrg","symbol":"SPT","quantity":"197.138770","price":"0.00201900","timestamp":1646871942,"volume":"0.39802318","buyTxId":"067c481193e06349511d66feb08c6e4e8b70e41b","sellTxId":"ae62f550d7e7c93b63b40122afd237636f18c955-12"}
{"index": {"_index":"spt","_id":"2943253"}}
	{"id":2943253,"type":"sell","buyer":"kitsuki","seller":"nrg","symbol":"SPT","quantity":"782.860424","price":"0.00201202","timestamp":1646871942,"volume":"1.57513083","buyTxId":"6eeaa8830da4382caae260883d0865f56700f098","sellTxId":"ae62f550d7e7c93b63b40122afd237636f18c955-12"}
{"index": {"_index":"spt","_id":"2943254"}}
	{"id":2943254,"type":"sell","buyer":"multifurcate","seller":"nrg","symbol":"SPT","quantity":"500.091083","price":"0.00201201","timestamp":1646871942,"volume":"1.00618826","buyTxId":"a980b97369f980def5c6f2859fe96a96f5ab3128","sellTxId":"ae62f550d7e7c93b63b40122afd237636f18c955-12"}
{"index": {"_index":"spt","_id":"2943322"}}
	{"id":2943322,"type":"sell","buyer":"multifurcate","seller":"naguiza","symbol":"SPT","quantity":"2025.541554","price":"0.00201201","timestamp":1646872419,"volume":"4.07540986","buyTxId":"a980b97369f980def5c6f2859fe96a96f5ab3128","sellTxId":"725a604cc3e8a89cf41872dd34131c984bb13e76"}
{"index": {"_index":"spt","_id":"2943379"}}
	{"id":2943379,"type":"sell","buyer":"multifurcate","seller":"dhedge-drips","symbol":"SPT","quantity":"0.023011","price":"0.00201201","timestamp":1646873196,"volume":"0.00004630","buyTxId":"a980b97369f980def5c6f2859fe96a96f5ab3128","sellTxId":"9f3cee73dfca29b879aa26d6d76cb7f83867911e"}
{"index": {"_index":"spt","_id":"2943485"}}
	{"id":2943485,"type":"sell","buyer":"multifurcate","seller":"knightsunited","symbol":"SPT","quantity":"197.544597","price":"0.00201201","timestamp":1646874681,"volume":"0.39746170","buyTxId":"a980b97369f980def5c6f2859fe96a96f5ab3128","sellTxId":"8d75613568e168e11551cc87edd889cf2d7ec29b"}
{"index": {"_index":"spt","_id":"2943586"}}
	{"id":2943586,"type":"buy","buyer":"captainquack22","seller":"laundrywoman","symbol":"SPT","quantity":"489.387051","price":"0.00272780","timestamp":1646875797,"volume":"1.33495","buyTxId":"5c41dfbfbb40698fd21a9d7b8aa1e86efbc76100","sellTxId":"fdaa3e64a0c5c5395af8fdcbb47a322252d4fbef"}
{"index": {"_index":"spt","_id":"2943734"}}
	{"id":2943734,"type":"sell","buyer":"kitsuki","seller":"knightsunited","symbol":"SPT","quantity":"52.129383","price":"0.00201202","timestamp":1646878026,"volume":"0.10488536","buyTxId":"e7f1cdcbdf7e1f30a87a47528d8f0d816c655be9","sellTxId":"ee18af0d999eab748626bbfd518fc5d854fd3d40"}
{"index": {"_index":"spt","_id":"2944149"}}
	{"id":2944149,"type":"sell","buyer":"kitsuki","seller":"razorwrath","symbol":"SPT","quantity":"7.600000","price":"0.00201202","timestamp":1646883825,"volume":"0.01529135","buyTxId":"e7f1cdcbdf7e1f30a87a47528d8f0d816c655be9","sellTxId":"6a73b8d78c0c7cda84c78563a49a49341c86b213"}
