{"index": {"_index":"spt","_id":"3508925"}}
	{"id":3508925,"type":"sell","buyer":"multifurcate","seller":"ratanali","symbol":"SPT","quantity":"16.340526","price":"0.00272100","timestamp":1653360888,"volume":"0.04446257","buyTxId":"0d4c3199b22ef9e2e1e3075f075d3f4564d027fa","sellTxId":"ced6c4fb889703ee3e462ea55872a4b9a8964cd8"}
{"index": {"_index":"spt","_id":"3508959"}}
	{"id":3508959,"type":"sell","buyer":"multifurcate","seller":"chireerocks","symbol":"SPT","quantity":"106.558883","price":"0.00272100","timestamp":1653361278,"volume":"0.28994672","buyTxId":"0d4c3199b22ef9e2e1e3075f075d3f4564d027fa","sellTxId":"4b92bd80c9f37723fb20657b9ea35d131e4259bd"}
{"index": {"_index":"spt","_id":"3509016"}}
	{"id":3509016,"type":"buy","buyer":"pjansen","seller":"saachi","symbol":"SPT","quantity":"250.000000","price":"0.00300000","timestamp":1653361773,"volume":"0.75000000","buyTxId":"bdb15e7f6ecd14c03d5dc9a9a61f60dfe93aa45a","sellTxId":"ad721e5f82cabd4a0a57c71f7dea7a05fc6c4533"}
{"index": {"_index":"spt","_id":"3509017"}}
	{"id":3509017,"type":"buy","buyer":"pjansen","seller":"kitsuki","symbol":"SPT","quantity":"0.270431","price":"0.00369780","timestamp":1653361773,"volume":"0.00100000","buyTxId":"bdb15e7f6ecd14c03d5dc9a9a61f60dfe93aa45a","sellTxId":"1d729741273c85cc135a6c39edae8b19867fb01e"}
{"index": {"_index":"spt","_id":"3509126"}}
	{"id":3509126,"type":"sell","buyer":"indiebandguru","seller":"captainquack22","symbol":"SPT","quantity":"86","price":"0.00272200","timestamp":1653363744,"volume":"0.23409200","buyTxId":"fd372dc52efbcd654be688013660a12a500ae7dd","sellTxId":"cd10ce7903149ee048b6663565a1b77caec77f18"}
{"index": {"_index":"spt","_id":"3509173"}}
	{"id":3509173,"type":"sell","buyer":"indiebandguru","seller":"calcalcal","symbol":"SPT","quantity":"14.000000","price":"0.00272200","timestamp":1653364236,"volume":"0.03810800","buyTxId":"fd372dc52efbcd654be688013660a12a500ae7dd","sellTxId":"b4d8bb26943312d25599e7898adeafe680e01057"}
{"index": {"_index":"spt","_id":"3509174"}}
	{"id":3509174,"type":"sell","buyer":"multifurcate","seller":"calcalcal","symbol":"SPT","quantity":"351.220000","price":"0.00272100","timestamp":1653364236,"volume":"0.95566962","buyTxId":"0d4c3199b22ef9e2e1e3075f075d3f4564d027fa","sellTxId":"b4d8bb26943312d25599e7898adeafe680e01057"}
{"index": {"_index":"spt","_id":"3509329"}}
	{"id":3509329,"type":"buy","buyer":"xplosive","seller":"indiebandguru","symbol":"SPT","quantity":"25.000000","price":"0.00369750","timestamp":1653366156,"volume":"0.09243750","buyTxId":"d22a2d398f41ca96b6bfc32da7e88ed3fd9b4cc6","sellTxId":"b7a3e6bfffa3c9bc8235a18fd96dfadcb4c827eb"}
{"index": {"_index":"spt","_id":"3509515"}}
	{"id":3509515,"type":"sell","buyer":"nathu1","seller":"pjansen","symbol":"SPT","quantity":"100.000000","price":"0.00360200","timestamp":1653368055,"volume":"0.36020000","buyTxId":"294f6914ffe4939143bf64ca2db31c2d9ed6c70d","sellTxId":"31916794ac5d0d35a36f0dbe54d2b9f9e47fa408"}
{"index": {"_index":"spt","_id":"3509516"}}
	{"id":3509516,"type":"sell","buyer":"onlydoge","seller":"pjansen","symbol":"SPT","quantity":"0.347056","price":"0.00273000","timestamp":1653368055,"volume":"0.00094746","buyTxId":"38830089d067eb001bb35284e5c1db93f3ec70f2","sellTxId":"31916794ac5d0d35a36f0dbe54d2b9f9e47fa408"}
{"index": {"_index":"spt","_id":"3509694"}}
	{"id":3509694,"type":"buy","buyer":"luckbound","seller":"indiebandguru","symbol":"SPT","quantity":"20.301614","price":"0.00369750","timestamp":1653370536,"volume":"0.07506522","buyTxId":"90b7826c478bad5017b1ecb2250d4e5a5209b4bb","sellTxId":"b7a3e6bfffa3c9bc8235a18fd96dfadcb4c827eb"}
{"index": {"_index":"spt","_id":"3509942"}}
	{"id":3509942,"type":"sell","buyer":"thewycher","seller":"abh12345","symbol":"SPT","quantity":"499.999999","price":"0.00273101","timestamp":1653373236,"volume":"1.36550500","buyTxId":"8b7bcf4446e45fc6c045b4dff9a70643f7ee1ccb","sellTxId":"ee2811d1da50bf20ac4bd54b4661fef7380ac6b0"}
{"index": {"_index":"spt","_id":"3509943"}}
	{"id":3509943,"type":"sell","buyer":"thewycher","seller":"abh12345","symbol":"SPT","quantity":"499.999999","price":"0.00273101","timestamp":1653373236,"volume":"1.36550500","buyTxId":"7704453e8ce46f67a5f572260eebcfba99ea4b0f","sellTxId":"ee2811d1da50bf20ac4bd54b4661fef7380ac6b0"}
{"index": {"_index":"spt","_id":"3509944"}}
	{"id":3509944,"type":"sell","buyer":"thewycher","seller":"abh12345","symbol":"SPT","quantity":"499.999999","price":"0.00273101","timestamp":1653373236,"volume":"1.36550500","buyTxId":"ea940276bf2cfce264f7b887f2c8f77de4b310d9","sellTxId":"ee2811d1da50bf20ac4bd54b4661fef7380ac6b0"}
{"index": {"_index":"spt","_id":"3509945"}}
	{"id":3509945,"type":"sell","buyer":"thewycher","seller":"abh12345","symbol":"SPT","quantity":"90.494915","price":"0.00273101","timestamp":1653373236,"volume":"0.24714252","buyTxId":"e4d9d343500acae821fba82242170c1ca7683bb4","sellTxId":"ee2811d1da50bf20ac4bd54b4661fef7380ac6b0"}
{"index": {"_index":"spt","_id":"3510088"}}
	{"id":3510088,"type":"sell","buyer":"thewycher","seller":"barski","symbol":"SPT","quantity":"10.292247","price":"0.00273101","timestamp":1653374670,"volume":"0.02810823","buyTxId":"e4d9d343500acae821fba82242170c1ca7683bb4","sellTxId":"40dac18b3816b726d3773dd7eaa0ab2d6d55db67"}
{"index": {"_index":"spt","_id":"3510235"}}
	{"id":3510235,"type":"sell","buyer":"multifurcate","seller":"socialmediaseo","symbol":"SPT","quantity":"36.088193","price":"0.00274100","timestamp":1653376668,"volume":"0.09891774","buyTxId":"2a97d136b937772b35abc19f60d7755a5836c6ff","sellTxId":"3a115686a05fb44f8ce2fc4b9e43fdec2033a9fa"}
{"index": {"_index":"spt","_id":"3511075"}}
	{"id":3511075,"type":"sell","buyer":"thewycher","seller":"spongebob27","symbol":"SPT","quantity":"499.999999","price":"0.00275101","timestamp":1653387273,"volume":"1.37550500","buyTxId":"ba3853d75e9cc5f0b5b85a65d8e9fecdd7468f11","sellTxId":"f94241f2f4f6c292f7aab20c7aaca2b53abae9b6"}
{"index": {"_index":"spt","_id":"3511076"}}
	{"id":3511076,"type":"sell","buyer":"thewycher","seller":"spongebob27","symbol":"SPT","quantity":"499.999999","price":"0.00275101","timestamp":1653387273,"volume":"1.37550500","buyTxId":"66419f3126cd6ed892f9f2451355a70b73cdef9f","sellTxId":"f94241f2f4f6c292f7aab20c7aaca2b53abae9b6"}
{"index": {"_index":"spt","_id":"3511077"}}
	{"id":3511077,"type":"sell","buyer":"thewycher","seller":"spongebob27","symbol":"SPT","quantity":"499.999999","price":"0.00275101","timestamp":1653387273,"volume":"1.37550500","buyTxId":"f70e87464fbaa8d0f019a60ff4fb1540203fb841","sellTxId":"f94241f2f4f6c292f7aab20c7aaca2b53abae9b6"}
{"index": {"_index":"spt","_id":"3511078"}}
	{"id":3511078,"type":"sell","buyer":"thewycher","seller":"spongebob27","symbol":"SPT","quantity":"499.999999","price":"0.00275101","timestamp":1653387273,"volume":"1.37550500","buyTxId":"87640a75ca4aa5bd4af6858b38f3380f1792bdf3","sellTxId":"f94241f2f4f6c292f7aab20c7aaca2b53abae9b6"}
{"index": {"_index":"spt","_id":"3511079"}}
	{"id":3511079,"type":"sell","buyer":"thewycher","seller":"spongebob27","symbol":"SPT","quantity":"408.338129","price":"0.00275101","timestamp":1653387273,"volume":"1.12334228","buyTxId":"e2bf20aca36d20c4179d0d0dd9a51f2d76238596","sellTxId":"f94241f2f4f6c292f7aab20c7aaca2b53abae9b6"}
{"index": {"_index":"spt","_id":"3511140"}}
	{"id":3511140,"type":"sell","buyer":"thewycher","seller":"godhatesusall","symbol":"SPT","quantity":"5.885971","price":"0.00275101","timestamp":1653388044,"volume":"0.01619237","buyTxId":"e2bf20aca36d20c4179d0d0dd9a51f2d76238596","sellTxId":"2137719a33a1f2e140486533f142e8977f7d0903"}
{"index": {"_index":"spt","_id":"3511322"}}
	{"id":3511322,"type":"sell","buyer":"thewycher","seller":"kraaaaa","symbol":"SPT","quantity":"85.775899","price":"0.00275101","timestamp":1653389706,"volume":"0.23597035","buyTxId":"e2bf20aca36d20c4179d0d0dd9a51f2d76238596","sellTxId":"535e4d7cf8b0c2583d344752cb045ac784aee387"}
{"index": {"_index":"spt","_id":"3511323"}}
	{"id":3511323,"type":"sell","buyer":"thewycher","seller":"kraaaaa","symbol":"SPT","quantity":"499.999999","price":"0.00275101","timestamp":1653389706,"volume":"1.37550500","buyTxId":"3e68230b4ebe957276ea14414e59636f81fd62e8","sellTxId":"535e4d7cf8b0c2583d344752cb045ac784aee387"}
{"index": {"_index":"spt","_id":"3511324"}}
	{"id":3511324,"type":"sell","buyer":"thewycher","seller":"kraaaaa","symbol":"SPT","quantity":"499.999999","price":"0.00275101","timestamp":1653389706,"volume":"1.37550500","buyTxId":"50877fae7055b80fff257e45dda788c54f05dfc2","sellTxId":"535e4d7cf8b0c2583d344752cb045ac784aee387"}
{"index": {"_index":"spt","_id":"3511325"}}
	{"id":3511325,"type":"sell","buyer":"thewycher","seller":"kraaaaa","symbol":"SPT","quantity":"125.661040","price":"0.00275101","timestamp":1653389706,"volume":"0.34569478","buyTxId":"4e3745fcc9f40984c4d81fe88fd48db4948eec6d","sellTxId":"535e4d7cf8b0c2583d344752cb045ac784aee387"}
{"index": {"_index":"spt","_id":"3511326"}}
	{"id":3511326,"type":"sell","buyer":"thewycher","seller":"kraaaaa","symbol":"SPT","quantity":"499.999999","price":"0.00275101","timestamp":1653389706,"volume":"1.37550500","buyTxId":"21de97c45a4685100b03b867d498096a6a14f780","sellTxId":"535e4d7cf8b0c2583d344752cb045ac784aee387"}
{"index": {"_index":"spt","_id":"3511327"}}
	{"id":3511327,"type":"sell","buyer":"thewycher","seller":"kraaaaa","symbol":"SPT","quantity":"499.999999","price":"0.00275101","timestamp":1653389706,"volume":"1.37550500","buyTxId":"dd4d0cc438581551cf810205bffb0b82e750c663","sellTxId":"535e4d7cf8b0c2583d344752cb045ac784aee387"}
{"index": {"_index":"spt","_id":"3511328"}}
	{"id":3511328,"type":"sell","buyer":"thewycher","seller":"kraaaaa","symbol":"SPT","quantity":"137.626626","price":"0.00275101","timestamp":1653389706,"volume":"0.37861222","buyTxId":"c181425ee5a3f854ec2c516de4eb8e11bc77d4cd","sellTxId":"535e4d7cf8b0c2583d344752cb045ac784aee387"}
{"index": {"_index":"spt","_id":"3511383"}}
	{"id":3511383,"type":"buy","buyer":"dbooster","seller":"agglutinogenic","symbol":"SPT","quantity":"500.000000","price":"0.00349900","timestamp":1653390591,"volume":"1.74950000","buyTxId":"c4b201433398a654ccada03bf5d1a13b37f97b1f","sellTxId":"2aee63b1ea794e428f13e479ae1a4af94361b0bd"}
{"index": {"_index":"spt","_id":"3511492"}}
	{"id":3511492,"type":"sell","buyer":"onlydoge","seller":"norseland","symbol":"SPT","quantity":"1086.956510","price":"0.00276000","timestamp":1653392103,"volume":"2.99999997","buyTxId":"a9c780cfd7ccbd08a9429d57468bf6de32f440c8","sellTxId":"4ab965bf7bc3b7fe837cb38d98d776c12ddefc72"}
{"index": {"_index":"spt","_id":"3511541"}}
	{"id":3511541,"type":"buy","buyer":"pjansen","seller":"norseland","symbol":"SPT","quantity":"1816.596424","price":"0.00275240","timestamp":1653392691,"volume":"5.000","buyTxId":"0b3583512fbe59b576ff4bd591d77d6ce6c52763","sellTxId":"4ab965bf7bc3b7fe837cb38d98d776c12ddefc72"}
{"index": {"_index":"spt","_id":"3511543"}}
	{"id":3511543,"type":"buy","buyer":"pjansen","seller":"norseland","symbol":"SPT","quantity":"1816.596424","price":"0.00275240","timestamp":1653392748,"volume":"5.000","buyTxId":"ffabeaaff540d95e713c018f6f9142eea5ca633b","sellTxId":"4ab965bf7bc3b7fe837cb38d98d776c12ddefc72"}
{"index": {"_index":"spt","_id":"3511547"}}
	{"id":3511547,"type":"buy","buyer":"pjansen","seller":"norseland","symbol":"SPT","quantity":"1816.596424","price":"0.00275240","timestamp":1653392808,"volume":"5.000","buyTxId":"2f1c263a3b950bee532bddf8a805e9f0c08dce57","sellTxId":"4ab965bf7bc3b7fe837cb38d98d776c12ddefc72"}
{"index": {"_index":"spt","_id":"3511551"}}
	{"id":3511551,"type":"buy","buyer":"pjansen","seller":"norseland","symbol":"SPT","quantity":"467.562070","price":"0.00275240","timestamp":1653392871,"volume":"1.28691784","buyTxId":"f4a668231731162154567443b2f7dab0acca43f4","sellTxId":"4ab965bf7bc3b7fe837cb38d98d776c12ddefc72"}
{"index": {"_index":"spt","_id":"3511552"}}
	{"id":3511552,"type":"buy","buyer":"pjansen","seller":"agglutinogenic","symbol":"SPT","quantity":"0.310163","price":"0.00348900","timestamp":1653392871,"volume":"0.00108216","buyTxId":"f4a668231731162154567443b2f7dab0acca43f4","sellTxId":"49592f867a931eb761f7ebd9e2753a4d012e00ab"}
{"index": {"_index":"spt","_id":"3511662"}}
	{"id":3511662,"type":"sell","buyer":"thewycher","seller":"boscohage","symbol":"SPT","quantity":"6.570000","price":"0.00275101","timestamp":1653393909,"volume":"0.01807414","buyTxId":"000c2aedda03672c5882344d748b284bd3f127c6","sellTxId":"6b23bd95ed868981d072394967ae183305bbae0c"}
{"index": {"_index":"spt","_id":"3512371"}}
	{"id":3512371,"type":"sell","buyer":"kitsuki","seller":"bitcoinflood","symbol":"SPT","quantity":"94.799233","price":"0.00275103","timestamp":1653399675,"volume":"0.26079553","buyTxId":"c4d7158a488d617c9d66b30aa1faf3057ef4895a","sellTxId":"6fea61d86bbb3680c82411ebd6135a7c2a732343"}
{"index": {"_index":"spt","_id":"3512898"}}
	{"id":3512898,"type":"sell","buyer":"kitsuki","seller":"themarkymark","symbol":"SPT","quantity":"5.200767","price":"0.00275103","timestamp":1653402372,"volume":"0.01430747","buyTxId":"c4d7158a488d617c9d66b30aa1faf3057ef4895a","sellTxId":"63affdde3bc0b928443b3fd529ac43f1ca5338b9"}
{"index": {"_index":"spt","_id":"3512949"}}
	{"id":3512949,"type":"buy","buyer":"pjansen","seller":"themarkymark","symbol":"SPT","quantity":"31.689667","price":"0.00275103","timestamp":1653403032,"volume":"0.08717922","buyTxId":"744ae10c3f68c8109650972dfe49a0b41d90ca2e","sellTxId":"63affdde3bc0b928443b3fd529ac43f1ca5338b9"}
{"index": {"_index":"spt","_id":"3512950"}}
	{"id":3512950,"type":"buy","buyer":"pjansen","seller":"miketr","symbol":"SPT","quantity":"3.973783","price":"0.00347799","timestamp":1653403032,"volume":"0.01382078","buyTxId":"744ae10c3f68c8109650972dfe49a0b41d90ca2e","sellTxId":"2a53fcbd96a07f70433ff7c6c103e1aaa03429e4"}
{"index": {"_index":"spt","_id":"3512955"}}
	{"id":3512955,"type":"sell","buyer":"thewycher","seller":"zdigital222","symbol":"SPT","quantity":"493.429999","price":"0.00275101","timestamp":1653403086,"volume":"1.35743086","buyTxId":"000c2aedda03672c5882344d748b284bd3f127c6","sellTxId":"c890de3dae6b2c92355866a6b4ac5ec6413cbaaf"}
{"index": {"_index":"spt","_id":"3512956"}}
	{"id":3512956,"type":"sell","buyer":"thewycher","seller":"zdigital222","symbol":"SPT","quantity":"106.570001","price":"0.00275101","timestamp":1653403086,"volume":"0.29317514","buyTxId":"a078d08a4f13a03975ead35a577fbf1ef82c8770","sellTxId":"c890de3dae6b2c92355866a6b4ac5ec6413cbaaf"}
{"index": {"_index":"spt","_id":"3513623"}}
	{"id":3513623,"type":"sell","buyer":"thewycher","seller":"zakludick","symbol":"SPT","quantity":"6.567456","price":"0.00277101","timestamp":1653409539,"volume":"0.01819849","buyTxId":"b319f17eaa8eb559ef15851fb09f3b2dc550a943","sellTxId":"0af3eff967043a2891b9bb2b864c17de58e45aa3"}
{"index": {"_index":"spt","_id":"3514130"}}
	{"id":3514130,"type":"sell","buyer":"thewycher","seller":"catomoon","symbol":"SPT","quantity":"8.829165","price":"0.00277101","timestamp":1653413742,"volume":"0.02446570","buyTxId":"b319f17eaa8eb559ef15851fb09f3b2dc550a943","sellTxId":"76c45a1cb4e9a41b9e65ea48179230c0645acd82"}
{"index": {"_index":"spt","_id":"3514369"}}
	{"id":3514369,"type":"sell","buyer":"thewycher","seller":"shiftrox","symbol":"SPT","quantity":"472.612263","price":"0.00277101","timestamp":1653415674,"volume":"1.30961331","buyTxId":"b319f17eaa8eb559ef15851fb09f3b2dc550a943","sellTxId":"af7e0502587024bd6039839b3cb10e842f3de3a8"}
{"index": {"_index":"spt","_id":"3514375"}}
	{"id":3514375,"type":"sell","buyer":"thewycher","seller":"splinter100dedos","symbol":"SPT","quantity":"11.991115","price":"0.00277101","timestamp":1653415755,"volume":"0.03322750","buyTxId":"b319f17eaa8eb559ef15851fb09f3b2dc550a943","sellTxId":"9fbb53e210756aed3fc9677188a0622c619e3430"}
{"index": {"_index":"spt","_id":"3514376"}}
	{"id":3514376,"type":"sell","buyer":"thewycher","seller":"splinter100dedos","symbol":"SPT","quantity":"2.679268","price":"0.00277101","timestamp":1653415755,"volume":"0.00742428","buyTxId":"17ee93050387d82a46ec9bf8e7b2af68e378005a","sellTxId":"9fbb53e210756aed3fc9677188a0622c619e3430"}
{"index": {"_index":"spt","_id":"3514632"}}
	{"id":3514632,"type":"sell","buyer":"thewycher","seller":"danielcs9703","symbol":"SPT","quantity":"497.320731","price":"0.00277101","timestamp":1653418383,"volume":"1.37808072","buyTxId":"17ee93050387d82a46ec9bf8e7b2af68e378005a","sellTxId":"94b2e3206c8587bc72cf41719c32d40996dc1da2"}
{"index": {"_index":"spt","_id":"3514633"}}
	{"id":3514633,"type":"sell","buyer":"thewycher","seller":"danielcs9703","symbol":"SPT","quantity":"356.929269","price":"0.00277101","timestamp":1653418383,"volume":"0.98905457","buyTxId":"4d82d3994c103c9dad1544910ec0a4c849b14965","sellTxId":"94b2e3206c8587bc72cf41719c32d40996dc1da2"}
{"index": {"_index":"spt","_id":"3514698"}}
	{"id":3514698,"type":"buy","buyer":"bananofarmer","seller":"soyuntito","symbol":"SPT","quantity":"164.784372","price":"0.00335000","timestamp":1653418722,"volume":"0.55202765","buyTxId":"02b11350ea0c382a400663a4ecaa5e571cf7c3b0","sellTxId":"3383c18f5ec5230cbb1a94b245232977082534d7"}
{"index": {"_index":"spt","_id":"3514699"}}
	{"id":3514699,"type":"buy","buyer":"bananofarmer","seller":"underlock","symbol":"SPT","quantity":"129.591630","price":"0.00345680","timestamp":1653418722,"volume":"0.44797235","buyTxId":"02b11350ea0c382a400663a4ecaa5e571cf7c3b0","sellTxId":"821164d1a513fcddcdf22beb571fdcc6b0405840"}
{"index": {"_index":"spt","_id":"3515030"}}
	{"id":3515030,"type":"sell","buyer":"thewycher","seller":"abdelkadir","symbol":"SPT","quantity":"19.603950","price":"0.00277101","timestamp":1653422037,"volume":"0.05432274","buyTxId":"4d82d3994c103c9dad1544910ec0a4c849b14965","sellTxId":"70b0e1d98a3266b6f15a029a611afd5a0bcfeadc"}
{"index": {"_index":"spt","_id":"3515105"}}
	{"id":3515105,"type":"sell","buyer":"thewycher","seller":"captainquack22","symbol":"SPT","quantity":"123.466780","price":"0.00277101","timestamp":1653422619,"volume":"0.34212768","buyTxId":"4d82d3994c103c9dad1544910ec0a4c849b14965","sellTxId":"375588f518ad51632f4dc7dab4515ce5e8f9fdab"}
{"index": {"_index":"spt","_id":"3515106"}}
	{"id":3515106,"type":"sell","buyer":"thewycher","seller":"captainquack22","symbol":"SPT","quantity":"244.533220","price":"0.00277101","timestamp":1653422619,"volume":"0.67760400","buyTxId":"c1158c47c36a2f3be89fdbb1df9772de14ef1a96","sellTxId":"375588f518ad51632f4dc7dab4515ce5e8f9fdab"}
{"index": {"_index":"spt","_id":"3515145"}}
	{"id":3515145,"type":"sell","buyer":"thewycher","seller":"darwinjj","symbol":"SPT","quantity":"255.466779","price":"0.00277101","timestamp":1653422976,"volume":"0.70790100","buyTxId":"c1158c47c36a2f3be89fdbb1df9772de14ef1a96","sellTxId":"973e942ad180d4957a47dbdb750c746124aee3ab"}
{"index": {"_index":"spt","_id":"3515146"}}
	{"id":3515146,"type":"sell","buyer":"thewycher","seller":"darwinjj","symbol":"SPT","quantity":"499.999999","price":"0.00277101","timestamp":1653422976,"volume":"1.38550500","buyTxId":"c55b6c9624301e33e7cc4b11804d54ff549f6a9c","sellTxId":"973e942ad180d4957a47dbdb750c746124aee3ab"}
{"index": {"_index":"spt","_id":"3515147"}}
	{"id":3515147,"type":"sell","buyer":"thewycher","seller":"darwinjj","symbol":"SPT","quantity":"331.120680","price":"0.00277101","timestamp":1653422976,"volume":"0.91753872","buyTxId":"b351ee1b7a503634d8b1d1723934d4dfec81b251","sellTxId":"973e942ad180d4957a47dbdb750c746124aee3ab"}
{"index": {"_index":"spt","_id":"3515601"}}
	{"id":3515601,"type":"sell","buyer":"thewycher","seller":"newsposter","symbol":"SPT","quantity":"10.636275","price":"0.00277101","timestamp":1653426501,"volume":"0.02947322","buyTxId":"b351ee1b7a503634d8b1d1723934d4dfec81b251","sellTxId":"109de1abfdb282d29cbfa6ee6710e491a36fac4c"}
{"index": {"_index":"spt","_id":"3515863"}}
	{"id":3515863,"type":"sell","buyer":"thewycher","seller":"he-index","symbol":"SPT","quantity":"0.029000","price":"0.00277101","timestamp":1653428772,"volume":"0.00008036","buyTxId":"b351ee1b7a503634d8b1d1723934d4dfec81b251","sellTxId":"9cae6ee10506b3c1a4369246302c4d3303411b0b"}
{"index": {"_index":"spt","_id":"3516115"}}
	{"id":3516115,"type":"sell","buyer":"thewycher","seller":"mightyrocklee","symbol":"SPT","quantity":"158.214044","price":"0.00277101","timestamp":1653431118,"volume":"0.43841270","buyTxId":"b351ee1b7a503634d8b1d1723934d4dfec81b251","sellTxId":"4fc7346e312405e1cda361c8dba8d847fa513e13"}
{"index": {"_index":"spt","_id":"3516116"}}
	{"id":3516116,"type":"sell","buyer":"thewycher","seller":"mightyrocklee","symbol":"SPT","quantity":"499.999999","price":"0.00277101","timestamp":1653431118,"volume":"1.38550500","buyTxId":"9545e6a9f5e75416f016f52922d315426a982009","sellTxId":"4fc7346e312405e1cda361c8dba8d847fa513e13"}
{"index": {"_index":"spt","_id":"3516117"}}
	{"id":3516117,"type":"sell","buyer":"thewycher","seller":"mightyrocklee","symbol":"SPT","quantity":"145.369536","price":"0.00277101","timestamp":1653431118,"volume":"0.40282044","buyTxId":"73bb4fdfa169b3f201b4479de7a453943eee74cc","sellTxId":"4fc7346e312405e1cda361c8dba8d847fa513e13"}
{"index": {"_index":"spt","_id":"3516247"}}
	{"id":3516247,"type":"sell","buyer":"thewycher","seller":"tillytots","symbol":"SPT","quantity":"55.881704","price":"0.00277101","timestamp":1653431886,"volume":"0.15484876","buyTxId":"73bb4fdfa169b3f201b4479de7a453943eee74cc","sellTxId":"48bae9b0f876c1be1ef6981536089779866a614a"}
{"index": {"_index":"spt","_id":"3516248"}}
	{"id":3516248,"type":"sell","buyer":"he-index","seller":"tillytots","symbol":"SPT","quantity":"60.628000","price":"0.00277101","timestamp":1653431886,"volume":"0.16800079","buyTxId":"2a9de50a303a98f6f4c92b681797edfb3fc56dd9","sellTxId":"48bae9b0f876c1be1ef6981536089779866a614a"}
{"index": {"_index":"spt","_id":"3516249"}}
	{"id":3516249,"type":"sell","buyer":"he-index","seller":"tillytots","symbol":"SPT","quantity":"11.548000","price":"0.00277101","timestamp":1653431886,"volume":"0.03199962","buyTxId":"e4b11ddae668c6b798b7a2b6ee5ef770c47e7d56","sellTxId":"48bae9b0f876c1be1ef6981536089779866a614a"}
{"index": {"_index":"spt","_id":"3516250"}}
	{"id":3516250,"type":"sell","buyer":"thewycher","seller":"tillytots","symbol":"SPT","quantity":"361.000000","price":"0.00277101","timestamp":1653431886,"volume":"1.00033461","buyTxId":"97ab83c733165c017605f5d3a4756c7a5162bdeb","sellTxId":"48bae9b0f876c1be1ef6981536089779866a614a"}
{"index": {"_index":"spt","_id":"3516251"}}
	{"id":3516251,"type":"sell","buyer":"thewycher","seller":"tillytots","symbol":"SPT","quantity":"499.999999","price":"0.00277101","timestamp":1653431886,"volume":"1.38550500","buyTxId":"a11b76051074ec3bd2e6d428209777c829d408fc","sellTxId":"48bae9b0f876c1be1ef6981536089779866a614a"}
{"index": {"_index":"spt","_id":"3516252"}}
	{"id":3516252,"type":"sell","buyer":"thewycher","seller":"tillytots","symbol":"SPT","quantity":"499.999999","price":"0.00277101","timestamp":1653431886,"volume":"1.38550500","buyTxId":"f64a5528b336d3f2c6004555f7e7d88ac3fba1a7","sellTxId":"48bae9b0f876c1be1ef6981536089779866a614a"}
{"index": {"_index":"spt","_id":"3516253"}}
	{"id":3516253,"type":"sell","buyer":"thewycher","seller":"tillytots","symbol":"SPT","quantity":"221.000000","price":"0.00277101","timestamp":1653431886,"volume":"0.61239321","buyTxId":"4b7a884686afeef49ea2564916a7e0cc9642997d","sellTxId":"48bae9b0f876c1be1ef6981536089779866a614a"}
{"index": {"_index":"spt","_id":"3516254"}}
	{"id":3516254,"type":"sell","buyer":"thewycher","seller":"tillytots","symbol":"SPT","quantity":"499.999999","price":"0.00277101","timestamp":1653431886,"volume":"1.38550500","buyTxId":"3e85c44201a73ca54a1dc866910c053961292742","sellTxId":"48bae9b0f876c1be1ef6981536089779866a614a"}
{"index": {"_index":"spt","_id":"3516255"}}
	{"id":3516255,"type":"sell","buyer":"thewycher","seller":"tillytots","symbol":"SPT","quantity":"499.999999","price":"0.00277101","timestamp":1653431886,"volume":"1.38550500","buyTxId":"6edbf3265a763753a8e60c7ecc94eed70e8a6e56","sellTxId":"48bae9b0f876c1be1ef6981536089779866a614a"}
{"index": {"_index":"spt","_id":"3516256"}}
	{"id":3516256,"type":"sell","buyer":"thewycher","seller":"tillytots","symbol":"SPT","quantity":"84.942300","price":"0.00277101","timestamp":1653431886,"volume":"0.23537596","buyTxId":"f1787885140c9d354ccc8e76331e9ef036144565","sellTxId":"48bae9b0f876c1be1ef6981536089779866a614a"}
{"index": {"_index":"spt","_id":"3516258"}}
	{"id":3516258,"type":"sell","buyer":"thewycher","seller":"tillytots","symbol":"SPT","quantity":"0.057700","price":"0.00277101","timestamp":1653431919,"volume":"0.00015989","buyTxId":"f1787885140c9d354ccc8e76331e9ef036144565","sellTxId":"24851049cfc1d3e746a63b15a2b188e92247f15e"}
{"index": {"_index":"spt","_id":"3516259"}}
	{"id":3516259,"type":"sell","buyer":"kitsuki","seller":"tillytots","symbol":"SPT","quantity":"148.942300","price":"0.00272302","timestamp":1653431919,"volume":"0.40557286","buyTxId":"29a0db44b1e1156622edd2d8d03c303bf8f91824","sellTxId":"24851049cfc1d3e746a63b15a2b188e92247f15e"}
{"index": {"_index":"spt","_id":"3516266"}}
	{"id":3516266,"type":"sell","buyer":"kitsuki","seller":"tillytots","symbol":"SPT","quantity":"1.057700","price":"0.00272302","timestamp":1653431955,"volume":"0.00288014","buyTxId":"29a0db44b1e1156622edd2d8d03c303bf8f91824","sellTxId":"757b8438d01e5dc87e1cae5e334fa1edebf711c6"}
{"index": {"_index":"spt","_id":"3516267"}}
	{"id":3516267,"type":"sell","buyer":"multifurcate","seller":"tillytots","symbol":"SPT","quantity":"9869.184457","price":"0.00272300","timestamp":1653431955,"volume":"26.87378928","buyTxId":"0cc7b85060e5fff3bd8ab58e451cf225ab073b18","sellTxId":"757b8438d01e5dc87e1cae5e334fa1edebf711c6"}
{"index": {"_index":"spt","_id":"3516430"}}
	{"id":3516430,"type":"sell","buyer":"multifurcate","seller":"liuke96player","symbol":"SPT","quantity":"120.959254","price":"0.00272300","timestamp":1653433095,"volume":"0.32937205","buyTxId":"0cc7b85060e5fff3bd8ab58e451cf225ab073b18","sellTxId":"f825bb62fe4864e75f5fc41a5300ea7f6113e082"}
{"index": {"_index":"spt","_id":"3517130"}}
	{"id":3517130,"type":"sell","buyer":"fnvdesigns","seller":"dhedge-drips","symbol":"SPT","quantity":"0.011500","price":"0.00272302","timestamp":1653439560,"volume":"0.00003131","buyTxId":"18028d16a9e4d420d8ddd734e67048e11aa82c51","sellTxId":"df801ce5153accef5df3e47405781df90255fbb3"}
{"index": {"_index":"spt","_id":"3517131"}}
	{"id":3517131,"type":"sell","buyer":"fnvdesigns","seller":"bronko","symbol":"SPT","quantity":"5.855549","price":"0.00272302","timestamp":1653439566,"volume":"0.01594478","buyTxId":"18028d16a9e4d420d8ddd734e67048e11aa82c51","sellTxId":"ea4e92aacfa267a9eaa4dd21420b87582c42a532"}
{"index": {"_index":"spt","_id":"3517272"}}
	{"id":3517272,"type":"sell","buyer":"fnvdesigns","seller":"kxlm","symbol":"SPT","quantity":"123.037020","price":"0.00272302","timestamp":1653440598,"volume":"0.33503227","buyTxId":"18028d16a9e4d420d8ddd734e67048e11aa82c51","sellTxId":"fb086016e1431a245244f41acce8a3125f651fb6"}
{"index": {"_index":"spt","_id":"3517273"}}
	{"id":3517273,"type":"sell","buyer":"thewycher","seller":"kxlm","symbol":"SPT","quantity":"499.999999","price":"0.00272301","timestamp":1653440598,"volume":"1.36150500","buyTxId":"ec097935130c64c4ad984935b96d393006f02069","sellTxId":"fb086016e1431a245244f41acce8a3125f651fb6"}
{"index": {"_index":"spt","_id":"3517274"}}
	{"id":3517274,"type":"sell","buyer":"thewycher","seller":"kxlm","symbol":"SPT","quantity":"499.999999","price":"0.00272301","timestamp":1653440598,"volume":"1.36150500","buyTxId":"36463c35e61e4f48c15a4ed5b2ecdad26a80ab9f","sellTxId":"fb086016e1431a245244f41acce8a3125f651fb6"}
{"index": {"_index":"spt","_id":"3517275"}}
	{"id":3517275,"type":"sell","buyer":"thewycher","seller":"kxlm","symbol":"SPT","quantity":"499.999999","price":"0.00272301","timestamp":1653440598,"volume":"1.36150500","buyTxId":"6f318c8e1789b4de53d1460cab2ba23b602054a5","sellTxId":"fb086016e1431a245244f41acce8a3125f651fb6"}
{"index": {"_index":"spt","_id":"3517276"}}
	{"id":3517276,"type":"sell","buyer":"thewycher","seller":"kxlm","symbol":"SPT","quantity":"499.999999","price":"0.00272301","timestamp":1653440598,"volume":"1.36150500","buyTxId":"1f87092b07e47ae62c598843271023b0cf5a424f","sellTxId":"fb086016e1431a245244f41acce8a3125f651fb6"}
{"index": {"_index":"spt","_id":"3517277"}}
	{"id":3517277,"type":"sell","buyer":"thewycher","seller":"kxlm","symbol":"SPT","quantity":"359.251564","price":"0.00272301","timestamp":1653440598,"volume":"0.97824560","buyTxId":"87eda06bc1619dd8cf52ce438efa114743a490aa","sellTxId":"fb086016e1431a245244f41acce8a3125f651fb6"}
{"index": {"_index":"spt","_id":"3517325"}}
	{"id":3517325,"type":"buy","buyer":"pjansen","seller":"koreaminer","symbol":"SPT","quantity":"125.912800","price":"0.00295000","timestamp":1653441000,"volume":"0.37144276","buyTxId":"07bc4e0ff40dabfcc32bd533fdbb8c16ef6e84c0","sellTxId":"f6223496ea863305677a836beeb646236a4c6c48"}
{"index": {"_index":"spt","_id":"3517326"}}
	{"id":3517326,"type":"buy","buyer":"pjansen","seller":"agglutinogenic","symbol":"SPT","quantity":"0.455466","price":"0.00341900","timestamp":1653441000,"volume":"0.00155724","buyTxId":"07bc4e0ff40dabfcc32bd533fdbb8c16ef6e84c0","sellTxId":"cac59c7bdc47863478c6afe8effc9a0d4da2ff31"}
{"index": {"_index":"spt","_id":"3517333"}}
	{"id":3517333,"type":"sell","buyer":"thewycher","seller":"dswap","symbol":"SPT","quantity":"140.748435","price":"0.00272301","timestamp":1653441120,"volume":"0.38325940","buyTxId":"87eda06bc1619dd8cf52ce438efa114743a490aa","sellTxId":"1336207e4b7e96b24f569e24af29bea96669685e"}
{"index": {"_index":"spt","_id":"3517334"}}
	{"id":3517334,"type":"sell","buyer":"thewycher","seller":"dswap","symbol":"SPT","quantity":"499.999999","price":"0.00272301","timestamp":1653441120,"volume":"1.36150500","buyTxId":"ee86c51d28d7c5b50bba29c79186b05b2883e560","sellTxId":"1336207e4b7e96b24f569e24af29bea96669685e"}
{"index": {"_index":"spt","_id":"3517335"}}
	{"id":3517335,"type":"sell","buyer":"thewycher","seller":"dswap","symbol":"SPT","quantity":"499.999999","price":"0.00272301","timestamp":1653441120,"volume":"1.36150500","buyTxId":"67309ad69830e00c0e0e6529eee76dbdda1906c4","sellTxId":"1336207e4b7e96b24f569e24af29bea96669685e"}
{"index": {"_index":"spt","_id":"3517336"}}
	{"id":3517336,"type":"sell","buyer":"thewycher","seller":"dswap","symbol":"SPT","quantity":"173.000000","price":"0.00272301","timestamp":1653441120,"volume":"0.47108073","buyTxId":"94d1b7e105ba2b67589bbe3c6f1ec72a73d21889","sellTxId":"1336207e4b7e96b24f569e24af29bea96669685e"}
{"index": {"_index":"spt","_id":"3517337"}}
	{"id":3517337,"type":"sell","buyer":"westgame","seller":"dswap","symbol":"SPT","quantity":"4.103172","price":"0.00272301","timestamp":1653441120,"volume":"0.01117298","buyTxId":"7efdb1282cceea22fcd257e4b9e713ffbf4c3b21","sellTxId":"1336207e4b7e96b24f569e24af29bea96669685e"}
{"index": {"_index":"spt","_id":"3517338"}}
	{"id":3517338,"type":"sell","buyer":"multifurcate","seller":"dswap","symbol":"SPT","quantity":"1027.278646","price":"0.00272300","timestamp":1653441120,"volume":"2.79727975","buyTxId":"0cc7b85060e5fff3bd8ab58e451cf225ab073b18","sellTxId":"1336207e4b7e96b24f569e24af29bea96669685e"}
{"index": {"_index":"spt","_id":"3517418"}}
	{"id":3517418,"type":"sell","buyer":"multifurcate","seller":"shiftrox","symbol":"SPT","quantity":"1009.539697","price":"0.00272300","timestamp":1653441714,"volume":"2.74897659","buyTxId":"0cc7b85060e5fff3bd8ab58e451cf225ab073b18","sellTxId":"78569b4bdd1abd7327e0fe939e05cfc7231e0b77"}
{"index": {"_index":"spt","_id":"3517610"}}
	{"id":3517610,"type":"sell","buyer":"multifurcate","seller":"bitcoinflood","symbol":"SPT","quantity":"85.279538","price":"0.00272300","timestamp":1653443706,"volume":"0.23221618","buyTxId":"0cc7b85060e5fff3bd8ab58e451cf225ab073b18","sellTxId":"493c655b3bca9b12df257541cac02390071c2ebe"}
