{"index": {"_index":"spt","_id":"2216027"}}
	{"id":2216027,"type":"buy","buyer":"bananofarmer","seller":"laundrywoman","symbol":"SPT","quantity":"250.000000","price":"0.00375999","timestamp":1639021821,"volume":"0.93999750","buyTxId":"c434166ed9d1fd1fb11f8e4038f414855df3043f","sellTxId":"4c2fd27276ec1fc23acfaf4e9316baf5ec428933"}
{"index": {"_index":"spt","_id":"2216218"}}
	{"id":2216218,"type":"sell","buyer":"granddaddies","seller":"brofi-market","symbol":"SPT","quantity":"0.016054","price":"0.00282001","timestamp":1639023063,"volume":"0.00004527","buyTxId":"a14ae0c0c06815403ebf03e853a05b7f5b179fee","sellTxId":"0be6bf28f458b3d1221719c98a2c9cee83352b1e"}
{"index": {"_index":"spt","_id":"2216602"}}
	{"id":2216602,"type":"sell","buyer":"granddaddies","seller":"xanonymouse","symbol":"SPT","quantity":"103.066544","price":"0.00282001","timestamp":1639026777,"volume":"0.29064868","buyTxId":"a14ae0c0c06815403ebf03e853a05b7f5b179fee","sellTxId":"1e6e1716fe96afa4341b1a4cb8351f249e93792a"}
{"index": {"_index":"spt","_id":"2216896"}}
	{"id":2216896,"type":"sell","buyer":"granddaddies","seller":"khazrakh","symbol":"SPT","quantity":"183.994000","price":"0.00282001","timestamp":1639030044,"volume":"0.51886492","buyTxId":"a14ae0c0c06815403ebf03e853a05b7f5b179fee","sellTxId":"08eba6ab5f4806576e3717e217c4588d1587dfb2"}
{"index": {"_index":"spt","_id":"2217190"}}
	{"id":2217190,"type":"sell","buyer":"granddaddies","seller":"mercurial9","symbol":"SPT","quantity":"125.516000","price":"0.00282001","timestamp":1639031289,"volume":"0.35395638","buyTxId":"a14ae0c0c06815403ebf03e853a05b7f5b179fee","sellTxId":"df85757d1a5b56dc4ae51d38eb000c7704c2dffc"}
{"index": {"_index":"spt","_id":"2217399"}}
	{"id":2217399,"type":"sell","buyer":"granddaddies","seller":"dhedge-drips","symbol":"SPT","quantity":"0.001505","price":"0.00282001","timestamp":1639032348,"volume":"0.00000424","buyTxId":"a14ae0c0c06815403ebf03e853a05b7f5b179fee","sellTxId":"c18b2ba5e71bc91796428237c7378b63a66d1ed2"}
{"index": {"_index":"spt","_id":"2217706"}}
	{"id":2217706,"type":"sell","buyer":"granddaddies","seller":"sephiwolf","symbol":"SPT","quantity":"12.307704","price":"0.00282001","timestamp":1639034334,"volume":"0.03470785","buyTxId":"a14ae0c0c06815403ebf03e853a05b7f5b179fee","sellTxId":"00f1bf094d2a1528f7b97956cd8ac072f7ba5df0"}
{"index": {"_index":"spt","_id":"2217919"}}
	{"id":2217919,"type":"sell","buyer":"granddaddies","seller":"healvein","symbol":"SPT","quantity":"342.470315","price":"0.00282001","timestamp":1639035498,"volume":"0.96576971","buyTxId":"a14ae0c0c06815403ebf03e853a05b7f5b179fee","sellTxId":"46a89bfa6c157ea618b742ad8727ed1b1bceb5f0"}
{"index": {"_index":"spt","_id":"2218329"}}
	{"id":2218329,"type":"sell","buyer":"granddaddies","seller":"brofi-market","symbol":"SPT","quantity":"1.266796","price":"0.00282001","timestamp":1639037496,"volume":"0.00357238","buyTxId":"a14ae0c0c06815403ebf03e853a05b7f5b179fee","sellTxId":"7e48fe8471aa65a3da4f2c5f01b85cace17148e4"}
{"index": {"_index":"spt","_id":"2218408"}}
	{"id":2218408,"type":"buy","buyer":"thegator1995","seller":"markmd1925","symbol":"SPT","quantity":"410.000000","price":"0.00330000","timestamp":1639038063,"volume":"1.35300000","buyTxId":"7a1a824a4226550a9aefabb92f071409d71d8a03","sellTxId":"bfff7a3d13e2adf87e3614f53e88f9b474d3e200"}
{"index": {"_index":"spt","_id":"2218693"}}
	{"id":2218693,"type":"sell","buyer":"granddaddies","seller":"assasin","symbol":"SPT","quantity":"2317.374937","price":"0.00300001","timestamp":1639039890,"volume":"6.95214798","buyTxId":"ef205a9cd526e436d6de4a56ca985786f8465957","sellTxId":"ecc8a868b63ddaee54a1182461ca8099dc646f64"}
{"index": {"_index":"spt","_id":"2218827"}}
	{"id":2218827,"type":"buy","buyer":"robbywasabi","seller":"xabi","symbol":"SPT","quantity":"362.578125","price":"0.00320000","timestamp":1639040907,"volume":"1.16025000","buyTxId":"7f88f0550788c048744fb1030aee84fa3bdf525f","sellTxId":"00c8156809fe1aeb07338a18588d618e779c2c7f"}
{"index": {"_index":"spt","_id":"2218949"}}
	{"id":2218949,"type":"buy","buyer":"drunksamurai","seller":"xabi","symbol":"SPT","quantity":"30.000000","price":"0.00320000","timestamp":1639041987,"volume":"0.09600000","buyTxId":"d1c7749b15363ab0be626838e2f6d6c8b1e1e397","sellTxId":"00c8156809fe1aeb07338a18588d618e779c2c7f"}
{"index": {"_index":"spt","_id":"2219221"}}
	{"id":2219221,"type":"buy","buyer":"marketroll","seller":"xabi","symbol":"SPT","quantity":"882.790764","price":"0.00320000","timestamp":1639043964,"volume":"2.82493044","buyTxId":"db14f1794d43e4b8f0da28dba37d72653eded8a2","sellTxId":"00c8156809fe1aeb07338a18588d618e779c2c7f"}
{"index": {"_index":"spt","_id":"2219222"}}
	{"id":2219222,"type":"buy","buyer":"marketroll","seller":"markmd1925","symbol":"SPT","quantity":"525.538861","price":"0.00330000","timestamp":1639043964,"volume":"1.73427824","buyTxId":"db14f1794d43e4b8f0da28dba37d72653eded8a2","sellTxId":"bfff7a3d13e2adf87e3614f53e88f9b474d3e200"}
{"index": {"_index":"spt","_id":"2219223"}}
	{"id":2219223,"type":"buy","buyer":"marketroll","seller":"brofi-market","symbol":"SPT","quantity":"1.266796","price":"0.00330000","timestamp":1639043964,"volume":"0.00418043","buyTxId":"db14f1794d43e4b8f0da28dba37d72653eded8a2","sellTxId":"ef2bffa630200621bc8221a58ba099654f28d59c"}
{"index": {"_index":"spt","_id":"2219279"}}
	{"id":2219279,"type":"buy","buyer":"marketroll","seller":"indiaunited","symbol":"SPT","quantity":"126.500960","price":"0.00350000","timestamp":1639044279,"volume":"0.44275336","buyTxId":"ac36534e4451031f248c12193cbd48c9a285ad53","sellTxId":"f0ce09621085ed47216da3d9c6601edf0115b67a"}
{"index": {"_index":"spt","_id":"2219280"}}
	{"id":2219280,"type":"buy","buyer":"marketroll","seller":"dhedge-drips","symbol":"SPT","quantity":"0.001505","price":"0.00350000","timestamp":1639044279,"volume":"0.00000527","buyTxId":"ac36534e4451031f248c12193cbd48c9a285ad53","sellTxId":"4f21216e1069577848dc3f0cd6963aec7b754e05"}
{"index": {"_index":"spt","_id":"2219281"}}
	{"id":2219281,"type":"buy","buyer":"marketroll","seller":"brofi-market","symbol":"SPT","quantity":"0.016054","price":"0.00376000","timestamp":1639044279,"volume":"0.00006036","buyTxId":"ac36534e4451031f248c12193cbd48c9a285ad53","sellTxId":"d551a5c526f439468bc07fee0614d40e4a460dfc"}
{"index": {"_index":"spt","_id":"2219282"}}
	{"id":2219282,"type":"buy","buyer":"marketroll","seller":"karuna21","symbol":"SPT","quantity":"353.610000","price":"0.00377000","timestamp":1639044279,"volume":"1.33310970","buyTxId":"ac36534e4451031f248c12193cbd48c9a285ad53","sellTxId":"f678242204c4c34b50c2df9c6880c9f3a4f6f6d8"}
{"index": {"_index":"spt","_id":"2219283"}}
	{"id":2219283,"type":"buy","buyer":"marketroll","seller":"zhourunfa","symbol":"SPT","quantity":"4519.871481","price":"0.00378000","timestamp":1639044279,"volume":"17.08511420","buyTxId":"ac36534e4451031f248c12193cbd48c9a285ad53","sellTxId":"b6e789f0cfc50c2b56993997ddc9b81ebc2dd7bf"}
{"index": {"_index":"spt","_id":"2219327"}}
	{"id":2219327,"type":"buy","buyer":"marketroll","seller":"marketroll","symbol":"SPT","quantity":"1000.000000","price":"0.00377900","timestamp":1639044591,"volume":"3.77900000","buyTxId":"b2e217306bfe4b1fe60d35c457b1f38e50a3365f","sellTxId":"5cebcd00cc14399f9b896259f57661f809f9966c"}
{"index": {"_index":"spt","_id":"2219328"}}
	{"id":2219328,"type":"buy","buyer":"marketroll","seller":"zhourunfa","symbol":"SPT","quantity":"9000.000000","price":"0.00378000","timestamp":1639044591,"volume":"34.02000000","buyTxId":"b2e217306bfe4b1fe60d35c457b1f38e50a3365f","sellTxId":"b6e789f0cfc50c2b56993997ddc9b81ebc2dd7bf"}
{"index": {"_index":"spt","_id":"2219519"}}
	{"id":2219519,"type":"sell","buyer":"granddaddies","seller":"darksutra","symbol":"SPT","quantity":"0.250000","price":"0.00333001","timestamp":1639045692,"volume":"0.00083250","buyTxId":"36d24407b4d47f026eeba8b29b375048d461138d","sellTxId":"c8c6316b53bb5acca476a3fda6e6ad366190294c"}
{"index": {"_index":"spt","_id":"2219731"}}
	{"id":2219731,"type":"sell","buyer":"granddaddies","seller":"yaniria1","symbol":"SPT","quantity":"13.481391","price":"0.00333001","timestamp":1639046958,"volume":"0.04489317","buyTxId":"36d24407b4d47f026eeba8b29b375048d461138d","sellTxId":"df6274c274491c3280360cd73f0078a6c757e3a1"}
{"index": {"_index":"spt","_id":"2220181"}}
	{"id":2220181,"type":"sell","buyer":"granddaddies","seller":"m0rph","symbol":"SPT","quantity":"209.020207","price":"0.00333001","timestamp":1639050168,"volume":"0.69603938","buyTxId":"5c5169f4a7c8705ad4ef6498350360c5a08a60ea","sellTxId":"530a52b0d8cef41649efce2a314ed1f089969804"}
{"index": {"_index":"spt","_id":"2220200"}}
	{"id":2220200,"type":"sell","buyer":"granddaddies","seller":"ashikstd","symbol":"SPT","quantity":"10976.362689","price":"0.00333001","timestamp":1639050468,"volume":"36.55139752","buyTxId":"5c5169f4a7c8705ad4ef6498350360c5a08a60ea","sellTxId":"348d22d898aa649ef10167b9e855c7a8dc0cf140"}
{"index": {"_index":"spt","_id":"2220433"}}
	{"id":2220433,"type":"sell","buyer":"granddaddies","seller":"revisesociology","symbol":"SPT","quantity":"1065.000000","price":"0.00333001","timestamp":1639051953,"volume":"3.54646065","buyTxId":"5c5169f4a7c8705ad4ef6498350360c5a08a60ea","sellTxId":"b5319ec47cae57569f3619a448e6c6839fe34ef9"}
{"index": {"_index":"spt","_id":"2220738"}}
	{"id":2220738,"type":"sell","buyer":"granddaddies","seller":"dhedge-drips","symbol":"SPT","quantity":"0.038978","price":"0.00333001","timestamp":1639053984,"volume":"0.00012980","buyTxId":"5c5169f4a7c8705ad4ef6498350360c5a08a60ea","sellTxId":"0cc5116e6f2a6a76a7dc50898c1d5a8125328c9c"}
{"index": {"_index":"spt","_id":"2221564"}}
	{"id":2221564,"type":"sell","buyer":"granddaddies","seller":"theclasser1","symbol":"SPT","quantity":"139.584033","price":"0.00333001","timestamp":1639059780,"volume":"0.46481623","buyTxId":"5c5169f4a7c8705ad4ef6498350360c5a08a60ea","sellTxId":"bad39ae92e1cc48faeaf06595828a424e9f95be8"}
{"index": {"_index":"spt","_id":"2221677"}}
	{"id":2221677,"type":"sell","buyer":"granddaddies","seller":"lypisz","symbol":"SPT","quantity":"2137.243708","price":"0.00333001","timestamp":1639060341,"volume":"7.11704292","buyTxId":"5c5169f4a7c8705ad4ef6498350360c5a08a60ea","sellTxId":"7beeab880522702789f89226079c75a6f71369f3"}
{"index": {"_index":"spt","_id":"2221691"}}
	{"id":2221691,"type":"sell","buyer":"granddaddies","seller":"hiveexplorers","symbol":"SPT","quantity":"369.598459","price":"0.00333001","timestamp":1639060407,"volume":"1.23076656","buyTxId":"5c5169f4a7c8705ad4ef6498350360c5a08a60ea","sellTxId":"7debbe26b7c757b111622506076c2e165180f9bd"}
{"index": {"_index":"spt","_id":"2221741"}}
	{"id":2221741,"type":"sell","buyer":"granddaddies","seller":"dkid14","symbol":"SPT","quantity":"219.700635","price":"0.00333001","timestamp":1639060677,"volume":"0.73160531","buyTxId":"5c5169f4a7c8705ad4ef6498350360c5a08a60ea","sellTxId":"580f12a785ef311073839a64733d61d597524ce3"}
{"index": {"_index":"spt","_id":"2221788"}}
	{"id":2221788,"type":"sell","buyer":"granddaddies","seller":"bilpcoinbpc","symbol":"SPT","quantity":"2.585645","price":"0.00333001","timestamp":1639060923,"volume":"0.00861022","buyTxId":"5c5169f4a7c8705ad4ef6498350360c5a08a60ea","sellTxId":"3c8c10ec003f0eedc32a680e9ece0b1925218664"}
{"index": {"_index":"spt","_id":"2221824"}}
	{"id":2221824,"type":"sell","buyer":"granddaddies","seller":"nftland89","symbol":"SPT","quantity":"97.118862","price":"0.00333001","timestamp":1639061079,"volume":"0.32340678","buyTxId":"5c5169f4a7c8705ad4ef6498350360c5a08a60ea","sellTxId":"eda076bd97a5cf0d3a1e18a8f74b602628e740ec"}
{"index": {"_index":"spt","_id":"2221874"}}
	{"id":2221874,"type":"sell","buyer":"granddaddies","seller":"hiveexplorers","symbol":"SPT","quantity":"30.829057","price":"0.00333001","timestamp":1639061469,"volume":"0.10266107","buyTxId":"5c5169f4a7c8705ad4ef6498350360c5a08a60ea","sellTxId":"129324098a28c5c39c68f83875904e73c6446a9c"}
{"index": {"_index":"spt","_id":"2222321"}}
	{"id":2222321,"type":"sell","buyer":"granddaddies","seller":"pharaoh1","symbol":"SPT","quantity":"210.732952","price":"0.00333001","timestamp":1639064340,"volume":"0.70174284","buyTxId":"5c5169f4a7c8705ad4ef6498350360c5a08a60ea","sellTxId":"76b434e6f283796735a1c6d5a81dcaea1bb6e50a"}
{"index": {"_index":"spt","_id":"2222342"}}
	{"id":2222342,"type":"sell","buyer":"granddaddies","seller":"sorcerer16","symbol":"SPT","quantity":"360.923179","price":"0.00333001","timestamp":1639064550,"volume":"1.20187780","buyTxId":"5c5169f4a7c8705ad4ef6498350360c5a08a60ea","sellTxId":"9dcf4449b776e42cc01716ada1611e456d4a033d"}
{"index": {"_index":"spt","_id":"2222629"}}
	{"id":2222629,"type":"sell","buyer":"granddaddies","seller":"brofi-market","symbol":"SPT","quantity":"0.797056","price":"0.00333001","timestamp":1639066656,"volume":"0.00265420","buyTxId":"5c5169f4a7c8705ad4ef6498350360c5a08a60ea","sellTxId":"4a18bed70f052ea0514c6eba8dfe229eed8bc355"}
{"index": {"_index":"spt","_id":"2222932"}}
	{"id":2222932,"type":"sell","buyer":"granddaddies","seller":"abdalaizmo","symbol":"SPT","quantity":"881.902166","price":"0.00333001","timestamp":1639068252,"volume":"2.93674303","buyTxId":"5c5169f4a7c8705ad4ef6498350360c5a08a60ea","sellTxId":"c0843fa307d52f5e2d6874c87878c0ee860ebc50"}
{"index": {"_index":"spt","_id":"2223006"}}
	{"id":2223006,"type":"sell","buyer":"granddaddies","seller":"chekohler","symbol":"SPT","quantity":"0.116995","price":"0.00333001","timestamp":1639068639,"volume":"0.00038959","buyTxId":"5c5169f4a7c8705ad4ef6498350360c5a08a60ea","sellTxId":"65477767734874bd610b52d6cc0405b7c2b0333e"}
{"index": {"_index":"spt","_id":"2223134"}}
	{"id":2223134,"type":"buy","buyer":"catomoon","seller":"zhourunfa","symbol":"SPT","quantity":"0.638000","price":"0.00378000","timestamp":1639069320,"volume":"0.00241164","buyTxId":"4e41365c3582f321a1999265978ad3e0c688e5b6","sellTxId":"b6e789f0cfc50c2b56993997ddc9b81ebc2dd7bf"}
{"index": {"_index":"spt","_id":"2223186"}}
	{"id":2223186,"type":"sell","buyer":"granddaddies","seller":"kapitanrosomak","symbol":"SPT","quantity":"48.717643","price":"0.00333001","timestamp":1639069521,"volume":"0.16223024","buyTxId":"5c5169f4a7c8705ad4ef6498350360c5a08a60ea","sellTxId":"abbe4f724a8828f28c0192f8d916abfbfc06fd53"}
{"index": {"_index":"spt","_id":"2223263"}}
	{"id":2223263,"type":"sell","buyer":"granddaddies","seller":"grubbz2113","symbol":"SPT","quantity":"111.003936","price":"0.00333001","timestamp":1639069887,"volume":"0.36964422","buyTxId":"5c5169f4a7c8705ad4ef6498350360c5a08a60ea","sellTxId":"95ece07581dbe7b6ca2cac4db0f81e258f1b38b7"}
{"index": {"_index":"spt","_id":"2223363"}}
	{"id":2223363,"type":"sell","buyer":"granddaddies","seller":"eforucom","symbol":"SPT","quantity":"3.765521","price":"0.00333001","timestamp":1639070346,"volume":"0.01253922","buyTxId":"5c5169f4a7c8705ad4ef6498350360c5a08a60ea","sellTxId":"ee64f76676d3a725413b0bfd484c63766b095912"}
{"index": {"_index":"spt","_id":"2223646"}}
	{"id":2223646,"type":"buy","buyer":"druidsblood","seller":"camiloferrua","symbol":"SPT","quantity":"99.250546","price":"0.00377800","timestamp":1639072245,"volume":"0.37496856","buyTxId":"260993dba7f2833c15d7d6ecb641d8357ac49561","sellTxId":"a82e00c837180829915452f500ad66b11ace318e"}
{"index": {"_index":"spt","_id":"2223647"}}
	{"id":2223647,"type":"buy","buyer":"druidsblood","seller":"zhourunfa","symbol":"SPT","quantity":"26355.828423","price":"0.00378000","timestamp":1639072245,"volume":"99.62503144","buyTxId":"260993dba7f2833c15d7d6ecb641d8357ac49561","sellTxId":"b6e789f0cfc50c2b56993997ddc9b81ebc2dd7bf"}
{"index": {"_index":"spt","_id":"2223802"}}
	{"id":2223802,"type":"sell","buyer":"granddaddies","seller":"proton80","symbol":"SPT","quantity":"3.179493","price":"0.00333003","timestamp":1639073253,"volume":"0.01058781","buyTxId":"cb71b88975f51bdd065f400d23d9207dc66730c3","sellTxId":"dd0297e719c10db751c7a21872ba6a18114b35c1"}
{"index": {"_index":"spt","_id":"2223889"}}
	{"id":2223889,"type":"buy","buyer":"qaalin1","seller":"zhourunfa","symbol":"SPT","quantity":"103.000000","price":"0.00378000","timestamp":1639073829,"volume":"0.38934000","buyTxId":"73b59e99746656936126ec9a6dea777bd3c895aa","sellTxId":"b6e789f0cfc50c2b56993997ddc9b81ebc2dd7bf"}
{"index": {"_index":"spt","_id":"2223971"}}
	{"id":2223971,"type":"buy","buyer":"qaalin1","seller":"zhourunfa","symbol":"SPT","quantity":"344.000000","price":"0.00378000","timestamp":1639074288,"volume":"1.30032000","buyTxId":"a179ce83010227a56d5292ae1a714b70daba3856","sellTxId":"b6e789f0cfc50c2b56993997ddc9b81ebc2dd7bf"}
{"index": {"_index":"spt","_id":"2224160"}}
	{"id":2224160,"type":"sell","buyer":"granddaddies","seller":"dhedge-drips","symbol":"SPT","quantity":"0.022318","price":"0.00333003","timestamp":1639075587,"volume":"0.00007432","buyTxId":"cb71b88975f51bdd065f400d23d9207dc66730c3","sellTxId":"7b45bc2636be4c498aab9b34dbb7fabbc16ebfb4"}
{"index": {"_index":"spt","_id":"2224179"}}
	{"id":2224179,"type":"sell","buyer":"granddaddies","seller":"andy-plays","symbol":"SPT","quantity":"78.000000","price":"0.00333003","timestamp":1639075659,"volume":"0.25974234","buyTxId":"cb71b88975f51bdd065f400d23d9207dc66730c3","sellTxId":"7e62f56acd751faa8c2f3113bb794aa319b17a25"}
{"index": {"_index":"spt","_id":"2224199"}}
	{"id":2224199,"type":"sell","buyer":"granddaddies","seller":"elricmoonslayer","symbol":"SPT","quantity":"12.130714","price":"0.00333003","timestamp":1639075842,"volume":"0.04039564","buyTxId":"cb71b88975f51bdd065f400d23d9207dc66730c3","sellTxId":"6a0a7f7d6eb4e02ec734742b9c109caba19ae8fe"}
{"index": {"_index":"spt","_id":"2224324"}}
	{"id":2224324,"type":"sell","buyer":"granddaddies","seller":"shaddrak","symbol":"SPT","quantity":"293.590110","price":"0.00333003","timestamp":1639076733,"volume":"0.97766387","buyTxId":"cb71b88975f51bdd065f400d23d9207dc66730c3","sellTxId":"5a2d317c111432cd1a813cd701de3f99a4565444"}
{"index": {"_index":"spt","_id":"2224563"}}
	{"id":2224563,"type":"sell","buyer":"granddaddies","seller":"bashadow","symbol":"SPT","quantity":"1.205221","price":"0.00333003","timestamp":1639078578,"volume":"0.00401342","buyTxId":"cb71b88975f51bdd065f400d23d9207dc66730c3","sellTxId":"24894c1324ef651bf219edc3f27976e8f368510a"}
{"index": {"_index":"spt","_id":"2224722"}}
	{"id":2224722,"type":"sell","buyer":"granddaddies","seller":"arona","symbol":"SPT","quantity":"118.212742","price":"0.00333003","timestamp":1639079619,"volume":"0.39365198","buyTxId":"cb71b88975f51bdd065f400d23d9207dc66730c3","sellTxId":"7430a45ad475d01cd74e27af1239fd3dce951d81"}
{"index": {"_index":"spt","_id":"2224835"}}
	{"id":2224835,"type":"buy","buyer":"egistar","seller":"zhourunfa","symbol":"SPT","quantity":"1119.126984","price":"0.00378000","timestamp":1639080480,"volume":"4.2303","buyTxId":"40a2a6e913fb3ce57b28873843079a5612212238","sellTxId":"b6e789f0cfc50c2b56993997ddc9b81ebc2dd7bf"}
{"index": {"_index":"spt","_id":"2224903"}}
	{"id":2224903,"type":"sell","buyer":"granddaddies","seller":"brofi-market","symbol":"SPT","quantity":"0.056822","price":"0.00333003","timestamp":1639080816,"volume":"0.00018922","buyTxId":"cb71b88975f51bdd065f400d23d9207dc66730c3","sellTxId":"33740f20e84485f036a62937a87886958a3cc5c0"}
{"index": {"_index":"spt","_id":"2225144"}}
	{"id":2225144,"type":"sell","buyer":"granddaddies","seller":"chireerocks","symbol":"SPT","quantity":"26.783119","price":"0.00333003","timestamp":1639082331,"volume":"0.08918859","buyTxId":"cb71b88975f51bdd065f400d23d9207dc66730c3","sellTxId":"4e0cb42bab7a9fe4d2a397b82f0ff0b23257ca4d"}
{"index": {"_index":"spt","_id":"2225202"}}
	{"id":2225202,"type":"buy","buyer":"taseli","seller":"zhourunfa","symbol":"SPT","quantity":"1322.751322","price":"0.00378000","timestamp":1639082817,"volume":"5","buyTxId":"74d04c82e8e7d9a530c1689037b7a542dce1073b","sellTxId":"b6e789f0cfc50c2b56993997ddc9b81ebc2dd7bf"}
{"index": {"_index":"spt","_id":"2225461"}}
	{"id":2225461,"type":"sell","buyer":"granddaddies","seller":"hiveexplorers","symbol":"SPT","quantity":"1429.852619","price":"0.00333004","timestamp":1639084947,"volume":"4.76146642","buyTxId":"ad03de2fb448ed857650694f2120df41df0f385c","sellTxId":"56949dd922850004cf5f54059ba80dc7656826f1"}
{"index": {"_index":"spt","_id":"2225907"}}
	{"id":2225907,"type":"buy","buyer":"kerrislravenhill","seller":"collectorofchaos","symbol":"SPT","quantity":"250.000000","price":"0.00377000","timestamp":1639088292,"volume":"0.94250000","buyTxId":"ac79fd5961093be28c54f5b788efb86640051791","sellTxId":"03aee74c3b06f6921f5db86802dc97a7c661a972"}
{"index": {"_index":"spt","_id":"2226138"}}
	{"id":2226138,"type":"buy","buyer":"nevitto","seller":"collectorofchaos","symbol":"SPT","quantity":"370.000000","price":"0.00377000","timestamp":1639090413,"volume":"1.39490000","buyTxId":"35a5be60c43d9f3ef276bcd54766023904d1bff7","sellTxId":"03aee74c3b06f6921f5db86802dc97a7c661a972"}
{"index": {"_index":"spt","_id":"2226139"}}
	{"id":2226139,"type":"buy","buyer":"nevitto","seller":"he-index","symbol":"SPT","quantity":"0.003000","price":"0.00377000","timestamp":1639090413,"volume":"0.00001131","buyTxId":"35a5be60c43d9f3ef276bcd54766023904d1bff7","sellTxId":"f21224d784e72df1dbf5e144a6ffa1285553a541"}
{"index": {"_index":"spt","_id":"2226197"}}
	{"id":2226197,"type":"buy","buyer":"jongolson","seller":"zhourunfa","symbol":"SPT","quantity":"1000.000000","price":"0.00378000","timestamp":1639091085,"volume":"3.78000000","buyTxId":"486cab03f58c8c3a4cf349e0e41d060d96f8ba30","sellTxId":"b6e789f0cfc50c2b56993997ddc9b81ebc2dd7bf"}
{"index": {"_index":"spt","_id":"2226350"}}
	{"id":2226350,"type":"sell","buyer":"nevitto","seller":"magnacarta","symbol":"SPT","quantity":"0.05","price":"0.00377000","timestamp":1639092411,"volume":"0.00018850","buyTxId":"35a5be60c43d9f3ef276bcd54766023904d1bff7","sellTxId":"13508ea3c409a0ca0edced44fdcb33370175a3bf"}
{"index": {"_index":"spt","_id":"2226776"}}
	{"id":2226776,"type":"sell","buyer":"nevitto","seller":"brofi-market","symbol":"SPT","quantity":"4.105022","price":"0.00377000","timestamp":1639095366,"volume":"0.01547593","buyTxId":"35a5be60c43d9f3ef276bcd54766023904d1bff7","sellTxId":"3b205d98143f22d1629be4586f56b772f084363c"}
{"index": {"_index":"spt","_id":"2226870"}}
	{"id":2226870,"type":"sell","buyer":"nevitto","seller":"dswap","symbol":"SPT","quantity":"130.329747","price":"0.00377000","timestamp":1639096017,"volume":"0.49134315","buyTxId":"35a5be60c43d9f3ef276bcd54766023904d1bff7","sellTxId":"1adf302c38d585539f8e3964e3ac53319ac767aa"}
{"index": {"_index":"spt","_id":"2226995"}}
	{"id":2226995,"type":"sell","buyer":"nevitto","seller":"dhedge-drips","symbol":"SPT","quantity":"0.008657","price":"0.00377000","timestamp":1639097205,"volume":"0.00003264","buyTxId":"35a5be60c43d9f3ef276bcd54766023904d1bff7","sellTxId":"1052a98be616908a21e7318ede90fd8cf0355ecc"}
{"index": {"_index":"spt","_id":"2227087"}}
	{"id":2227087,"type":"sell","buyer":"nevitto","seller":"hiveexplorers","symbol":"SPT","quantity":"56.218456","price":"0.00377000","timestamp":1639097709,"volume":"0.21194358","buyTxId":"35a5be60c43d9f3ef276bcd54766023904d1bff7","sellTxId":"f917a6a8162a5a5934ab2cae7aa1a80ad7bac89e"}
{"index": {"_index":"spt","_id":"2227339"}}
	{"id":2227339,"type":"sell","buyer":"nevitto","seller":"saachi","symbol":"SPT","quantity":"871.270216","price":"0.00377000","timestamp":1639099890,"volume":"3.28468871","buyTxId":"35a5be60c43d9f3ef276bcd54766023904d1bff7","sellTxId":"386c0cb6d79f6c4c9476dfac0b230fcd630725fb"}
{"index": {"_index":"spt","_id":"2227365"}}
	{"id":2227365,"type":"sell","buyer":"granddaddies","seller":"kiokizz","symbol":"SPT","quantity":"1235.785434","price":"0.00333004","timestamp":1639100031,"volume":"4.11521493","buyTxId":"ad03de2fb448ed857650694f2120df41df0f385c","sellTxId":"7073f060e441f74fc889b286abae9f880457d6f8"}
{"index": {"_index":"spt","_id":"2227768"}}
	{"id":2227768,"type":"sell","buyer":"granddaddies","seller":"sumiechan","symbol":"SPT","quantity":"54.860492","price":"0.00333004","timestamp":1639103670,"volume":"0.18268763","buyTxId":"ad03de2fb448ed857650694f2120df41df0f385c","sellTxId":"53963cc63a7ae4524d99e4e4132eaebe96436bb2"}
{"index": {"_index":"spt","_id":"2227885"}}
	{"id":2227885,"type":"sell","buyer":"granddaddies","seller":"antoniojoseha","symbol":"SPT","quantity":"1.507527","price":"0.00333004","timestamp":1639104759,"volume":"0.00502013","buyTxId":"ad03de2fb448ed857650694f2120df41df0f385c","sellTxId":"9043b75fafe105b097b2cf2c0503c945ed517a8c"}
{"index": {"_index":"spt","_id":"2228161"}}
	{"id":2228161,"type":"sell","buyer":"granddaddies","seller":"steem82868","symbol":"SPT","quantity":"6.975002","price":"0.00333004","timestamp":1639106604,"volume":"0.02322704","buyTxId":"ad03de2fb448ed857650694f2120df41df0f385c","sellTxId":"e50ec8b451ae18aac58cad004539ddc6ac3b7068"}
{"index": {"_index":"spt","_id":"2228266"}}
	{"id":2228266,"type":"buy","buyer":"dyimsen","seller":"saachi","symbol":"SPT","quantity":"1128.729784","price":"0.00377000","timestamp":1639107597,"volume":"4.25531129","buyTxId":"4d590d3534b481a7d4f77886413d8c90ca43ae68","sellTxId":"386c0cb6d79f6c4c9476dfac0b230fcd630725fb"}
{"index": {"_index":"spt","_id":"2228267"}}
	{"id":2228267,"type":"buy","buyer":"dyimsen","seller":"kojiri","symbol":"SPT","quantity":"38.088016","price":"0.00377000","timestamp":1639107597,"volume":"0.14359182","buyTxId":"4d590d3534b481a7d4f77886413d8c90ca43ae68","sellTxId":"968cdc26e6c05ddf002b3ee05e96fceac0d2d379"}
{"index": {"_index":"spt","_id":"2228307"}}
	{"id":2228307,"type":"sell","buyer":"granddaddies","seller":"dyimsen","symbol":"SPT","quantity":"1235.817800","price":"0.00377001","timestamp":1639108029,"volume":"4.65904546","buyTxId":"7937292bfeb12f66495b0f6d191452e7e39fc54a","sellTxId":"c913b67d9cbaf07d67997827d19fc44ce6247867"}
