{"_id":3123068,"type":"sell","buyer":"kitsuki","seller":"bearbear613","symbol":"SPT","quantity":"17.904000","price":"0.00150305","timestamp":1649045004,"volume":"0.02691061","buyTxId":"b4068b0168250e5bb130f3b6dd821214bceb053d","sellTxId":"bfdbc6588fb58e2a422b24540377697a72d1c6e9"},{"_id":3123092,"type":"sell","buyer":"kitsuki","seller":"brofi-market","symbol":"SPT","quantity":"2.487629","price":"0.00150305","timestamp":1649045427,"volume":"0.00373903","buyTxId":"b4068b0168250e5bb130f3b6dd821214bceb053d","sellTxId":"277aa38c9fa5e37febe0b2ee70d5c85d71003566"},{"_id":3123417,"type":"sell","buyer":"gaboamc2393","seller":"mango-juice","symbol":"SPT","quantity":"1000.000000","price":"0.00150630","timestamp":1649050944,"volume":"1.50630000","buyTxId":"afb0b627dddc8beb20d120a9363af7a061caef28","sellTxId":"b49f8170eaf8cf21009a3ca8288ec8060b8861f2"},{"_id":3123419,"type":"sell","buyer":"gaboamc2393","seller":"mango-juice","symbol":"SPT","quantity":"1000.000000","price":"0.00150620","timestamp":1649050971,"volume":"1.50620000","buyTxId":"c98c8143a116a07f99589442d614dcbff2a2b391","sellTxId":"d85435abd8e23d31e43539c373a72ffe3d4f84ec"},{"_id":3123424,"type":"sell","buyer":"multifurcate","seller":"mango-juice","symbol":"SPT","quantity":"759.811944","price":"0.00150500","timestamp":1649051043,"volume":"1.14351698","buyTxId":"89c510d1eed4754ad2ceac8df307e939d92d25b3","sellTxId":"c8e9d3848393aee30e0979b08bf480beb8b426ae"},{"_id":3123746,"type":"sell","buyer":"hive-180580","seller":"dhedge-drips","symbol":"SPT","quantity":"0.021349","price":"0.00150510","timestamp":1649054742,"volume":"0.00003213","buyTxId":"20fc50f0f7a2a5283892c3ba7712c943b33a3edb","sellTxId":"4c8ac7251c54e1484e07567e3ee077040e04a569"},{"_id":3124641,"type":"buy","buyer":"dswap","seller":"laundrywoman","symbol":"SPT","quantity":"70.752500","price":"0.00200000","timestamp":1649067240,"volume":"0.14150500","buyTxId":"4934608dce644b47dccfea7cbe30673f717b6d2c","sellTxId":"f35cf22b1e0c6a8ce68d80fc1dedd7619cc15c55"},{"_id":3124726,"type":"sell","buyer":"hive-180580","seller":"chireerocks","symbol":"SPT","quantity":"23.978651","price":"0.00150510","timestamp":1649068023,"volume":"0.03609027","buyTxId":"20fc50f0f7a2a5283892c3ba7712c943b33a3edb","sellTxId":"1c340ffd1cc0a42d979d3ab6de802a160440a3be"},{"_id":3124746,"type":"sell","buyer":"kitsuki","seller":"updaincrease","symbol":"SPT","quantity":"71.145270","price":"0.00150305","timestamp":1649068236,"volume":"0.10693490","buyTxId":"b4068b0168250e5bb130f3b6dd821214bceb053d","sellTxId":"13af355913a8fe6a3a3dda22094cce9ba95d67ea"},{"_id":3124755,"type":"sell","buyer":"kitsuki","seller":"chireerocks","symbol":"SPT","quantity":"87.906969","price":"0.00150305","timestamp":1649068428,"volume":"0.13212857","buyTxId":"b4068b0168250e5bb130f3b6dd821214bceb053d","sellTxId":"cf21c808b589ca65b9bf03b16f2675ae179af44c"},{"_id":3124796,"type":"buy","buyer":"samarek69","seller":"costanza","symbol":"SPT","quantity":"1.080200","price":"0.00195000","timestamp":1649068989,"volume":"0.00210639","buyTxId":"68b209d28cc783325703d5bb48e1a8546bc52d4b","sellTxId":"26b386c909dd0d64757a86e9d4d0d69fa8e4fb12"},{"_id":3124945,"type":"sell","buyer":"staxstax","seller":"sephiwolf","symbol":"SPT","quantity":"1368.000000","price":"0.00150400","timestamp":1649070849,"volume":"2.05747200","buyTxId":"5f852f533315b8f035ff3921c0b367936c301e15","sellTxId":"f17439b56eb062bd0f8624a12763e765d11f3d1d"},{"_id":3125000,"type":"buy","buyer":"brainslayer","seller":"sephiwolf","symbol":"SPT","quantity":"135.247445","price":"0.00150391","timestamp":1649071389,"volume":"0.20339999","buyTxId":"9a200b5de914fae0526b0b02267ad989f4118950","sellTxId":"f17439b56eb062bd0f8624a12763e765d11f3d1d"},{"_id":3125102,"type":"sell","buyer":"kitsuki","seller":"felipejoys","symbol":"SPT","quantity":"204.556132","price":"0.00150305","timestamp":1649072595,"volume":"0.30745809","buyTxId":"b4068b0168250e5bb130f3b6dd821214bceb053d","sellTxId":"5c135f29c303ff7c0f60f66ed9fe08fab8635ea0"},{"_id":3125103,"type":"sell","buyer":"kitsuki","seller":"felipejoys","symbol":"SPT","quantity":"384.705802","price":"0.00150303","timestamp":1649072595,"volume":"0.57822436","buyTxId":"51e3b41a0c242c04b54ba33b68585882300bb277","sellTxId":"5c135f29c303ff7c0f60f66ed9fe08fab8635ea0"},{"_id":3125104,"type":"sell","buyer":"thewycher","seller":"felipejoys","symbol":"SPT","quantity":"969.043892","price":"0.00150301","timestamp":1649072595,"volume":"1.45648266","buyTxId":"47e94c34bd60e286b8d49a5d19c0bf2bd24da6c5","sellTxId":"5c135f29c303ff7c0f60f66ed9fe08fab8635ea0"},{"_id":3125105,"type":"sell","buyer":"thewycher","seller":"felipejoys","symbol":"SPT","quantity":"809.905920","price":"0.00150301","timestamp":1649072595,"volume":"1.21729670","buyTxId":"202b437576db0547df3ccf009b80a51a63faee74","sellTxId":"5c135f29c303ff7c0f60f66ed9fe08fab8635ea0"},{"_id":3125209,"type":"buy","buyer":"nk-596","seller":"ukyron3","symbol":"SPT","quantity":"476.252021","price":"0.00194900","timestamp":1649074002,"volume":"0.92821519","buyTxId":"8a8fb546b0fa5bda2203c2eacafd42c57feeea9b","sellTxId":"9847f310863c3e7d77beef8a9393c86868d19529"},{"_id":3125328,"type":"sell","buyer":"thewycher","seller":"nechemiah","symbol":"SPT","quantity":"12.035356","price":"0.00150301","timestamp":1649075481,"volume":"0.01808926","buyTxId":"202b437576db0547df3ccf009b80a51a63faee74","sellTxId":"92727235e3a0a64d80949fe269223a5b1411a84c"},{"_id":3125561,"type":"sell","buyer":"thewycher","seller":"lolz.devs","symbol":"SPT","quantity":"39.362142","price":"0.00150301","timestamp":1649077770,"volume":"0.05916169","buyTxId":"202b437576db0547df3ccf009b80a51a63faee74","sellTxId":"8134626139ef189a61cfb539f930cf951db8ab18"},{"_id":3125683,"type":"sell","buyer":"thewycher","seller":"josediccus","symbol":"SPT","quantity":"138.696582","price":"0.00150301","timestamp":1649079342,"volume":"0.20846235","buyTxId":"202b437576db0547df3ccf009b80a51a63faee74","sellTxId":"3662fe3e1d4a3fb1f2f60fd67f8b55507190ff4d"},{"_id":3125684,"type":"sell","buyer":"thewycher","seller":"josediccus","symbol":"SPT","quantity":"1000.000000","price":"0.00150301","timestamp":1649079342,"volume":"1.50301000","buyTxId":"5298d153d6be0c6ee7f75cf5423cb713c798250d","sellTxId":"3662fe3e1d4a3fb1f2f60fd67f8b55507190ff4d"},{"_id":3125685,"type":"sell","buyer":"thewycher","seller":"josediccus","symbol":"SPT","quantity":"117.303418","price":"0.00150301","timestamp":1649079342,"volume":"0.17630821","buyTxId":"d1c52c0ea13ab2829adb857bd6a993f3eb2cdbf9","sellTxId":"3662fe3e1d4a3fb1f2f60fd67f8b55507190ff4d"},{"_id":3125844,"type":"sell","buyer":"thewycher","seller":"cwow2","symbol":"SPT","quantity":"3.287213","price":"0.00150301","timestamp":1649081043,"volume":"0.00494071","buyTxId":"d1c52c0ea13ab2829adb857bd6a993f3eb2cdbf9","sellTxId":"d1b4746b3851860d5e8436ec42635ac4c9e1f8ce"},{"_id":3125927,"type":"sell","buyer":"thewycher","seller":"robibasa","symbol":"SPT","quantity":"19.465126","price":"0.00150301","timestamp":1649081889,"volume":"0.02925628","buyTxId":"d1c52c0ea13ab2829adb857bd6a993f3eb2cdbf9","sellTxId":"6f2fcb517b10d54c696e9c909d099dd5dbcec0db"},{"_id":3126157,"type":"sell","buyer":"thewycher","seller":"jos3lider","symbol":"SPT","quantity":"218.599641","price":"0.00150301","timestamp":1649083947,"volume":"0.32855745","buyTxId":"d1c52c0ea13ab2829adb857bd6a993f3eb2cdbf9","sellTxId":"79f04af11542f0d0767093b41f1fa96e063860a9"},{"_id":3126415,"type":"sell","buyer":"thewycher","seller":"worldfinances","symbol":"SPT","quantity":"29.295789","price":"0.00150301","timestamp":1649085837,"volume":"0.04403186","buyTxId":"d1c52c0ea13ab2829adb857bd6a993f3eb2cdbf9","sellTxId":"d9baf15e9b321eebdfc3cc36c4137844fe2b2a0c"},{"_id":3126586,"type":"buy","buyer":"druidsblood","seller":"gaboamc2393","symbol":"SPT","quantity":"1000.000000","price":"0.00194100","timestamp":1649087922,"volume":"1.94100000","buyTxId":"f9a05dc86e586dcf7c493481e8c5f2e45dbfe54e","sellTxId":"1cfca6815970995a983feac2f1456c18d27db649"},{"_id":3126587,"type":"buy","buyer":"druidsblood","seller":"gaboamc2393","symbol":"SPT","quantity":"1000.000000","price":"0.00194200","timestamp":1649087922,"volume":"1.94200000","buyTxId":"f9a05dc86e586dcf7c493481e8c5f2e45dbfe54e","sellTxId":"a9076f8b7f5c9f748d8f39fd73356eecbae79db2"},{"_id":3126588,"type":"buy","buyer":"druidsblood","seller":"greengineer","symbol":"SPT","quantity":"5699.324073","price":"0.00194800","timestamp":1649087922,"volume":"11.10228329","buyTxId":"f9a05dc86e586dcf7c493481e8c5f2e45dbfe54e","sellTxId":"878bf6294ce4d72499cc5a59fe79189224a7e10e"},{"_id":3126589,"type":"buy","buyer":"druidsblood","seller":"ukyron3","symbol":"SPT","quantity":"1893.228247","price":"0.00194900","timestamp":1649087922,"volume":"3.68990185","buyTxId":"f9a05dc86e586dcf7c493481e8c5f2e45dbfe54e","sellTxId":"9847f310863c3e7d77beef8a9393c86868d19529"},{"_id":3126590,"type":"buy","buyer":"druidsblood","seller":"underlock","symbol":"SPT","quantity":"987.134317","price":"0.00194950","timestamp":1649087922,"volume":"1.92441835","buyTxId":"f9a05dc86e586dcf7c493481e8c5f2e45dbfe54e","sellTxId":"f1021a4d58b5c9456ce7f1008f5bfb2413fbd20e"},{"_id":3126591,"type":"buy","buyer":"druidsblood","seller":"costanza","symbol":"SPT","quantity":"3445.313363","price":"0.00195000","timestamp":1649087922,"volume":"6.71836106","buyTxId":"f9a05dc86e586dcf7c493481e8c5f2e45dbfe54e","sellTxId":"26b386c909dd0d64757a86e9d4d0d69fa8e4fb12"},{"_id":3126595,"type":"buy","buyer":"druidsblood","seller":"costanza","symbol":"SPT","quantity":"10580.000000","price":"0.00195000","timestamp":1649087976,"volume":"20.63100000","buyTxId":"37e81f2e67d02b73aad5bd3fbc287d2bbd4943ca","sellTxId":"26b386c909dd0d64757a86e9d4d0d69fa8e4fb12"},{"_id":3126626,"type":"sell","buyer":"thewycher","seller":"mvl2304","symbol":"SPT","quantity":"588.037043","price":"0.00150301","timestamp":1649088453,"volume":"0.88382556","buyTxId":"d1c52c0ea13ab2829adb857bd6a993f3eb2cdbf9","sellTxId":"81d8086cfb28319a8be1b7a0c13d61b0d3819414"},{"_id":3126627,"type":"sell","buyer":"thewycher","seller":"mvl2304","symbol":"SPT","quantity":"1000.000000","price":"0.00150301","timestamp":1649088453,"volume":"1.50301000","buyTxId":"54b005fcbb3641e6fe4d3767631cd5283fc1cf3d","sellTxId":"81d8086cfb28319a8be1b7a0c13d61b0d3819414"},{"_id":3126628,"type":"sell","buyer":"thewycher","seller":"mvl2304","symbol":"SPT","quantity":"1000.000000","price":"0.00150301","timestamp":1649088453,"volume":"1.50301000","buyTxId":"9782a3cc682339404b258288721f62310a9eaebd","sellTxId":"81d8086cfb28319a8be1b7a0c13d61b0d3819414"},{"_id":3126629,"type":"sell","buyer":"thewycher","seller":"mvl2304","symbol":"SPT","quantity":"738.926836","price":"0.00150301","timestamp":1649088453,"volume":"1.11061442","buyTxId":"510db6d84bb0584e9329036dc32c07ff456e34e5","sellTxId":"81d8086cfb28319a8be1b7a0c13d61b0d3819414"},{"_id":3126750,"type":"buy","buyer":"tomkow","seller":"costanza","symbol":"SPT","quantity":"0.037616","price":"0.00195000","timestamp":1649090187,"volume":"0.00007335","buyTxId":"31a9a7847cd8c97d2b5de5a811839a74782fe1bc","sellTxId":"26b386c909dd0d64757a86e9d4d0d69fa8e4fb12"},{"_id":3126751,"type":"buy","buyer":"tomkow","seller":"dhedge-drips","symbol":"SPT","quantity":"0.021349","price":"0.00200000","timestamp":1649090187,"volume":"0.00004270","buyTxId":"31a9a7847cd8c97d2b5de5a811839a74782fe1bc","sellTxId":"741bc9f5849ed787f542569cc7bc1ff94f513a61"},{"_id":3126752,"type":"buy","buyer":"tomkow","seller":"master-lamps","symbol":"SPT","quantity":"1.002000","price":"0.00200100","timestamp":1649090187,"volume":"0.00200500","buyTxId":"31a9a7847cd8c97d2b5de5a811839a74782fe1bc","sellTxId":"bcb76020269fe1bd391f828e5421ac65253524f3"},{"_id":3126753,"type":"buy","buyer":"tomkow","seller":"brofi-market","symbol":"SPT","quantity":"2.487629","price":"0.00200100","timestamp":1649090187,"volume":"0.00497775","buyTxId":"31a9a7847cd8c97d2b5de5a811839a74782fe1bc","sellTxId":"9f8905e3bd19092b3d07efe6c3e3f22853dd7b4e"},{"_id":3126754,"type":"buy","buyer":"tomkow","seller":"londonbridge","symbol":"SPT","quantity":"1670.000000","price":"0.00200130","timestamp":1649090187,"volume":"3.34217100","buyTxId":"31a9a7847cd8c97d2b5de5a811839a74782fe1bc","sellTxId":"23c5e34db17df204788adfae284676581cb25a9f"},{"_id":3126755,"type":"buy","buyer":"tomkow","seller":"kitsuki","symbol":"SPT","quantity":"280.000000","price":"0.00200134","timestamp":1649090187,"volume":"0.56037520","buyTxId":"31a9a7847cd8c97d2b5de5a811839a74782fe1bc","sellTxId":"7d4e1d54c78528aa924bdfc18aff18a0f89fef3e"},{"_id":3126756,"type":"buy","buyer":"tomkow","seller":"brofi-market","symbol":"SPT","quantity":"0.633140","price":"0.00200140","timestamp":1649090187,"volume":"0.00126717","buyTxId":"31a9a7847cd8c97d2b5de5a811839a74782fe1bc","sellTxId":"5dddf7d11828188ddc02b76c17b0dc81dea9b808"},{"_id":3126757,"type":"buy","buyer":"tomkow","seller":"bilidrg","symbol":"SPT","quantity":"1200.000000","price":"0.00200900","timestamp":1649090187,"volume":"2.41080000","buyTxId":"31a9a7847cd8c97d2b5de5a811839a74782fe1bc","sellTxId":"e1e8b3f33340deb6789ed7450a93a6629a8fe427"},{"_id":3126758,"type":"buy","buyer":"tomkow","seller":"kojiri","symbol":"SPT","quantity":"1346.157612","price":"0.00201000","timestamp":1649090187,"volume":"2.70577680","buyTxId":"31a9a7847cd8c97d2b5de5a811839a74782fe1bc","sellTxId":"77dceb778b19ec361ae9a6e1516f43bc4a267d73"},{"_id":3126759,"type":"buy","buyer":"tomkow","seller":"photosnap","symbol":"SPT","quantity":"65.728069","price":"0.00201400","timestamp":1649090187,"volume":"0.13237633","buyTxId":"31a9a7847cd8c97d2b5de5a811839a74782fe1bc","sellTxId":"3115da1d19a500571a5cb76f97c19b6a2753265f"},{"_id":3126767,"type":"sell","buyer":"tomkow","seller":"kitsuki","symbol":"SPT","quantity":"500.000000","price":"0.00201419","timestamp":1649090364,"volume":"1.00709500","buyTxId":"31a9a7847cd8c97d2b5de5a811839a74782fe1bc","sellTxId":"9999a99fe0e5e98ea69f5fd402581b9ee3d72a74"},{"_id":3126814,"type":"sell","buyer":"tomkow","seller":"dswap","symbol":"SPT","quantity":"5066.067","price":"0.00201419","timestamp":1649090634,"volume":"10.20402149","buyTxId":"31a9a7847cd8c97d2b5de5a811839a74782fe1bc","sellTxId":"847a9c26ecbfbebe7824831240b260fbb8561c68"},{"_id":3126941,"type":"sell","buyer":"tomkow","seller":"catomoon","symbol":"SPT","quantity":"8.109688","price":"0.00201419","timestamp":1649091546,"volume":"0.01633445","buyTxId":"31a9a7847cd8c97d2b5de5a811839a74782fe1bc","sellTxId":"61e7c89df47e965301d4a8b3a29e1b9faa483142"},{"_id":3126960,"type":"buy","buyer":"c0s1","seller":"yameen","symbol":"SPT","quantity":"25.503572","price":"0.00201420","timestamp":1649091660,"volume":"0.05136929","buyTxId":"f1ed9c05f6d4960ed05e30bda1d3888eda4e3da7","sellTxId":"0cc20e43251935fb6ff224b572c7812d8c760775"},{"_id":3126965,"type":"sell","buyer":"tomkow","seller":"upmeboost","symbol":"SPT","quantity":"52.097047","price":"0.00201419","timestamp":1649091699,"volume":"0.10493335","buyTxId":"31a9a7847cd8c97d2b5de5a811839a74782fe1bc","sellTxId":"d8d7c41395ed8c3fe60b7abb0ac7b20fe23c7f29"},{"_id":3126974,"type":"buy","buyer":"c0s1","seller":"jats-0","symbol":"SPT","quantity":"354.204363","price":"0.00201540","timestamp":1649091735,"volume":"0.71386347","buyTxId":"cb65927f5d24d2d522d947b5f680e442119816bf","sellTxId":"1c2da1d5c154b211955ddb2c5a099df50a85fff5"},{"_id":3126983,"type":"buy","buyer":"c0s1","seller":"he-index","symbol":"SPT","quantity":"0.035000","price":"0.00201550","timestamp":1649091780,"volume":"0.00007054","buyTxId":"6e9733542b439c1a00ca74e134f49a2684c59cf1","sellTxId":"2336d837cae72d8107cd97017e236a49194c06fd"},{"_id":3126984,"type":"buy","buyer":"c0s1","seller":"brofi-market","symbol":"SPT","quantity":"2.709964","price":"0.00201550","timestamp":1649091780,"volume":"0.00546193","buyTxId":"6e9733542b439c1a00ca74e134f49a2684c59cf1","sellTxId":"a3482a40f2072d25769131b9854622eac5c5410f"},{"_id":3126985,"type":"buy","buyer":"c0s1","seller":"dhedge-drips","symbol":"SPT","quantity":"0.264874","price":"0.00201550","timestamp":1649091780,"volume":"0.00053385","buyTxId":"6e9733542b439c1a00ca74e134f49a2684c59cf1","sellTxId":"8fe2fdd1721107f66629a734d215785a5994e483"},{"_id":3126994,"type":"buy","buyer":"c0s1","seller":"laundrywoman","symbol":"SPT","quantity":"130.000000","price":"0.00202620","timestamp":1649091840,"volume":"0.26340600","buyTxId":"1c7f7e2e7287ed6b593277aefcdc84ba6ef09168","sellTxId":"d929d0f8e366909a2673a095df561f674c3f42d7"},{"_id":3127056,"type":"sell","buyer":"tomkow","seller":"moeenali","symbol":"SPT","quantity":"9789.214199","price":"0.00201419","timestamp":1649092416,"volume":"19.71733735","buyTxId":"31a9a7847cd8c97d2b5de5a811839a74782fe1bc","sellTxId":"a198f435fb1bb985ddfd8b04665e2d4a74442771"},{"_id":3127143,"type":"sell","buyer":"tomkow","seller":"photosnap","symbol":"SPT","quantity":"18.444651","price":"0.00201419","timestamp":1649093106,"volume":"0.03715103","buyTxId":"31a9a7847cd8c97d2b5de5a811839a74782fe1bc","sellTxId":"e28e2d8e4e6f5366b216f133c00359ead5536980"},{"_id":3127162,"type":"buy","buyer":"jongolson","seller":"photosnap","symbol":"SPT","quantity":"14.895974","price":"0.00201419","timestamp":1649093358,"volume":"0.03000332","buyTxId":"0cecaca540910d1fa627b886169e25fb2bcd5ee2","sellTxId":"e28e2d8e4e6f5366b216f133c00359ead5536980"},{"_id":3127163,"type":"buy","buyer":"jongolson","seller":"laundrywoman","symbol":"SPT","quantity":"985.104026","price":"0.00202300","timestamp":1649093358,"volume":"1.99286544","buyTxId":"0cecaca540910d1fa627b886169e25fb2bcd5ee2","sellTxId":"48106f4489da780b68a210e0e24d4190496f386d"},{"_id":3127405,"type":"sell","buyer":"kitsuki","seller":"giacomone","symbol":"SPT","quantity":"1.051182","price":"0.00150306","timestamp":1649095104,"volume":"0.00157999","buyTxId":"27f5bdf4e4493d3727e82b75bf00faf379ab5667","sellTxId":"6647a179427776837edd92af4f379a31025d9424"},{"_id":3127490,"type":"sell","buyer":"kitsuki","seller":"blackleg","symbol":"SPT","quantity":"998.948818","price":"0.00150306","timestamp":1649095437,"volume":"1.50148001","buyTxId":"27f5bdf4e4493d3727e82b75bf00faf379ab5667","sellTxId":"290531b3e6257185aad81acc5719e66d0f9fb2e7"},{"_id":3127491,"type":"sell","buyer":"kitsuki","seller":"blackleg","symbol":"SPT","quantity":"474.283145","price":"0.00150306","timestamp":1649095437,"volume":"0.71287602","buyTxId":"d0508a6d52bc0bea7eb47046cc0b3c16f0ca2df9","sellTxId":"290531b3e6257185aad81acc5719e66d0f9fb2e7"},{"_id":3127715,"type":"sell","buyer":"multifurcate","seller":"crypt-skip","symbol":"SPT","quantity":"1787.644353","price":"0.00150609","timestamp":1649097861,"volume":"2.69235328","buyTxId":"6887ac212ecd900e8bd0db78d1d7aab0011872ad","sellTxId":"ca34377eb923aca3138c4ac54151a47fd0a28958"},{"_id":3128009,"type":"sell","buyer":"kitsuki","seller":"panthera68","symbol":"SPT","quantity":"110.000000","price":"0.00150611","timestamp":1649100381,"volume":"0.16567210","buyTxId":"f8cc6bcfe7723029e4baa82b10e11c79bb15a0f6","sellTxId":"cbe8c77e383814d387e1b71479db655df60b07cd"},{"_id":3128010,"type":"sell","buyer":"multifurcate","seller":"panthera68","symbol":"SPT","quantity":"2678.514365","price":"0.00150609","timestamp":1649100381,"volume":"4.03408370","buyTxId":"6887ac212ecd900e8bd0db78d1d7aab0011872ad","sellTxId":"cbe8c77e383814d387e1b71479db655df60b07cd"},{"_id":3128182,"type":"buy","buyer":"thewycher","seller":"sentipl","symbol":"SPT","quantity":"12.929736","price":"0.00150610","timestamp":1649102787,"volume":"0.01947348","buyTxId":"00137f39ce17c16bf55c8702ab72b4c03ccb8710","sellTxId":"9f0bf576c1b37352b220de58fca0498c764f8fbc"},{"_id":3128202,"type":"sell","buyer":"multifurcate","seller":"brofi-market","symbol":"SPT","quantity":"0.018645","price":"0.00150812","timestamp":1649103006,"volume":"0.00002812","buyTxId":"50964dfb77b1eeff361c2cc9e4788fa2ea362ef8","sellTxId":"94be36bd07b09b7dc5734016e8d41024e8e8d830"},{"_id":3128466,"type":"buy","buyer":"fnvdesigns","seller":"laundrywoman","symbol":"SPT","quantity":"14800.000000","price":"0.00201791","timestamp":1649105664,"volume":"29.86506800","buyTxId":"347658a9e40ddebf8e0a0f2603f066bbff7f3804","sellTxId":"7b2ba8f524a9aaa2ceafbda6bd212ab010595c06"},{"_id":3128475,"type":"sell","buyer":"multifurcate","seller":"thisisawesome","symbol":"SPT","quantity":"0.223419","price":"0.00151400","timestamp":1649105772,"volume":"0.00033826","buyTxId":"5fba987a1e5e212a8dff20b838781477ce5522d9","sellTxId":"cd011b27948c3aa8a225803418fb7c314fa13ba5"},{"_id":3128894,"type":"sell","buyer":"kitsuki","seller":"he-index","symbol":"SPT","quantity":"0.040000","price":"0.00151402","timestamp":1649109735,"volume":"0.00006056","buyTxId":"277e5de49affeaad7244ade0c5693003deb797ad","sellTxId":"ed23bc51fa464a645c75948e2e448a20dfee0bb1"},{"_id":3129171,"type":"sell","buyer":"multifurcate","seller":"spongebob27","symbol":"SPT","quantity":"2002.515532","price":"0.00151700","timestamp":1649113932,"volume":"3.03781606","buyTxId":"650a90941c6a25727ffb7cc611471bec872697a1","sellTxId":"391722c6c7ac033517a79329ae8c0c1c1ba6875e"},{"_id":3129367,"type":"sell","buyer":"thewycher","seller":"jaopalas","symbol":"SPT","quantity":"2.550608","price":"0.00152004","timestamp":1649116917,"volume":"0.00387703","buyTxId":"532dfc0f3dd1c00e0689631b8a48a99016098aa8","sellTxId":"1ebafa959094b92639cd12506e43ee37a0aaa3f9"},{"_id":3129420,"type":"sell","buyer":"thewycher","seller":"brofi-market","symbol":"SPT","quantity":"2.266785","price":"0.00152004","timestamp":1649117652,"volume":"0.00344560","buyTxId":"532dfc0f3dd1c00e0689631b8a48a99016098aa8","sellTxId":"9059450d6695870d44abdc73da4a295ded03d319"},{"_id":3129519,"type":"sell","buyer":"thewycher","seller":"bitcoinflood","symbol":"SPT","quantity":"86.333466","price":"0.00152004","timestamp":1649119107,"volume":"0.13123032","buyTxId":"532dfc0f3dd1c00e0689631b8a48a99016098aa8","sellTxId":"eb236152fc55fabccdc3d15eff671ca659d054ea"},{"_id":3129554,"type":"sell","buyer":"multifurcate","seller":"eythorphoto","symbol":"SPT","quantity":"4.741589","price":"0.00152106","timestamp":1649119431,"volume":"0.00721224","buyTxId":"9f887f496e276327316bb474732a62ab344a1e53","sellTxId":"ff59dbb5f58fa4004c42bb4af6eafc468fabad05"},{"_id":3129569,"type":"sell","buyer":"multifurcate","seller":"dhedge-drips","symbol":"SPT","quantity":"0.214258","price":"0.00152106","timestamp":1649119584,"volume":"0.00032590","buyTxId":"9f887f496e276327316bb474732a62ab344a1e53","sellTxId":"97989bf0da59ffe5fb45ff26c59faf91873d0016"},{"_id":3129662,"type":"sell","buyer":"multifurcate","seller":"andy4475","symbol":"SPT","quantity":"1.715000","price":"0.00152106","timestamp":1649121363,"volume":"0.00260862","buyTxId":"9f887f496e276327316bb474732a62ab344a1e53","sellTxId":"6a4bfb6e468c80a7ccc3bc74cda1b4fa7308933b"},{"_id":3129683,"type":"buy","buyer":"druidsblood","seller":"laundrywoman","symbol":"SPT","quantity":"44360.000000","price":"0.00201400","timestamp":1649121729,"volume":"89.34104000","buyTxId":"ece4197f46250eace33fa41bf11ad5d63960c7fd","sellTxId":"b4825e4295c8d5ee58c654dd4c4c912b8a6bf7c0"},{"_id":3129768,"type":"sell","buyer":"multifurcate","seller":"theia7","symbol":"SPT","quantity":"176.105010","price":"0.00152106","timestamp":1649123229,"volume":"0.26786629","buyTxId":"9f887f496e276327316bb474732a62ab344a1e53","sellTxId":"442bb6d1afd07d6e9ee3044e4d89f29934145de0"},{"_id":3129801,"type":"sell","buyer":"multifurcate","seller":"theia7","symbol":"SPT","quantity":"3.565418","price":"0.00152106","timestamp":1649123592,"volume":"0.00542321","buyTxId":"9f887f496e276327316bb474732a62ab344a1e53","sellTxId":"39ac3ff9801000200965414342ab29d4440008ac"},{"_id":3130139,"type":"buy","buyer":"dswap","seller":"staxstax","symbol":"SPT","quantity":"1368.000000","price":"0.00190000","timestamp":1649127474,"volume":"2.59920000","buyTxId":"a3750f6cd92cb20c3585a585f77bf13078c6c01e","sellTxId":"342d1c0992122ae22fd1321d91a2ab914444e99c"},{"_id":3130140,"type":"buy","buyer":"dswap","seller":"brofi-market","symbol":"SPT","quantity":"2.266785","price":"0.00201400","timestamp":1649127474,"volume":"0.00456530","buyTxId":"a3750f6cd92cb20c3585a585f77bf13078c6c01e","sellTxId":"33fa8bd1139139236472a13f0aa079405e2bde08"},{"_id":3130141,"type":"buy","buyer":"dswap","seller":"dhedge-drips","symbol":"SPT","quantity":"0.214258","price":"0.00201400","timestamp":1649127474,"volume":"0.00043152","buyTxId":"a3750f6cd92cb20c3585a585f77bf13078c6c01e","sellTxId":"4bec7bd1d82f3894b1d2788d7cd0e1b929a90d77"},{"_id":3130142,"type":"buy","buyer":"dswap","seller":"kitsuki","symbol":"SPT","quantity":"477.452044","price":"0.00201790","timestamp":1649127474,"volume":"0.96345048","buyTxId":"a3750f6cd92cb20c3585a585f77bf13078c6c01e","sellTxId":"94d320d8a6688d661bb59ce967a6f543ada5ab37"