{"index": {"_index":"spt","_id":"2976955"}}
	{"id":2976955,"type":"sell","buyer":"multifurcate","seller":"cynano","symbol":"SPT","quantity":"101.790245","price":"0.00222401","timestamp":1647319938,"volume":"0.22638252","buyTxId":"1d4c91be7cb1de449f9012b428b5143b76f670f9","sellTxId":"ea17766df1ae4437b1a071652b1243cf235cfa41"}
{"index": {"_index":"spt","_id":"2977347"}}
	{"id":2977347,"type":"buy","buyer":"captainquack22","seller":"elenkar","symbol":"SPT","quantity":"0.756541","price":"0.00269450","timestamp":1647325554,"volume":"0.00203850","buyTxId":"c2ec21d6321a86cf54628b97c580f54d9ec42d7c","sellTxId":"a70ce9f4dcc17334c8a41b537becb417756def2a"}
{"index": {"_index":"spt","_id":"2977348"}}
	{"id":2977348,"type":"buy","buyer":"captainquack22","seller":"master-lamps","symbol":"SPT","quantity":"0.625000","price":"0.00269499","timestamp":1647325554,"volume":"0.00168437","buyTxId":"c2ec21d6321a86cf54628b97c580f54d9ec42d7c","sellTxId":"d20552237c33246289e64f4644119e2d3fb7071c"}
{"index": {"_index":"spt","_id":"2977349"}}
	{"id":2977349,"type":"buy","buyer":"captainquack22","seller":"brofi-market","symbol":"SPT","quantity":"1.148074","price":"0.00269500","timestamp":1647325554,"volume":"0.00309406","buyTxId":"c2ec21d6321a86cf54628b97c580f54d9ec42d7c","sellTxId":"d90b261111bc071b35b84228b05ffbe8b1d385e1"}
{"index": {"_index":"spt","_id":"2977350"}}
	{"id":2977350,"type":"buy","buyer":"captainquack22","seller":"laundrywoman","symbol":"SPT","quantity":"2459.437131","price":"0.00269500","timestamp":1647325554,"volume":"6.62818307","buyTxId":"c2ec21d6321a86cf54628b97c580f54d9ec42d7c","sellTxId":"7f05bdc1419c55b0054f271efe525059187f6837"}
{"index": {"_index":"spt","_id":"2977654"}}
	{"id":2977654,"type":"buy","buyer":"yuriks2000","seller":"digital-fortress","symbol":"SPT","quantity":"0.610938","price":"0.00259990","timestamp":1647330339,"volume":"0.00158838","buyTxId":"801401585a65b27858951501c2f2a8a424d76375","sellTxId":"1b5a89c24e1c68fd0245c15ff8c38d5a73a67dbe"}
{"index": {"_index":"spt","_id":"2978202"}}
	{"id":2978202,"type":"sell","buyer":"yuriks2000","seller":"epicur0","symbol":"SPT","quantity":"249.389062","price":"0.00259990","timestamp":1647339087,"volume":"0.64838662","buyTxId":"801401585a65b27858951501c2f2a8a424d76375","sellTxId":"d4609d161321f83c1ff31cc52e4ce0edbfc6e1f4"}
{"index": {"_index":"spt","_id":"2978235"}}
	{"id":2978235,"type":"sell","buyer":"multifurcate","seller":"epicur0","symbol":"SPT","quantity":"1369.114477","price":"0.00230100","timestamp":1647339726,"volume":"3.15033241","buyTxId":"c48e30bd971651bb486bcd0b11380fbc5ca134f4","sellTxId":"bd72ec81942ddf88ad600b49f94d8a2d17e6668b"}
{"index": {"_index":"spt","_id":"2979406"}}
	{"id":2979406,"type":"sell","buyer":"multifurcate","seller":"jujubajubs","symbol":"SPT","quantity":"5000.000000","price":"0.00230100","timestamp":1647355557,"volume":"11.50500000","buyTxId":"9f0b74866093388cca17f2daaeaffc9509035c85","sellTxId":"5157cbab3f845a8f5378a13bc3bd728be86244ea"}
{"index": {"_index":"spt","_id":"2979711"}}
	{"id":2979711,"type":"sell","buyer":"multifurcate","seller":"obmop","symbol":"SPT","quantity":"447.126952","price":"0.00230100","timestamp":1647358701,"volume":"1.02883912","buyTxId":"9f0b74866093388cca17f2daaeaffc9509035c85","sellTxId":"726b09f741aa3f477bdd3c712c2e152887d233d1"}
{"index": {"_index":"spt","_id":"2979883"}}
	{"id":2979883,"type":"sell","buyer":"multifurcate","seller":"brofi-market","symbol":"SPT","quantity":"0.244345","price":"0.00230100","timestamp":1647360738,"volume":"0.00056224","buyTxId":"9f0b74866093388cca17f2daaeaffc9509035c85","sellTxId":"7830e23aaf02c4da522d01f59872ddbd61a745d0"}
{"index": {"_index":"spt","_id":"2980309"}}
	{"id":2980309,"type":"sell","buyer":"multifurcate","seller":"lesthertod","symbol":"SPT","quantity":"2.643467","price":"0.00230100","timestamp":1647364512,"volume":"0.00608262","buyTxId":"56c0f1435f6204c604511a6535eb5372dba12568","sellTxId":"2bcf6285b43c6186a150095f7250c906eb45f4c5"}
{"index": {"_index":"spt","_id":"2980479"}}
	{"id":2980479,"type":"sell","buyer":"multifurcate","seller":"catomoon","symbol":"SPT","quantity":"4.860155","price":"0.00230100","timestamp":1647366489,"volume":"0.01118322","buyTxId":"56c0f1435f6204c604511a6535eb5372dba12568","sellTxId":"8c32ee4d8edd3903b365ec1d46d0a177728f1f79"}
{"index": {"_index":"spt","_id":"2980509"}}
	{"id":2980509,"type":"sell","buyer":"multifurcate","seller":"photosnap","symbol":"SPT","quantity":"443.387018","price":"0.00230100","timestamp":1647366696,"volume":"1.02023353","buyTxId":"56c0f1435f6204c604511a6535eb5372dba12568","sellTxId":"8e064cd2dc7604e7dbc2ea8578cfed7d61647fd9"}
{"index": {"_index":"spt","_id":"2980613"}}
	{"id":2980613,"type":"sell","buyer":"multifurcate","seller":"tanguero","symbol":"SPT","quantity":"1474.500352","price":"0.00230100","timestamp":1647367743,"volume":"3.39282531","buyTxId":"56c0f1435f6204c604511a6535eb5372dba12568","sellTxId":"bbefa174d9d4f4057cdd6b7786c3c83b5e6109ba"}
{"index": {"_index":"spt","_id":"2980727"}}
	{"id":2980727,"type":"buy","buyer":"jongolson","seller":"underlock","symbol":"SPT","quantity":"1000.974464","price":"0.00258894","timestamp":1647368379,"volume":"2.59146283","buyTxId":"bd1d78d743a9f4389c42b7114064477b6243cce1","sellTxId":"d5b60dc25ee5b1613894bb863add9495f28503f4"}
{"index": {"_index":"spt","_id":"2980871"}}
	{"id":2980871,"type":"sell","buyer":"groentje","seller":"dhedge-drips","symbol":"SPT","quantity":"0.022906","price":"0.00230000","timestamp":1647369966,"volume":"0.00005268","buyTxId":"0a920104b014d37c4099056aa338c1247321fc58","sellTxId":"00b53853cb081848929ee136639081e56dd97b05"}
{"index": {"_index":"spt","_id":"2981037"}}
	{"id":2981037,"type":"buy","buyer":"heutorybr","seller":"underlock","symbol":"SPT","quantity":"984.138991","price":"0.00258895","timestamp":1647372282,"volume":"2.54788664","buyTxId":"342ba3de43d02681d3f8232bef173a482091ae09","sellTxId":"d0ac19540dd1234d29778b43ec2f03198494f9bf"}
{"index": {"_index":"spt","_id":"2981038"}}
	{"id":2981038,"type":"buy","buyer":"heutorybr","seller":"brofi-market","symbol":"SPT","quantity":"0.244345","price":"0.00258895","timestamp":1647372282,"volume":"0.00063260","buyTxId":"342ba3de43d02681d3f8232bef173a482091ae09","sellTxId":"fb4bcf124094f020ea6f16c3123d6415feb3860a"}
{"index": {"_index":"spt","_id":"2981039"}}
	{"id":2981039,"type":"buy","buyer":"heutorybr","seller":"dhedge-drips","symbol":"SPT","quantity":"0.022906","price":"0.00258895","timestamp":1647372282,"volume":"0.00005930","buyTxId":"342ba3de43d02681d3f8232bef173a482091ae09","sellTxId":"6670373ad3026095edd02e310af89ca35fba2cb6"}
{"index": {"_index":"spt","_id":"2981102"}}
	{"id":2981102,"type":"sell","buyer":"heutorybr","seller":"shauner","symbol":"SPT","quantity":"140.000000","price":"0.00258895","timestamp":1647372888,"volume":"0.36245300","buyTxId":"342ba3de43d02681d3f8232bef173a482091ae09","sellTxId":"d3d731db09376c16c28c16d6d6aeaa21d09357f8"}
{"index": {"_index":"spt","_id":"2981141"}}
	{"id":2981141,"type":"sell","buyer":"heutorybr","seller":"teenagecrypto","symbol":"SPT","quantity":"217.775485","price":"0.00258895","timestamp":1647373419,"volume":"0.56380984","buyTxId":"342ba3de43d02681d3f8232bef173a482091ae09","sellTxId":"044d9630fc7693478284d587dd3c0eac8b499c70"}
{"index": {"_index":"spt","_id":"2981317"}}
	{"id":2981317,"type":"sell","buyer":"heutorybr","seller":"brofi-market","symbol":"SPT","quantity":"0.258008","price":"0.00258895","timestamp":1647375078,"volume":"0.00066797","buyTxId":"342ba3de43d02681d3f8232bef173a482091ae09","sellTxId":"baae92de8c97d17661894a0898404e75e976947b"}
{"index": {"_index":"spt","_id":"2981322"}}
	{"id":2981322,"type":"sell","buyer":"heutorybr","seller":"hive-world","symbol":"SPT","quantity":"417.498973","price":"0.00258895","timestamp":1647375102,"volume":"1.08088397","buyTxId":"342ba3de43d02681d3f8232bef173a482091ae09","sellTxId":"604123d6d88ecf6560d17074c3ca003e7312236f"}
{"index": {"_index":"spt","_id":"2981323"}}
	{"id":2981323,"type":"sell","buyer":"groentje","seller":"hive-world","symbol":"SPT","quantity":"399.977094","price":"0.00230000","timestamp":1647375102,"volume":"0.91994732","buyTxId":"0a920104b014d37c4099056aa338c1247321fc58","sellTxId":"604123d6d88ecf6560d17074c3ca003e7312236f"}
{"index": {"_index":"spt","_id":"2981324"}}
	{"id":2981324,"type":"sell","buyer":"groentje","seller":"hive-world","symbol":"SPT","quantity":"2000.000000","price":"0.00230000","timestamp":1647375102,"volume":"4.60000000","buyTxId":"988abc2c9194eca90f2540be7bce16dc6c2d0b3e","sellTxId":"604123d6d88ecf6560d17074c3ca003e7312236f"}
{"index": {"_index":"spt","_id":"2981624"}}
	{"id":2981624,"type":"sell","buyer":"cursephantom","seller":"eythorphoto","symbol":"SPT","quantity":"0.000003","price":"0.00222401","timestamp":1647378783,"volume":"0.00000001","buyTxId":"39b3b0afc043e4d03814705de21db6295b187463","sellTxId":"3947f7f0cf410a922d4866b62e5aadc346d2e5f1"}
{"index": {"_index":"spt","_id":"2981625"}}
	{"id":2981625,"type":"sell","buyer":"kitsuki","seller":"eythorphoto","symbol":"SPT","quantity":"5.552233","price":"0.00222301","timestamp":1647378783,"volume":"0.01234267","buyTxId":"52047466868e2a6b2afc5fa672847580c03e4ccb","sellTxId":"3947f7f0cf410a922d4866b62e5aadc346d2e5f1"}
{"index": {"_index":"spt","_id":"2981665"}}
	{"id":2981665,"type":"sell","buyer":"kitsuki","seller":"soyunasantacruz","symbol":"SPT","quantity":"1.524367","price":"0.00222301","timestamp":1647379455,"volume":"0.00338868","buyTxId":"52047466868e2a6b2afc5fa672847580c03e4ccb","sellTxId":"3b54ae55e014169c93b43dcb8ef4a8a1419780be"}
{"index": {"_index":"spt","_id":"2981731"}}
	{"id":2981731,"type":"sell","buyer":"kitsuki","seller":"rowell","symbol":"SPT","quantity":"1251.923400","price":"0.00222301","timestamp":1647380397,"volume":"2.78303824","buyTxId":"52047466868e2a6b2afc5fa672847580c03e4ccb","sellTxId":"8651623590af4bf458b5e95a94533a42ebd12c7d"}
{"index": {"_index":"spt","_id":"2981741"}}
	{"id":2981741,"type":"sell","buyer":"kitsuki","seller":"rowell","symbol":"SPT","quantity":"126.000000","price":"0.00222200","timestamp":1647380457,"volume":"0.27997200","buyTxId":"8ddccc2419fc03fc47432899efdd9d32132d8426","sellTxId":"5fd770ab1a0f1f07669ab0486f5b835836157fd4"}
{"index": {"_index":"spt","_id":"2981742"}}
	{"id":2981742,"type":"sell","buyer":"kitsuki","seller":"rowell","symbol":"SPT","quantity":"72.076600","price":"0.00222200","timestamp":1647380457,"volume":"0.16015421","buyTxId":"f220d7043507f63e0ccf23718ca40590b304165b","sellTxId":"5fd770ab1a0f1f07669ab0486f5b835836157fd4"}
{"index": {"_index":"spt","_id":"2981814"}}
	{"id":2981814,"type":"sell","buyer":"skimanner","seller":"dswap","symbol":"SPT","quantity":"0.4062","price":"0.00222000","timestamp":1647381348,"volume":"0.00090176","buyTxId":"20d4191d79433e1bce9224a8d375428b1340ccfe","sellTxId":"461111879092b2ed9d7db5cd03d67780f8b7dea5"}
{"index": {"_index":"spt","_id":"2981849"}}
	{"id":2981849,"type":"sell","buyer":"skimanner","seller":"he-index","symbol":"SPT","quantity":"0.049000","price":"0.00222000","timestamp":1647381789,"volume":"0.00010878","buyTxId":"20d4191d79433e1bce9224a8d375428b1340ccfe","sellTxId":"83f61583483e9e47d814a4ac7b4a667f4bbdea10"}
{"index": {"_index":"spt","_id":"2982150"}}
	{"id":2982150,"type":"sell","buyer":"skimanner","seller":"desro","symbol":"SPT","quantity":"20.900000","price":"0.00222000","timestamp":1647384840,"volume":"0.04639800","buyTxId":"20d4191d79433e1bce9224a8d375428b1340ccfe","sellTxId":"59e5cd9957ae969bf1ff1b78b9dfef3cc8f1a847"}
{"index": {"_index":"spt","_id":"2982555"}}
	{"id":2982555,"type":"sell","buyer":"multifurcate","seller":"brofi-market","symbol":"SPT","quantity":"4.169143","price":"0.00202100","timestamp":1647389691,"volume":"0.00842584","buyTxId":"93bf65df9917cea0bcbceed755db6dbc33bc94a8","sellTxId":"544759fe03725a89cdffc0a8dc339e8495c37a42"}
{"index": {"_index":"spt","_id":"2982686"}}
	{"id":2982686,"type":"sell","buyer":"multifurcate","seller":"dhedge-drips","symbol":"SPT","quantity":"0.001936","price":"0.00202100","timestamp":1647391587,"volume":"0.00000391","buyTxId":"93bf65df9917cea0bcbceed755db6dbc33bc94a8","sellTxId":"966af0945bc1453bb6f239baeff39747300a1ea3"}
{"index": {"_index":"spt","_id":"2982864"}}
	{"id":2982864,"type":"buy","buyer":"ninjamike","seller":"hive-world","symbol":"SPT","quantity":"1610.000000","price":"0.00222593","timestamp":1647394065,"volume":"3.58374730","buyTxId":"e57d648d83eeb6c3f515806ba6ce11246b7ae5cf","sellTxId":"604123d6d88ecf6560d17074c3ca003e7312236f"}
{"index": {"_index":"spt","_id":"2982918"}}
	{"id":2982918,"type":"buy","buyer":"ninjamike","seller":"hive-world","symbol":"SPT","quantity":"1570.000000","price":"0.00222593","timestamp":1647394485,"volume":"3.49471010","buyTxId":"57c64c7811024203f81e369ee0d31bc797d7aac6","sellTxId":"604123d6d88ecf6560d17074c3ca003e7312236f"}
{"index": {"_index":"spt","_id":"2983039"}}
	{"id":2983039,"type":"buy","buyer":"bigdizel","seller":"bilidrg","symbol":"SPT","quantity":"1500.000000","price":"0.00222589","timestamp":1647395679,"volume":"3.33883500","buyTxId":"0ec8f0e8caedcbb01b7d9ba4bcc87e42846bb27e","sellTxId":"2ef9458af2e40a3c7a28859c978e1dbeebd22cb6"}
{"index": {"_index":"spt","_id":"2983044"}}
	{"id":2983044,"type":"buy","buyer":"bigdizel","seller":"hive-world","symbol":"SPT","quantity":"1000.000000","price":"0.00222593","timestamp":1647395715,"volume":"2.22593000","buyTxId":"ad923f1b2615ed9d61bf07ba1a7a3eb58b1d19df","sellTxId":"604123d6d88ecf6560d17074c3ca003e7312236f"}
{"index": {"_index":"spt","_id":"2983126"}}
	{"id":2983126,"type":"sell","buyer":"multifurcate","seller":"indiebandguru","symbol":"SPT","quantity":"500.000000","price":"0.00202100","timestamp":1647396678,"volume":"1.01050000","buyTxId":"93bf65df9917cea0bcbceed755db6dbc33bc94a8","sellTxId":"cc21e6e2df9680cabad4973ba66c790cfd7a99c9"}
{"index": {"_index":"spt","_id":"2983146"}}
	{"id":2983146,"type":"sell","buyer":"multifurcate","seller":"itachi24","symbol":"SPT","quantity":"117.466755","price":"0.00202100","timestamp":1647396843,"volume":"0.23740031","buyTxId":"93bf65df9917cea0bcbceed755db6dbc33bc94a8","sellTxId":"e87d682d52fac8abb40c05d8f6d9ac64d61ebdb1"}
{"index": {"_index":"spt","_id":"2983481"}}
	{"id":2983481,"type":"buy","buyer":"frodobaggins","seller":"hive-world","symbol":"SPT","quantity":"0.000326","price":"0.00222593","timestamp":1647400557,"volume":"0.00000073","buyTxId":"53778bff6ba9e132b9c2b6dd52ea06c1cd9c91e8","sellTxId":"604123d6d88ecf6560d17074c3ca003e7312236f"}
{"index": {"_index":"spt","_id":"2983541"}}
	{"id":2983541,"type":"sell","buyer":"multifurcate","seller":"chireerocks","symbol":"SPT","quantity":"145.990286","price":"0.00202100","timestamp":1647401463,"volume":"0.29504637","buyTxId":"93bf65df9917cea0bcbceed755db6dbc33bc94a8","sellTxId":"85dd17c1ce57956ba65ac53920588a4411c5194b"}
{"index": {"_index":"spt","_id":"2983547"}}
	{"id":2983547,"type":"sell","buyer":"multifurcate","seller":"machnbirdsparo","symbol":"SPT","quantity":"2643","price":"0.00202100","timestamp":1647401499,"volume":"5.34150300","buyTxId":"93bf65df9917cea0bcbceed755db6dbc33bc94a8","sellTxId":"57a67cfeb81af1640ac6293533c4e8c5c01c55bf"}
