{"index": {"_index":"spt","_id":"2418718"}}
	{"id":2418718,"type":"sell","buyer":"granddaddies","seller":"brofi-market","symbol":"SPT","quantity":"0.010153","price":"0.00250001","timestamp":1640837406,"volume":"0.00002538","buyTxId":"a78e6c1936822dac3334230c694906dc0b4917ca","sellTxId":"3ddc1347e242e28b452c35b2b66de047d6b44c2d"}
{"index": {"_index":"spt","_id":"2418803"}}
	{"id":2418803,"type":"buy","buyer":"ahmetay","seller":"myothuzar","symbol":"SPT","quantity":"3999.264135","price":"0.00250046","timestamp":1640838264,"volume":"10","buyTxId":"a88987cefdc5bdf577dc0cbdaf4c2b6278204d85","sellTxId":"48dac264502b0e0e7dc251e72f5c0830a03d0575"}
{"index": {"_index":"spt","_id":"2418811"}}
	{"id":2418811,"type":"buy","buyer":"ahmetay","seller":"myothuzar","symbol":"SPT","quantity":"4363.597098","price":"0.00250046","timestamp":1640838390,"volume":"10.911","buyTxId":"ff8261e729a619e6271eb3106e5152b9af2d49d0","sellTxId":"48dac264502b0e0e7dc251e72f5c0830a03d0575"}
{"index": {"_index":"spt","_id":"2418822"}}
	{"id":2418822,"type":"buy","buyer":"ahmetay","seller":"myothuzar","symbol":"SPT","quantity":"4757.524615","price":"0.00250046","timestamp":1640838504,"volume":"11.896","buyTxId":"286611e64057cf034515143b6c72bb7706b43048","sellTxId":"48dac264502b0e0e7dc251e72f5c0830a03d0575"}
{"index": {"_index":"spt","_id":"2418844"}}
	{"id":2418844,"type":"buy","buyer":"ahmetay","seller":"myothuzar","symbol":"SPT","quantity":"15997.056541","price":"0.00250046","timestamp":1640838705,"volume":"40","buyTxId":"d0649b41c4a85bc8a318cc660cec79c7e3639b90","sellTxId":"48dac264502b0e0e7dc251e72f5c0830a03d0575"}
{"index": {"_index":"spt","_id":"2418853"}}
	{"id":2418853,"type":"buy","buyer":"ahmetay","seller":"myothuzar","symbol":"SPT","quantity":"10610.439074","price":"0.00250046","timestamp":1640838849,"volume":"26.53097849","buyTxId":"3130d88fa47b1f7c1e1c7cdb282fe9eac0608fc2","sellTxId":"48dac264502b0e0e7dc251e72f5c0830a03d0575"}
{"index": {"_index":"spt","_id":"2418854"}}
	{"id":2418854,"type":"buy","buyer":"ahmetay","seller":"dhedge-drips","symbol":"SPT","quantity":"0.002169","price":"0.00250046","timestamp":1640838849,"volume":"0.00000542","buyTxId":"3130d88fa47b1f7c1e1c7cdb282fe9eac0608fc2","sellTxId":"b361e27de628c96607b5740840375aa6c60517f0"}
{"index": {"_index":"spt","_id":"2418855"}}
	{"id":2418855,"type":"buy","buyer":"ahmetay","seller":"brofi-market","symbol":"SPT","quantity":"0.010153","price":"0.00250046","timestamp":1640838849,"volume":"0.00002539","buyTxId":"3130d88fa47b1f7c1e1c7cdb282fe9eac0608fc2","sellTxId":"083a679bad8c0a2ed34e1b1346d6cf045c4c4393"}
{"index": {"_index":"spt","_id":"2418856"}}
	{"id":2418856,"type":"buy","buyer":"ahmetay","seller":"dhedge-drips","symbol":"SPT","quantity":"0.251125","price":"0.00250047","timestamp":1640838849,"volume":"0.00062793","buyTxId":"3130d88fa47b1f7c1e1c7cdb282fe9eac0608fc2","sellTxId":"634d417f5bf5501ec1748199fc168ab305f24780"}
{"index": {"_index":"spt","_id":"2418857"}}
	{"id":2418857,"type":"buy","buyer":"ahmetay","seller":"brofi-market","symbol":"SPT","quantity":"0.068977","price":"0.00250047","timestamp":1640838849,"volume":"0.00017247","buyTxId":"3130d88fa47b1f7c1e1c7cdb282fe9eac0608fc2","sellTxId":"e3a73bee6e00cc240e79a4077d80d162a2cfe4e2"}
{"index": {"_index":"spt","_id":"2418858"}}
	{"id":2418858,"type":"buy","buyer":"ahmetay","seller":"brofi-market","symbol":"SPT","quantity":"2.678667","price":"0.00250048","timestamp":1640838849,"volume":"0.00669795","buyTxId":"3130d88fa47b1f7c1e1c7cdb282fe9eac0608fc2","sellTxId":"6c8087f88c262b8c89d2abbf384d5f96ec506919"}
{"index": {"_index":"spt","_id":"2418859"}}
	{"id":2418859,"type":"buy","buyer":"ahmetay","seller":"brofi-market","symbol":"SPT","quantity":"0.011063","price":"0.00250049","timestamp":1640838849,"volume":"0.00002766","buyTxId":"3130d88fa47b1f7c1e1c7cdb282fe9eac0608fc2","sellTxId":"c5ae4ce0ad044ba216002e16a2eebe6e185bb983"}
{"index": {"_index":"spt","_id":"2418860"}}
	{"id":2418860,"type":"buy","buyer":"ahmetay","seller":"dhedge-drips","symbol":"SPT","quantity":"0.026011","price":"0.00250049","timestamp":1640838849,"volume":"0.00006504","buyTxId":"3130d88fa47b1f7c1e1c7cdb282fe9eac0608fc2","sellTxId":"e98037053ad763239ecff249b454bf0229898be8"}
{"index": {"_index":"spt","_id":"2418861"}}
	{"id":2418861,"type":"buy","buyer":"ahmetay","seller":"kakakk","symbol":"SPT","quantity":"5857.060485","price":"0.00250050","timestamp":1640838849,"volume":"14.64557974","buyTxId":"3130d88fa47b1f7c1e1c7cdb282fe9eac0608fc2","sellTxId":"29beb32ccc3b2648c38191e1748d43eff275e31e"}
{"index": {"_index":"spt","_id":"2418862"}}
	{"id":2418862,"type":"buy","buyer":"ahmetay","seller":"dhedge-drips","symbol":"SPT","quantity":"0.003172","price":"0.00268888","timestamp":1640838849,"volume":"0.00000853","buyTxId":"3130d88fa47b1f7c1e1c7cdb282fe9eac0608fc2","sellTxId":"54235a1339b1f8867bde57164eb3cab86c6981e8"}
{"index": {"_index":"spt","_id":"2418863"}}
	{"id":2418863,"type":"buy","buyer":"ahmetay","seller":"brofi-market","symbol":"SPT","quantity":"0.266390","price":"0.00268888","timestamp":1640838849,"volume":"0.00071629","buyTxId":"3130d88fa47b1f7c1e1c7cdb282fe9eac0608fc2","sellTxId":"da2dcccd81967106ddebcfe1f46f7ddd6edfe8f0"}
{"index": {"_index":"spt","_id":"2418864"}}
	{"id":2418864,"type":"buy","buyer":"ahmetay","seller":"dhedge-drips","symbol":"SPT","quantity":"0.027511","price":"0.00268889","timestamp":1640838849,"volume":"0.00007397","buyTxId":"3130d88fa47b1f7c1e1c7cdb282fe9eac0608fc2","sellTxId":"62b8b64be850467a20439d402003c95bed08dc3e"}
{"index": {"_index":"spt","_id":"2418865"}}
	{"id":2418865,"type":"buy","buyer":"ahmetay","seller":"brofi-market","symbol":"SPT","quantity":"0.028555","price":"0.00268889","timestamp":1640838849,"volume":"0.00007678","buyTxId":"3130d88fa47b1f7c1e1c7cdb282fe9eac0608fc2","sellTxId":"535c370832e30a40d6ee0ee344a81f1476b3e0c8"}
{"index": {"_index":"spt","_id":"2418866"}}
	{"id":2418866,"type":"buy","buyer":"ahmetay","seller":"brofi-market","symbol":"SPT","quantity":"2.844598","price":"0.00268889","timestamp":1640838849,"volume":"0.00764881","buyTxId":"3130d88fa47b1f7c1e1c7cdb282fe9eac0608fc2","sellTxId":"1d4a9985596810802dfa0642023da9af31fbc215"}
{"index": {"_index":"spt","_id":"2418867"}}
	{"id":2418867,"type":"buy","buyer":"ahmetay","seller":"dhedge-drips","symbol":"SPT","quantity":"0.004842","price":"0.00268889","timestamp":1640838849,"volume":"0.00001302","buyTxId":"3130d88fa47b1f7c1e1c7cdb282fe9eac0608fc2","sellTxId":"04c131d8ad3be28997e8064c303f80b5997967df"}
{"index": {"_index":"spt","_id":"2418868"}}
	{"id":2418868,"type":"buy","buyer":"ahmetay","seller":"master-lamps","symbol":"SPT","quantity":"0.542000","price":"0.00268890","timestamp":1640838849,"volume":"0.00145738","buyTxId":"3130d88fa47b1f7c1e1c7cdb282fe9eac0608fc2","sellTxId":"379bfe9ce4483e6ff0da7152e1a717d0ac7c6d11"}
{"index": {"_index":"spt","_id":"2418869"}}
	{"id":2418869,"type":"buy","buyer":"ahmetay","seller":"brofi-market","symbol":"SPT","quantity":"0.289618","price":"0.00268899","timestamp":1640838849,"volume":"0.00077878","buyTxId":"3130d88fa47b1f7c1e1c7cdb282fe9eac0608fc2","sellTxId":"b85677443a98fb2aeb04660c2ccbf3f48cc4f2df"}
{"index": {"_index":"spt","_id":"2418870"}}
	{"id":2418870,"type":"buy","buyer":"ahmetay","seller":"brofi-market","symbol":"SPT","quantity":"0.003838","price":"0.00268999","timestamp":1640838849,"volume":"0.00001032","buyTxId":"3130d88fa47b1f7c1e1c7cdb282fe9eac0608fc2","sellTxId":"60fde5646778ccdc0c9521e91ff57f27efa5ea96"}
{"index": {"_index":"spt","_id":"2418871"}}
	{"id":2418871,"type":"buy","buyer":"ahmetay","seller":"b0mbax","symbol":"SPT","quantity":"595.141245","price":"0.00269000","timestamp":1640838849,"volume":"1.60092995","buyTxId":"3130d88fa47b1f7c1e1c7cdb282fe9eac0608fc2","sellTxId":"0076b1d154ed929b0332a61891c7f0f189a368df"}
{"index": {"_index":"spt","_id":"2418872"}}
	{"id":2418872,"type":"buy","buyer":"ahmetay","seller":"dhedge-drips","symbol":"SPT","quantity":"0.044612","price":"0.00269979","timestamp":1640838849,"volume":"0.00012044","buyTxId":"3130d88fa47b1f7c1e1c7cdb282fe9eac0608fc2","sellTxId":"5198df1c24c2af0649ba963518b0febf9b048922"}
{"index": {"_index":"spt","_id":"2418873"}}
	{"id":2418873,"type":"buy","buyer":"ahmetay","seller":"dhedge-drips","symbol":"SPT","quantity":"0.032019","price":"0.00269999","timestamp":1640838849,"volume":"0.00008645","buyTxId":"3130d88fa47b1f7c1e1c7cdb282fe9eac0608fc2","sellTxId":"4e1a15951cd73629f3dff866796281fbd9c4cbd0"}
{"index": {"_index":"spt","_id":"2418874"}}
	{"id":2418874,"type":"buy","buyer":"ahmetay","seller":"brofi-market","symbol":"SPT","quantity":"0.455643","price":"0.00269999","timestamp":1640838849,"volume":"0.00123023","buyTxId":"3130d88fa47b1f7c1e1c7cdb282fe9eac0608fc2","sellTxId":"ed70ad877f403f30c6e2db3f048ef868ef26c665"}
{"index": {"_index":"spt","_id":"2418875"}}
	{"id":2418875,"type":"buy","buyer":"ahmetay","seller":"brofi-market","symbol":"SPT","quantity":"3.299724","price":"0.00269999","timestamp":1640838849,"volume":"0.00890922","buyTxId":"3130d88fa47b1f7c1e1c7cdb282fe9eac0608fc2","sellTxId":"a8b21ccd69737998e896c4a7b0cd85a19d55703f"}
{"index": {"_index":"spt","_id":"2418876"}}
	{"id":2418876,"type":"buy","buyer":"ahmetay","seller":"kharma.scribbles","symbol":"SPT","quantity":"4.831503","price":"0.00270000","timestamp":1640838849,"volume":"0.01304506","buyTxId":"3130d88fa47b1f7c1e1c7cdb282fe9eac0608fc2","sellTxId":"505a7dd54cda178fd2a83a14071659a7294ec6a8"}
{"index": {"_index":"spt","_id":"2418877"}}
	{"id":2418877,"type":"buy","buyer":"ahmetay","seller":"tailcock","symbol":"SPT","quantity":"345.974648","price":"0.00270000","timestamp":1640838849,"volume":"0.93413155","buyTxId":"3130d88fa47b1f7c1e1c7cdb282fe9eac0608fc2","sellTxId":"c6cbd6a618ff6eca48bdab9f8ac0c66105d50dce"}
{"index": {"_index":"spt","_id":"2418878"}}
	{"id":2418878,"type":"buy","buyer":"ahmetay","seller":"brofi-market","symbol":"SPT","quantity":"0.006969","price":"0.00277998","timestamp":1640838849,"volume":"0.00001937","buyTxId":"3130d88fa47b1f7c1e1c7cdb282fe9eac0608fc2","sellTxId":"bb60ba2eee2bd1f581fd75382e241d37644fffd1"}
{"index": {"_index":"spt","_id":"2418879"}}
	{"id":2418879,"type":"buy","buyer":"ahmetay","seller":"laundrywoman","symbol":"SPT","quantity":"448.407456","price":"0.00277998","timestamp":1640838849,"volume":"1.24656376","buyTxId":"3130d88fa47b1f7c1e1c7cdb282fe9eac0608fc2","sellTxId":"689fbb56ae7164af509364f49f533892654e473b"}
{"index": {"_index":"spt","_id":"2418980"}}
	{"id":2418980,"type":"sell","buyer":"granddaddies","seller":"bitcoinflood","symbol":"SPT","quantity":"53.863684","price":"0.00250001","timestamp":1640840199,"volume":"0.13465975","buyTxId":"a78e6c1936822dac3334230c694906dc0b4917ca","sellTxId":"e8319a1dbe1d396ba354d4328f03c2782d6b46ff"}
{"index": {"_index":"spt","_id":"2419010"}}
	{"id":2419010,"type":"sell","buyer":"granddaddies","seller":"he-index","symbol":"SPT","quantity":"0.024000","price":"0.00250001","timestamp":1640840589,"volume":"0.00006000","buyTxId":"a78e6c1936822dac3334230c694906dc0b4917ca","sellTxId":"61b1372101d4d7e2d96faf1ca333fe677ab1adf4"}
{"index": {"_index":"spt","_id":"2419069"}}
	{"id":2419069,"type":"sell","buyer":"granddaddies","seller":"crispywatermelon","symbol":"SPT","quantity":"2.637516","price":"0.00250001","timestamp":1640841465,"volume":"0.00659382","buyTxId":"a78e6c1936822dac3334230c694906dc0b4917ca","sellTxId":"a8698e2b0bf2f625643dc5ea35b0df91443b5070"}
{"index": {"_index":"spt","_id":"2419114"}}
	{"id":2419114,"type":"buy","buyer":"spirits4you","seller":"laundrywoman","symbol":"SPT","quantity":"1178.947179","price":"0.00277998","timestamp":1640842242,"volume":"3.27744958","buyTxId":"28eb66365d3e9cda79b56d053cf00bf279e04295","sellTxId":"689fbb56ae7164af509364f49f533892654e473b"}
{"index": {"_index":"spt","_id":"2419142"}}
	{"id":2419142,"type":"sell","buyer":"granddaddies","seller":"walkingkeys","symbol":"SPT","quantity":"1622.154720","price":"0.00250001","timestamp":1640842572,"volume":"4.05540302","buyTxId":"a78e6c1936822dac3334230c694906dc0b4917ca","sellTxId":"54f45b5c66ed14690ad776a3fd266994601ff5f9"}
{"index": {"_index":"spt","_id":"2419406"}}
	{"id":2419406,"type":"sell","buyer":"granddaddies","seller":"mercurial9","symbol":"SPT","quantity":"369.264694","price":"0.00250001","timestamp":1640846052,"volume":"0.92316543","buyTxId":"a78e6c1936822dac3334230c694906dc0b4917ca","sellTxId":"e2f6fe9d2fdd52836aae7fe04b9b7e46a076cc5c"}
{"index": {"_index":"spt","_id":"2419549"}}
	{"id":2419549,"type":"sell","buyer":"granddaddies","seller":"blutengel","symbol":"SPT","quantity":"810.168074","price":"0.00250001","timestamp":1640847189,"volume":"2.02542829","buyTxId":"a78e6c1936822dac3334230c694906dc0b4917ca","sellTxId":"4f68e91897f405f152667f74bb12eb0ec04eb64b"}
{"index": {"_index":"spt","_id":"2419580"}}
	{"id":2419580,"type":"sell","buyer":"granddaddies","seller":"catomoon","symbol":"SPT","quantity":"1.036681","price":"0.00250001","timestamp":1640847420,"volume":"0.00259171","buyTxId":"a78e6c1936822dac3334230c694906dc0b4917ca","sellTxId":"93b4654d333dfb32eeb61af3874090cf8b380f51"}
{"index": {"_index":"spt","_id":"2419704"}}
	{"id":2419704,"type":"buy","buyer":"captainquack22","seller":"laundrywoman","symbol":"SPT","quantity":"647.486672","price":"0.00277998","timestamp":1640849070,"volume":"1.8","buyTxId":"9c508c3707c8bbde18467100390b28ec6dc6b341","sellTxId":"689fbb56ae7164af509364f49f533892654e473b"}
{"index": {"_index":"spt","_id":"2419918"}}
	{"id":2419918,"type":"buy","buyer":"norco10mg","seller":"laundrywoman","symbol":"SPT","quantity":"110.000000","price":"0.00277998","timestamp":1640851650,"volume":"0.30579780","buyTxId":"5dd0e715be72ec41f7fb434b37e4d46a6ec8a92c","sellTxId":"24c7868ee657574bf47914f20661e7c45b5466ca"}
{"index": {"_index":"spt","_id":"2419981"}}
	{"id":2419981,"type":"sell","buyer":"granddaddies","seller":"themarkymark","symbol":"SPT","quantity":"26.789000","price":"0.00250001","timestamp":1640852148,"volume":"0.06697277","buyTxId":"e61b5313d1632bf27d978d945997d6a5476a4caf","sellTxId":"dc3d8550d0ebc3d337a00d3c9c2c411868f05cc4"}
{"index": {"_index":"spt","_id":"2420031"}}
	{"id":2420031,"type":"sell","buyer":"granddaddies","seller":"eforucom","symbol":"SPT","quantity":"20.139469","price":"0.00250001","timestamp":1640852994,"volume":"0.05034887","buyTxId":"e61b5313d1632bf27d978d945997d6a5476a4caf","sellTxId":"2bfc2aebb149e0da0c941678fbb09db5f1ca2163"}
{"index": {"_index":"spt","_id":"2420312"}}
	{"id":2420312,"type":"sell","buyer":"granddaddies","seller":"assasin","symbol":"SPT","quantity":"2303.208146","price":"0.00250001","timestamp":1640855943,"volume":"5.75804340","buyTxId":"e61b5313d1632bf27d978d945997d6a5476a4caf","sellTxId":"d8da7160e29f96b471e9f538840c6fd0dd52f332"}
{"index": {"_index":"spt","_id":"2420466"}}
	{"id":2420466,"type":"sell","buyer":"granddaddies","seller":"kapitanrosomak","symbol":"SPT","quantity":"18.914570","price":"0.00250001","timestamp":1640857950,"volume":"0.04728661","buyTxId":"e61b5313d1632bf27d978d945997d6a5476a4caf","sellTxId":"eb676e939d67871bc2ac48db2905ca1a5b8affba"}
{"index": {"_index":"spt","_id":"2420866"}}
	{"id":2420866,"type":"buy","buyer":"samarek69","seller":"laundrywoman","symbol":"SPT","quantity":"2.276000","price":"0.00277998","timestamp":1640862369,"volume":"0.00632723","buyTxId":"3fa4d5fd155be727d8185c2a52c32ffc1fc0bf5d","sellTxId":"24c7868ee657574bf47914f20661e7c45b5466ca"}
{"index": {"_index":"spt","_id":"2421021"}}
	{"id":2421021,"type":"sell","buyer":"granddaddies","seller":"fedesox","symbol":"SPT","quantity":"529.087255","price":"0.00250001","timestamp":1640864508,"volume":"1.32272343","buyTxId":"e61b5313d1632bf27d978d945997d6a5476a4caf","sellTxId":"320489c86f2794a8e5e414edc25dd329b82432bd"}
{"index": {"_index":"spt","_id":"2421084"}}
	{"id":2421084,"type":"buy","buyer":"psychopumpkin","seller":"laundrywoman","symbol":"SPT","quantity":"5.590000","price":"0.00277998","timestamp":1640864919,"volume":"0.01554009","buyTxId":"0c19203f68db1221d85adcde1883ef8eebfa271b","sellTxId":"24c7868ee657574bf47914f20661e7c45b5466ca"}
{"index": {"_index":"spt","_id":"2421229"}}
	{"id":2421229,"type":"sell","buyer":"granddaddies","seller":"brofi-market","symbol":"SPT","quantity":"0.273921","price":"0.00250001","timestamp":1640866350,"volume":"0.00068481","buyTxId":"e61b5313d1632bf27d978d945997d6a5476a4caf","sellTxId":"8e1b25238dccf8ff92f2404b7e6c0511c5e72442"}
{"index": {"_index":"spt","_id":"2421435"}}
	{"id":2421435,"type":"sell","buyer":"granddaddies","seller":"dhedge-drips","symbol":"SPT","quantity":"0.026631","price":"0.00250001","timestamp":1640868378,"volume":"0.00006658","buyTxId":"e61b5313d1632bf27d978d945997d6a5476a4caf","sellTxId":"833b90972eb96fe12b8aac973a55fdeb8bfc41ff"}
{"index": {"_index":"spt","_id":"2421548"}}
	{"id":2421548,"type":"sell","buyer":"granddaddies","seller":"dswap","symbol":"SPT","quantity":"80","price":"0.00250001","timestamp":1640869407,"volume":"0.20000080","buyTxId":"e61b5313d1632bf27d978d945997d6a5476a4caf","sellTxId":"719f565d463d3ec3b2f262405a7791c292e9946c"}
{"index": {"_index":"spt","_id":"2422169"}}
	{"id":2422169,"type":"buy","buyer":"offgridlife","seller":"laundrywoman","symbol":"SPT","quantity":"100.000000","price":"0.00277998","timestamp":1640874438,"volume":"0.27799800","buyTxId":"f7b020b248d3d434c3b2149cf8a2d3e2539f226c","sellTxId":"24c7868ee657574bf47914f20661e7c45b5466ca"}
{"index": {"_index":"spt","_id":"2422457"}}
	{"id":2422457,"type":"buy","buyer":"world4play2earn","seller":"laundrywoman","symbol":"SPT","quantity":"5390.000000","price":"0.00277998","timestamp":1640876859,"volume":"14.98409220","buyTxId":"1e8b5e142b6871bc34f89e46e334802ca010d38d","sellTxId":"24c7868ee657574bf47914f20661e7c45b5466ca"}
{"index": {"_index":"spt","_id":"2422612"}}
	{"id":2422612,"type":"sell","buyer":"granddaddies","seller":"tanguero","symbol":"SPT","quantity":"2338.000000","price":"0.00250001","timestamp":1640878485,"volume":"5.84502338","buyTxId":"e61b5313d1632bf27d978d945997d6a5476a4caf","sellTxId":"4f982cd837295948f7c7ed659477a268c81ee119"}
{"index": {"_index":"spt","_id":"2422648"}}
	{"id":2422648,"type":"buy","buyer":"reseller","seller":"laundrywoman","symbol":"SPT","quantity":"132500.000000","price":"0.00277998","timestamp":1640878743,"volume":"368.34735000","buyTxId":"ee07cd98203ffabee23cc4d8877238356afe5f63","sellTxId":"24c7868ee657574bf47914f20661e7c45b5466ca"}
{"index": {"_index":"spt","_id":"2422738"}}
	{"id":2422738,"type":"buy","buyer":"reseller","seller":"laundrywoman","symbol":"SPT","quantity":"37543.000000","price":"0.00277998","timestamp":1640879565,"volume":"104.36878914","buyTxId":"96e8b1804d968f642bb7dbb548853bca74002a65","sellTxId":"24c7868ee657574bf47914f20661e7c45b5466ca"}
{"index": {"_index":"spt","_id":"2422800"}}
	{"id":2422800,"type":"buy","buyer":"reseller","seller":"laundrywoman","symbol":"SPT","quantity":"70820.134000","price":"0.00277998","timestamp":1640880027,"volume":"196.87855612","buyTxId":"fb5b8c1170df55967518854b2e45ed8021b70120","sellTxId":"24c7868ee657574bf47914f20661e7c45b5466ca"}
{"index": {"_index":"spt","_id":"2422801"}}
	{"id":2422801,"type":"buy","buyer":"reseller","seller":"brofi-market","symbol":"SPT","quantity":"0.273921","price":"0.00277998","timestamp":1640880027,"volume":"0.00076149","buyTxId":"fb5b8c1170df55967518854b2e45ed8021b70120","sellTxId":"ff2f467b6232edbfd867d525e947c6ce7f38e0ff"}
{"index": {"_index":"spt","_id":"2422802"}}
	{"id":2422802,"type":"buy","buyer":"reseller","seller":"dhedge-drips","symbol":"SPT","quantity":"0.026631","price":"0.00277998","timestamp":1640880027,"volume":"0.00007403","buyTxId":"fb5b8c1170df55967518854b2e45ed8021b70120","sellTxId":"b1f01977215a28b9c42d5ceddc2beb33965c3806"}
{"index": {"_index":"spt","_id":"2422803"}}
	{"id":2422803,"type":"buy","buyer":"reseller","seller":"brofi-market","symbol":"SPT","quantity":"2.210015","price":"0.00277999","timestamp":1640880027,"volume":"0.00614382","buyTxId":"fb5b8c1170df55967518854b2e45ed8021b70120","sellTxId":"2027dc8d8a35ca760fc85d0001ad0c2ce08ad912"}
{"index": {"_index":"spt","_id":"2422804"}}
	{"id":2422804,"type":"buy","buyer":"reseller","seller":"bcarolan639","symbol":"SPT","quantity":"10000.000000","price":"0.00277999","timestamp":1640880027,"volume":"27.79990000","buyTxId":"fb5b8c1170df55967518854b2e45ed8021b70120","sellTxId":"90290c3ce1d969070a6d0cffd73b566cb9a4f376"}
{"index": {"_index":"spt","_id":"2422805"}}
	{"id":2422805,"type":"buy","buyer":"reseller","seller":"sbi-tokens","symbol":"SPT","quantity":"21177.355433","price":"0.00278000","timestamp":1640880027,"volume":"58.87304810","buyTxId":"fb5b8c1170df55967518854b2e45ed8021b70120","sellTxId":"6294207fa989cfe50afbc01fc1e811196a4c8fbb"}
{"index": {"_index":"spt","_id":"2422872"}}
	{"id":2422872,"type":"sell","buyer":"granddaddies","seller":"brofi-market","symbol":"SPT","quantity":"0.858554","price":"0.00250001","timestamp":1640880720,"volume":"0.00214639","buyTxId":"e61b5313d1632bf27d978d945997d6a5476a4caf","sellTxId":"99a408a3efe02268bfb5ec80714fc399da6948f3"}
{"index": {"_index":"spt","_id":"2423036"}}
	{"id":2423036,"type":"buy","buyer":"captainquack22","seller":"sbi-tokens","symbol":"SPT","quantity":"546.762589","price":"0.00278000","timestamp":1640882493,"volume":"1.52","buyTxId":"b3953fbc27f98545f36f578a500fc5746cbd45e8","sellTxId":"6294207fa989cfe50afbc01fc1e811196a4c8fbb"}
{"index": {"_index":"spt","_id":"2423044"}}
	{"id":2423044,"type":"sell","buyer":"granddaddies","seller":"sharkthelion","symbol":"SPT","quantity":"140.826613","price":"0.00250001","timestamp":1640882586,"volume":"0.35206794","buyTxId":"e61b5313d1632bf27d978d945997d6a5476a4caf","sellTxId":"6f52b3f8206c6a1022e5f5d569ae4ae978dccf71"}
{"index": {"_index":"spt","_id":"2423154"}}
	{"id":2423154,"type":"sell","buyer":"granddaddies","seller":"eforucom","symbol":"SPT","quantity":"2.841066","price":"0.00250001","timestamp":1640883225,"volume":"0.00710269","buyTxId":"e61b5313d1632bf27d978d945997d6a5476a4caf","sellTxId":"f9234679b70bc51f3e1e8f69269a3243ab40db2e"}
{"index": {"_index":"spt","_id":"2423544"}}
	{"id":2423544,"type":"buy","buyer":"dessss","seller":"sbi-tokens","symbol":"SPT","quantity":"67.000000","price":"0.00278000","timestamp":1640886261,"volume":"0.18626000","buyTxId":"88382c9a8c7bc789a844a23e0902db1170d4dd8b","sellTxId":"6294207fa989cfe50afbc01fc1e811196a4c8fbb"}
{"index": {"_index":"spt","_id":"2423752"}}
	{"id":2423752,"type":"buy","buyer":"mythospheric","seller":"sbi-tokens","symbol":"SPT","quantity":"653.221498","price":"0.00278000","timestamp":1640887860,"volume":"1.81595576","buyTxId":"3e8e29807d80e2fe23ac59fb9bea7976e364c0fe","sellTxId":"6294207fa989cfe50afbc01fc1e811196a4c8fbb"}
{"index": {"_index":"spt","_id":"2423753"}}
	{"id":2423753,"type":"buy","buyer":"mythospheric","seller":"brofi-market","symbol":"SPT","quantity":"0.858554","price":"0.00278000","timestamp":1640887860,"volume":"0.00238678","buyTxId":"3e8e29807d80e2fe23ac59fb9bea7976e364c0fe","sellTxId":"651fb0a6c875fa533fe05cc8da6560ecb7ad0c71"}
{"index": {"_index":"spt","_id":"2423820"}}
	{"id":2423820,"type":"buy","buyer":"merchantsguild","seller":"brofi-market","symbol":"SPT","quantity":"7.646713","price":"0.00279999","timestamp":1640888574,"volume":"0.02141072","buyTxId":"e94a0d8e61fd61e1e7f9a94c3ec80794decb9994","sellTxId":"001828e26f31205c5dec939fc5a70b7d7ae3dd86"}
{"index": {"_index":"spt","_id":"2423821"}}
	{"id":2423821,"type":"buy","buyer":"merchantsguild","seller":"dhedge-drips","symbol":"SPT","quantity":"0.718407","price":"0.00279999","timestamp":1640888574,"volume":"0.00201153","buyTxId":"e94a0d8e61fd61e1e7f9a94c3ec80794decb9994","sellTxId":"64b30053b92594f3d8cede1b0d3cfadfac9ef384"}
{"index": {"_index":"spt","_id":"2423833"}}
	{"id":2423833,"type":"buy","buyer":"merchantsguild","seller":"karuna21","symbol":"SPT","quantity":"1185.000000","price":"0.00295990","timestamp":1640888664,"volume":"3.50748150","buyTxId":"6ae5ca6d3e3624f7ba5951f3747b4663cd855162","sellTxId":"f643184fe371daa78d00ac91850949467dab3f60"}
{"index": {"_index":"spt","_id":"2423849"}}
	{"id":2423849,"type":"buy","buyer":"merchantsguild","seller":"master-lamps","symbol":"SPT","quantity":"0.842000","price":"0.00313574","timestamp":1640888772,"volume":"0.00264029","buyTxId":"9b7199259dcdf93c315aa968de4478d5e820be73","sellTxId":"5d719d4162c68c05402878bc89d9239a98a57c7e"}
{"index": {"_index":"spt","_id":"2423949"}}
	{"id":2423949,"type":"sell","buyer":"merchantsguild","seller":"nrg","symbol":"SPT","quantity":"490.000000","price":"0.00251000","timestamp":1640889420,"volume":"1.22990000","buyTxId":"8d3da325c4f767398b028be01ce7d7de4b19882e","sellTxId":"010f4272875bf1382172b09a1de05ad715c26dff-8"}
{"index": {"_index":"spt","_id":"2423950"}}
	{"id":2423950,"type":"sell","buyer":"granddaddies","seller":"nrg","symbol":"SPT","quantity":"480.537994","price":"0.00250001","timestamp":1640889420,"volume":"1.20134979","buyTxId":"e61b5313d1632bf27d978d945997d6a5476a4caf","sellTxId":"010f4272875bf1382172b09a1de05ad715c26dff-8"}
{"index": {"_index":"spt","_id":"2423963"}}
	{"id":2423963,"type":"buy","buyer":"jongolson","seller":"ua-promoter","symbol":"SPT","quantity":"88.540000","price":"0.00314000","timestamp":1640889438,"volume":"0.27801560","buyTxId":"f470c356bca77b9053c2c6b1cade56f625bc91ed","sellTxId":"53eb093c8fe991bd2b612e4d60527552ef27dae1"}
{"index": {"_index":"spt","_id":"2423964"}}
	{"id":2423964,"type":"buy","buyer":"jongolson","seller":"he-index","symbol":"SPT","quantity":"0.033000","price":"0.00320998","timestamp":1640889438,"volume":"0.00010593","buyTxId":"f470c356bca77b9053c2c6b1cade56f625bc91ed","sellTxId":"74fbfacb7d9791ce6603cc9aecfc70aea27911cc"}
{"index": {"_index":"spt","_id":"2423965"}}
	{"id":2423965,"type":"buy","buyer":"jongolson","seller":"brofi-market","symbol":"SPT","quantity":"3.575063","price":"0.00320999","timestamp":1640889438,"volume":"0.01147592","buyTxId":"f470c356bca77b9053c2c6b1cade56f625bc91ed","sellTxId":"7f0b51da9962ab079e2dd427d09afe55d8e485d2"}
{"index": {"_index":"spt","_id":"2423966"}}
	{"id":2423966,"type":"buy","buyer":"jongolson","seller":"poliwalt10","symbol":"SPT","quantity":"23.238062","price":"0.00321000","timestamp":1640889438,"volume":"0.07459418","buyTxId":"f470c356bca77b9053c2c6b1cade56f625bc91ed","sellTxId":"896c3f64b0c0991006dfa3beb1f2595615e07a1b"}
{"index": {"_index":"spt","_id":"2423967"}}
	{"id":2423967,"type":"buy","buyer":"jongolson","seller":"brofi-market","symbol":"SPT","quantity":"0.027288","price":"0.00327489","timestamp":1640889438,"volume":"0.00008937","buyTxId":"f470c356bca77b9053c2c6b1cade56f625bc91ed","sellTxId":"75c6eab038d6346046619f26c763a20c56f64b8c"}
{"index": {"_index":"spt","_id":"2423968"}}
	{"id":2423968,"type":"buy","buyer":"jongolson","seller":"karuna21","symbol":"SPT","quantity":"884.586587","price":"0.00327790","timestamp":1640889438,"volume":"2.89958637","buyTxId":"f470c356bca77b9053c2c6b1cade56f625bc91ed","sellTxId":"378d190a37a12226c239a9137c9703605a715df7"}
{"index": {"_index":"spt","_id":"2424045"}}
	{"id":2424045,"type":"sell","buyer":"granddaddies","seller":"dhedge-drips","symbol":"SPT","quantity":"0.080489","price":"0.00250001","timestamp":1640889945,"volume":"0.00020122","buyTxId":"e61b5313d1632bf27d978d945997d6a5476a4caf","sellTxId":"88a1ac1b57f5777d35b042adf15bd23c60753b18"}
{"index": {"_index":"spt","_id":"2424116"}}
	{"id":2424116,"type":"sell","buyer":"granddaddies","seller":"cookieboyking","symbol":"SPT","quantity":"137.000000","price":"0.00250001","timestamp":1640890380,"volume":"0.34250137","buyTxId":"e61b5313d1632bf27d978d945997d6a5476a4caf","sellTxId":"c19e5d2442b72f170e4badceac2e8be31c7b305e"}
{"index": {"_index":"spt","_id":"2424292"}}
	{"id":2424292,"type":"sell","buyer":"technocrypton","seller":"chireerocks","symbol":"SPT","quantity":"25.018043","price":"0.00251000","timestamp":1640891817,"volume":"0.06279529","buyTxId":"bfe9840ae2d24e411a1575f26472a6a63bf61ab1","sellTxId":"edd02db9ab870807d9b48c4dc32d20433c839339"}
{"index": {"_index":"spt","_id":"2424371"}}
	{"id":2424371,"type":"sell","buyer":"technocrypton","seller":"ew-and-patterns","symbol":"SPT","quantity":"237.762992","price":"0.00251000","timestamp":1640892771,"volume":"0.59678511","buyTxId":"bfe9840ae2d24e411a1575f26472a6a63bf61ab1","sellTxId":"18aed64f6f6f7467bb7e94589b64fa1473ca4fff"}
{"index": {"_index":"spt","_id":"2424438"}}
	{"id":2424438,"type":"buy","buyer":"chireerocks","seller":"karuna21","symbol":"SPT","quantity":"668.000000","price":"0.00327790","timestamp":1640893413,"volume":"2.18963720","buyTxId":"69496ccac68ecf97b00a32aff92e94a04a12399f","sellTxId":"378d190a37a12226c239a9137c9703605a715df7"}
{"index": {"_index":"spt","_id":"2424577"}}
	{"id":2424577,"type":"buy","buyer":"he-index","seller":"karuna21","symbol":"SPT","quantity":"28.677000","price":"0.00327790","timestamp":1640894421,"volume":"0.09400034","buyTxId":"c3333b8a38936899e644c97be94722423e4094e6","sellTxId":"378d190a37a12226c239a9137c9703605a715df7"}
{"index": {"_index":"spt","_id":"2424615"}}
	{"id":2424615,"type":"sell","buyer":"speedtuning","seller":"brofi-market","symbol":"SPT","quantity":"0.556306","price":"0.00252000","timestamp":1640895111,"volume":"0.00140189","buyTxId":"59cc132b35df174acd2f4afbbc1066f38cc99fd2","sellTxId":"2f0d5190aebaa8d3c3b9b6bbbe4b23b17bbc4d3b"}
{"index": {"_index":"spt","_id":"2424782"}}
	{"id":2424782,"type":"sell","buyer":"brainslayer","seller":"chekohler","symbol":"SPT","quantity":"0.728613","price":"0.00252100","timestamp":1640897226,"volume":"0.00183683","buyTxId":"4299c336c47faa33159767b46df3fc6256ec3cfb","sellTxId":"99fcc36361777cc054cb3687eacf759c4bd9d949"}
{"index": {"_index":"spt","_id":"2424837"}}
	{"id":2424837,"type":"sell","buyer":"brainslayer","seller":"eddiespino","symbol":"SPT","quantity":"511.694662","price":"0.00252100","timestamp":1640897796,"volume":"1.28998224","buyTxId":"4299c336c47faa33159767b46df3fc6256ec3cfb","sellTxId":"f2e66ad4624bdab2f6f0d8939cb7f236fc494ad0"}
{"index": {"_index":"spt","_id":"2425061"}}
	{"id":2425061,"type":"buy","buyer":"darthdart","seller":"dbroze","symbol":"SPT","quantity":"310.000000","price":"0.00300000","timestamp":1640900364,"volume":"0.93000000","buyTxId":"dd85aa10b2ba640e7a57389c9c38a1ff45fb6f72","sellTxId":"b7ecf0676abbb1fb614b44b873afcd986d569c1c"}
{"index": {"_index":"spt","_id":"2425175"}}
	{"id":2425175,"type":"sell","buyer":"speedtuning","seller":"freeztag","symbol":"SPT","quantity":"439.142668","price":"0.00252000","timestamp":1640902329,"volume":"1.10663952","buyTxId":"59cc132b35df174acd2f4afbbc1066f38cc99fd2","sellTxId":"92e9f8e9fa864f50072c12d8cbda5b921d02c0b1"}
{"index": {"_index":"spt","_id":"2425604"}}
	{"id":2425604,"type":"buy","buyer":"phoenixd68","seller":"dbroze","symbol":"SPT","quantity":"300.000000","price":"0.00300000","timestamp":1640907246,"volume":"0.90000000","buyTxId":"61646f95987715b9c33a30c3123515c6f51149b5","sellTxId":"b7ecf0676abbb1fb614b44b873afcd986d569c1c"}
{"index": {"_index":"spt","_id":"2425716"}}
	{"id":2425716,"type":"sell","buyer":"speedtuning","seller":"sharkthelion","symbol":"SPT","quantity":"190.253566","price":"0.00252000","timestamp":1640908725,"volume":"0.47943899","buyTxId":"59cc132b35df174acd2f4afbbc1066f38cc99fd2","sellTxId":"84b193827040adc2e1c2fe098a998c4b32aebaf2"}
{"index": {"_index":"spt","_id":"2425809"}}
	{"id":2425809,"type":"sell","buyer":"signumpizza","seller":"brofi-market","symbol":"SPT","quantity":"2.778049","price":"0.00252000","timestamp":1640909697,"volume":"0.00700068","buyTxId":"226d8cb4113c61e2a22969b117bf9d4b951e2de6","sellTxId":"f0347ae8b89d4237b7fcd1a59750180f4ca67363"}
{"index": {"_index":"spt","_id":"2425832"}}
	{"id":2425832,"type":"sell","buyer":"signumpizza","seller":"hiveexplorers","symbol":"SPT","quantity":"15.787962","price":"0.00252000","timestamp":1640909853,"volume":"0.03978566","buyTxId":"226d8cb4113c61e2a22969b117bf9d4b951e2de6","sellTxId":"04f7196cf91d605a92d07288abdf822d5ca0b1ae"}
{"index": {"_index":"spt","_id":"2425898"}}
	{"id":2425898,"type":"buy","buyer":"ressonlelong","seller":"brofi-market","symbol":"SPT","quantity":"2.778049","price":"0.00279200","timestamp":1640910342,"volume":"0.00775631","buyTxId":"227477b51a2286c9adcc577d9e01f0e1a83258c7","sellTxId":"3f2f0d5bdf8fc5550b5664156987d07f7c3882f2"}
{"index": {"_index":"spt","_id":"2425899"}}
	{"id":2425899,"type":"sell","buyer":"ressonlelong","seller":"freeztag","symbol":"SPT","quantity":"16.221951","price":"0.00279200","timestamp":1640910348,"volume":"0.04529169","buyTxId":"227477b51a2286c9adcc577d9e01f0e1a83258c7","sellTxId":"1f47e1be8f42e25d2e5fc7cc4dbd76114be2bcc9"}
{"index": {"_index":"spt","_id":"2425900"}}
	{"id":2425900,"type":"sell","buyer":"signumpizza","seller":"freeztag","symbol":"SPT","quantity":"3331.677948","price":"0.00252000","timestamp":1640910348,"volume":"8.39582843","buyTxId":"226d8cb4113c61e2a22969b117bf9d4b951e2de6","sellTxId":"1f47e1be8f42e25d2e5fc7cc4dbd76114be2bcc9"}
{"index": {"_index":"spt","_id":"2425901"}}
	{"id":2425901,"type":"sell","buyer":"signumpizza","seller":"ocdb","symbol":"SPT","quantity":"327.179943","price":"0.00252000","timestamp":1640910348,"volume":"0.82449346","buyTxId":"226d8cb4113c61e2a22969b117bf9d4b951e2de6","sellTxId":"1573567d56fbeb6698174dc90822067d4852598a"}
{"index": {"_index":"spt","_id":"2425968"}}
	{"id":2425968,"type":"sell","buyer":"signumpizza","seller":"dhedge-drips","symbol":"SPT","quantity":"0.312595","price":"0.00252000","timestamp":1640911575,"volume":"0.00078774","buyTxId":"226d8cb4113c61e2a22969b117bf9d4b951e2de6","sellTxId":"4fa29a1c8823865acad4a89c666f991743fbfbbb"}
{"index": {"_index":"spt","_id":"2425979"}}
	{"id":2425979,"type":"buy","buyer":"thewycher","seller":"dbroze","symbol":"SPT","quantity":"48.615910","price":"0.00300000","timestamp":1640911644,"volume":"0.14584773","buyTxId":"e1189d4cab926fde8f5dd3ed2deb2c12d04867aa","sellTxId":"b7ecf0676abbb1fb614b44b873afcd986d569c1c"}
{"index": {"_index":"spt","_id":"2426187"}}
	{"id":2426187,"type":"buy","buyer":"lolzbot","seller":"dbroze","symbol":"SPT","quantity":"110.000000","price":"0.00300000","timestamp":1640914734,"volume":"0.33000000","buyTxId":"370efda7225365a5debb50197f29adea9a2e8fde","sellTxId":"b7ecf0676abbb1fb614b44b873afcd986d569c1c"}
{"index": {"_index":"spt","_id":"2426395"}}
	{"id":2426395,"type":"sell","buyer":"signumpizza","seller":"eforucom","symbol":"SPT","quantity":"56.461126","price":"0.00252000","timestamp":1640917950,"volume":"0.14228204","buyTxId":"226d8cb4113c61e2a22969b117bf9d4b951e2de6","sellTxId":"e26e5485270a78aa37d07e31388f3978adc01733"}
{"index": {"_index":"spt","_id":"2426548"}}
	{"id":2426548,"type":"buy","buyer":"druidsblood","seller":"dbroze","symbol":"SPT","quantity":"493.270002","price":"0.00300000","timestamp":1640919762,"volume":"1.47981001","buyTxId":"8eb40d99d6f6d018cd66328593583b180c453c1f","sellTxId":"b7ecf0676abbb1fb614b44b873afcd986d569c1c"}
{"index": {"_index":"spt","_id":"2426549"}}
	{"id":2426549,"type":"buy","buyer":"druidsblood","seller":"brofi-market","symbol":"SPT","quantity":"0.556306","price":"0.00300000","timestamp":1640919762,"volume":"0.00166892","buyTxId":"8eb40d99d6f6d018cd66328593583b180c453c1f","sellTxId":"55fca2785d2aee57a18f2a5341ff41d20f437db8"}
{"index": {"_index":"spt","_id":"2426550"}}
	{"id":2426550,"type":"buy","buyer":"druidsblood","seller":"rosiew","symbol":"SPT","quantity":"10506.173692","price":"0.00300000","timestamp":1640919762,"volume":"31.51852107","buyTxId":"8eb40d99d6f6d018cd66328593583b180c453c1f","sellTxId":"09d2e24133c93d85d55c9638921c4ff5897243c0"}
{"index": {"_index":"spt","_id":"2426574"}}
	{"id":2426574,"type":"buy","buyer":"druidsblood","seller":"rosiew","symbol":"SPT","quantity":"5000.000000","price":"0.00300000","timestamp":1640919903,"volume":"15.00000000","buyTxId":"378114780d37502c40171c49e597efdc4a84773a","sellTxId":"09d2e24133c93d85d55c9638921c4ff5897243c0"}
