{"index": {"_index":"spt","_id":"3960490"}}
	{"id":3960490,"type":"sell","buyer":"kitsuki","seller":"kxlm","symbol":"SPT","quantity":"0.007796","price":"0.00148211","timestamp":1658455602,"volume":"0.00001155","buyTxId":"dbedbc3866c3672e174eba3166dfd6e1a7791730","sellTxId":"5a2ecdd19c64bf8c10aefb4ac079023befe11fa8"}
{"index": {"_index":"spt","_id":"3960491"}}
	{"id":3960491,"type":"sell","buyer":"kitsuki","seller":"kxlm","symbol":"SPT","quantity":"125.000000","price":"0.00148211","timestamp":1658455602,"volume":"0.18526375","buyTxId":"dcf5158f73c1ca8adc6a3aebfe3786ece057ff1e","sellTxId":"5a2ecdd19c64bf8c10aefb4ac079023befe11fa8"}
{"index": {"_index":"spt","_id":"3960492"}}
	{"id":3960492,"type":"sell","buyer":"he-index","seller":"kxlm","symbol":"SPT","quantity":"22.266000","price":"0.00148211","timestamp":1658455602,"volume":"0.03300066","buyTxId":"c5855c3d1c0947d4e50cb00147abb76caac4a9e2","sellTxId":"5a2ecdd19c64bf8c10aefb4ac079023befe11fa8"}
{"index": {"_index":"spt","_id":"3960493"}}
	{"id":3960493,"type":"sell","buyer":"kitsuki","seller":"kxlm","symbol":"SPT","quantity":"250.000000","price":"0.00148209","timestamp":1658455602,"volume":"0.37052250","buyTxId":"c25fa2ceab009e826e218215cd750e7f49113c06","sellTxId":"5a2ecdd19c64bf8c10aefb4ac079023befe11fa8"}
{"index": {"_index":"spt","_id":"3960494"}}
	{"id":3960494,"type":"sell","buyer":"kitsuki","seller":"kxlm","symbol":"SPT","quantity":"250.000000","price":"0.00148209","timestamp":1658455602,"volume":"0.37052250","buyTxId":"bef9222bbc8959237ea4ca60b7956a9cf2924132","sellTxId":"5a2ecdd19c64bf8c10aefb4ac079023befe11fa8"}
{"index": {"_index":"spt","_id":"3960495"}}
	{"id":3960495,"type":"sell","buyer":"thewycher","seller":"kxlm","symbol":"SPT","quantity":"118.312545","price":"0.00148207","timestamp":1658455602,"volume":"0.17534747","buyTxId":"050bb1c1d5f623c9f11b846cf8daeb99e4631ab5","sellTxId":"5a2ecdd19c64bf8c10aefb4ac079023befe11fa8"}
{"index": {"_index":"spt","_id":"3960496"}}
	{"id":3960496,"type":"sell","buyer":"thewycher","seller":"kxlm","symbol":"SPT","quantity":"490.000000","price":"0.00148207","timestamp":1658455602,"volume":"0.72621430","buyTxId":"7cc038b34862852c035e3802a42e2982b23d6c96","sellTxId":"5a2ecdd19c64bf8c10aefb4ac079023befe11fa8"}
{"index": {"_index":"spt","_id":"3960497"}}
	{"id":3960497,"type":"sell","buyer":"thewycher","seller":"kxlm","symbol":"SPT","quantity":"490.000000","price":"0.00148207","timestamp":1658455602,"volume":"0.72621430","buyTxId":"7710890406484abe84efa8c4724a32ab56f4d03c","sellTxId":"5a2ecdd19c64bf8c10aefb4ac079023befe11fa8"}
{"index": {"_index":"spt","_id":"3960498"}}
	{"id":3960498,"type":"sell","buyer":"thewycher","seller":"kxlm","symbol":"SPT","quantity":"490.000000","price":"0.00148207","timestamp":1658455602,"volume":"0.72621430","buyTxId":"7e8cba8093856c386bf9d2e4f70a7c6fac6170de","sellTxId":"5a2ecdd19c64bf8c10aefb4ac079023befe11fa8"}
{"index": {"_index":"spt","_id":"3960499"}}
	{"id":3960499,"type":"sell","buyer":"thewycher","seller":"kxlm","symbol":"SPT","quantity":"490.000000","price":"0.00148207","timestamp":1658455602,"volume":"0.72621430","buyTxId":"535175a60713e151547176bc9e3cca5ce9c81705","sellTxId":"5a2ecdd19c64bf8c10aefb4ac079023befe11fa8"}
{"index": {"_index":"spt","_id":"3960500"}}
	{"id":3960500,"type":"sell","buyer":"thewycher","seller":"kxlm","symbol":"SPT","quantity":"490.000000","price":"0.00148207","timestamp":1658455602,"volume":"0.72621430","buyTxId":"2ed3eec615e5ee679e5323ee76c4fd09a6da1c6b","sellTxId":"5a2ecdd19c64bf8c10aefb4ac079023befe11fa8"}
{"index": {"_index":"spt","_id":"3960501"}}
	{"id":3960501,"type":"sell","buyer":"thewycher","seller":"kxlm","symbol":"SPT","quantity":"1.804588","price":"0.00148207","timestamp":1658455602,"volume":"0.00267453","buyTxId":"4e6abbdcf9db64e8b5953a6e973a603dcb96188f","sellTxId":"5a2ecdd19c64bf8c10aefb4ac079023befe11fa8"}
{"index": {"_index":"spt","_id":"3960544"}}
	{"id":3960544,"type":"sell","buyer":"thewycher","seller":"dr3am03","symbol":"SPT","quantity":"1.473298","price":"0.00148207","timestamp":1658455899,"volume":"0.00218353","buyTxId":"4e6abbdcf9db64e8b5953a6e973a603dcb96188f","sellTxId":"05f2feb330dc7b33fb5c59475a44067ad8ae4672"}
{"index": {"_index":"spt","_id":"3961149"}}
	{"id":3961149,"type":"sell","buyer":"thewycher","seller":"dswap","symbol":"SPT","quantity":"407.522521","price":"0.00160001","timestamp":1658464467,"volume":"0.65204011","buyTxId":"b9155de4bbd01b63a2cc88f0d86d64b2b31d6fb1","sellTxId":"4f924035b2b0ef92a410380b28f7a790456d7462"}
{"index": {"_index":"spt","_id":"3961258"}}
	{"id":3961258,"type":"sell","buyer":"thewycher","seller":"gringo94","symbol":"SPT","quantity":"82.477479","price":"0.00160001","timestamp":1658466045,"volume":"0.13196479","buyTxId":"b9155de4bbd01b63a2cc88f0d86d64b2b31d6fb1","sellTxId":"0dec5410ff605656295c6d8c8151d87867b35323"}
{"index": {"_index":"spt","_id":"3961259"}}
	{"id":3961259,"type":"sell","buyer":"thewycher","seller":"gringo94","symbol":"SPT","quantity":"65.766813","price":"0.00160001","timestamp":1658466045,"volume":"0.10522756","buyTxId":"e92713d052c3b56ea1a0f61ab4a65b7ac3704339","sellTxId":"0dec5410ff605656295c6d8c8151d87867b35323"}
{"index": {"_index":"spt","_id":"3961300"}}
	{"id":3961300,"type":"sell","buyer":"thewycher","seller":"e-r-k-a-n","symbol":"SPT","quantity":"424.233187","price":"0.00160001","timestamp":1658466432,"volume":"0.67877734","buyTxId":"e92713d052c3b56ea1a0f61ab4a65b7ac3704339","sellTxId":"7c153df1c7dd4ee12e1f4d1ed0ec085f6b6986fd"}
{"index": {"_index":"spt","_id":"3961301"}}
	{"id":3961301,"type":"sell","buyer":"thewycher","seller":"e-r-k-a-n","symbol":"SPT","quantity":"490.000000","price":"0.00160001","timestamp":1658466432,"volume":"0.78400490","buyTxId":"7a65fdb8a43e204cef2c0871d6d7a1b4e5e189b7","sellTxId":"7c153df1c7dd4ee12e1f4d1ed0ec085f6b6986fd"}
{"index": {"_index":"spt","_id":"3961302"}}
	{"id":3961302,"type":"sell","buyer":"thewycher","seller":"e-r-k-a-n","symbol":"SPT","quantity":"490.000000","price":"0.00160001","timestamp":1658466432,"volume":"0.78400490","buyTxId":"732e9950db8dccb8dba68f7f83e362e178175bf3","sellTxId":"7c153df1c7dd4ee12e1f4d1ed0ec085f6b6986fd"}
{"index": {"_index":"spt","_id":"3961303"}}
	{"id":3961303,"type":"sell","buyer":"thewycher","seller":"e-r-k-a-n","symbol":"SPT","quantity":"490.000000","price":"0.00160001","timestamp":1658466432,"volume":"0.78400490","buyTxId":"b40d06f4193cc63398f66c6ceff0aa8d532e839d","sellTxId":"7c153df1c7dd4ee12e1f4d1ed0ec085f6b6986fd"}
{"index": {"_index":"spt","_id":"3961304"}}
	{"id":3961304,"type":"sell","buyer":"thewycher","seller":"e-r-k-a-n","symbol":"SPT","quantity":"490.000000","price":"0.00160001","timestamp":1658466432,"volume":"0.78400490","buyTxId":"4392df575995236b1552666f3e4e2925e0d047c9","sellTxId":"7c153df1c7dd4ee12e1f4d1ed0ec085f6b6986fd"}
{"index": {"_index":"spt","_id":"3961305"}}
	{"id":3961305,"type":"sell","buyer":"thewycher","seller":"e-r-k-a-n","symbol":"SPT","quantity":"28.807512","price":"0.00160001","timestamp":1658466432,"volume":"0.04609231","buyTxId":"18abaa3916e25ab252636aba389cb555e63b4c68","sellTxId":"7c153df1c7dd4ee12e1f4d1ed0ec085f6b6986fd"}
{"index": {"_index":"spt","_id":"3961349"}}
	{"id":3961349,"type":"sell","buyer":"thewycher","seller":"themarkymark","symbol":"SPT","quantity":"5.385953","price":"0.00160001","timestamp":1658467206,"volume":"0.00861758","buyTxId":"18abaa3916e25ab252636aba389cb555e63b4c68","sellTxId":"9528e9c80493349d4459d5cc99424b844a15a4a7"}
{"index": {"_index":"spt","_id":"3961714"}}
	{"id":3961714,"type":"sell","buyer":"thewycher","seller":"splinter100dedos","symbol":"SPT","quantity":"29.564295","price":"0.00160001","timestamp":1658471550,"volume":"0.04730317","buyTxId":"18abaa3916e25ab252636aba389cb555e63b4c68","sellTxId":"9ec610801b101d84f82cf2a1b754b15dd17aa626"}
{"index": {"_index":"spt","_id":"3963079"}}
	{"id":3963079,"type":"sell","buyer":"onlydoge","seller":"deadsparrow","symbol":"SPT","quantity":"3821.834680","price":"0.00191000","timestamp":1658485260,"volume":"7.29970424","buyTxId":"8edbf38962a5d2d8a3bc87eae7f06b7c5cdcdef1","sellTxId":"2adcd76560439f2dbe43087903a7ede4db809831"}
{"index": {"_index":"spt","_id":"3963371"}}
	{"id":3963371,"type":"sell","buyer":"onlydoge","seller":"spiritsurge","symbol":"SPT","quantity":"5396.846538","price":"0.00191000","timestamp":1658489283,"volume":"10.30797689","buyTxId":"8edbf38962a5d2d8a3bc87eae7f06b7c5cdcdef1","sellTxId":"6465b4c8cfcb78bad1c06a60e91affbdcb305626"}
{"index": {"_index":"spt","_id":"3963416"}}
	{"id":3963416,"type":"buy","buyer":"dbooster","seller":"mypathtofire","symbol":"SPT","quantity":"30.703891","price":"0.00200000","timestamp":1658490078,"volume":"0.06140778","buyTxId":"31221ec1114e599c701da64846453b1081c5cfdb","sellTxId":"bd80d8e9b7242b334d0bc1edc3a874a460e6af99"}
{"index": {"_index":"spt","_id":"3963417"}}
	{"id":3963417,"type":"buy","buyer":"dbooster","seller":"dubble.eth","symbol":"SPT","quantity":"32.055844","price":"0.00200000","timestamp":1658490078,"volume":"0.06411169","buyTxId":"31221ec1114e599c701da64846453b1081c5cfdb","sellTxId":"728a1ff4a32a7b04bdf52e0ae15654f07f58a5c9"}
{"index": {"_index":"spt","_id":"3963418"}}
	{"id":3963418,"type":"buy","buyer":"dbooster","seller":"saachi","symbol":"SPT","quantity":"175.000000","price":"0.00205000","timestamp":1658490078,"volume":"0.35875000","buyTxId":"31221ec1114e599c701da64846453b1081c5cfdb","sellTxId":"ccca1c363368bef2a9ba428a5c56c4d4b8ce689b"}
{"index": {"_index":"spt","_id":"3963419"}}
	{"id":3963419,"type":"buy","buyer":"dbooster","seller":"kitsuki","symbol":"SPT","quantity":"50.000000","price":"0.00208944","timestamp":1658490078,"volume":"0.10447200","buyTxId":"31221ec1114e599c701da64846453b1081c5cfdb","sellTxId":"004679f3dd3a824cd7b6764fdbf121c83640cbe5"}
{"index": {"_index":"spt","_id":"3963420"}}
	{"id":3963420,"type":"buy","buyer":"dbooster","seller":"kitsuki","symbol":"SPT","quantity":"50.000000","price":"0.00208944","timestamp":1658490078,"volume":"0.10447200","buyTxId":"31221ec1114e599c701da64846453b1081c5cfdb","sellTxId":"276e8eb2a5f77f06de1e0e0decdaa189161e7730"}
{"index": {"_index":"spt","_id":"3963421"}}
	{"id":3963421,"type":"buy","buyer":"dbooster","seller":"kitsuki","symbol":"SPT","quantity":"162.240265","price":"0.00208945","timestamp":1658490078,"volume":"0.33899292","buyTxId":"31221ec1114e599c701da64846453b1081c5cfdb","sellTxId":"3c29444c98992c95e3f9bce03aeabcb1faf0a474"}
{"index": {"_index":"spt","_id":"3963491"}}
	{"id":3963491,"type":"sell","buyer":"onlydoge","seller":"socialmediaseo","symbol":"SPT","quantity":"20.333273","price":"0.00191000","timestamp":1658491110,"volume":"0.03883655","buyTxId":"8edbf38962a5d2d8a3bc87eae7f06b7c5cdcdef1","sellTxId":"0a13d489b248d298fa19aac2979cf260ed9d24ca"}
{"index": {"_index":"spt","_id":"3963667"}}
	{"id":3963667,"type":"buy","buyer":"dotwin1981","seller":"kitsuki","symbol":"SPT","quantity":"123.880735","price":"0.00208945","timestamp":1658493018,"volume":"0.25884260","buyTxId":"f9c362c360cd890fa59d96b1827388e0317bcf63","sellTxId":"3c29444c98992c95e3f9bce03aeabcb1faf0a474"}
{"index": {"_index":"spt","_id":"3963668"}}
	{"id":3963668,"type":"buy","buyer":"dotwin1981","seller":"kitsuki","symbol":"SPT","quantity":"286.121000","price":"0.00208945","timestamp":1658493018,"volume":"0.59783552","buyTxId":"f9c362c360cd890fa59d96b1827388e0317bcf63","sellTxId":"bb6379ca00ef3cb789a3a6ecee721432f14898fd"}
{"index": {"_index":"spt","_id":"3963669"}}
	{"id":3963669,"type":"buy","buyer":"dotwin1981","seller":"onlydoge","symbol":"SPT","quantity":"3821.834680","price":"0.00209000","timestamp":1658493018,"volume":"7.98763448","buyTxId":"f9c362c360cd890fa59d96b1827388e0317bcf63","sellTxId":"780352f89e24895587d1280ba26e836c5c8de13f"}
{"index": {"_index":"spt","_id":"3963670"}}
	{"id":3963670,"type":"buy","buyer":"dotwin1981","seller":"underlock","symbol":"SPT","quantity":"5210.852199","price":"0.00209980","timestamp":1658493018,"volume":"10.94174745","buyTxId":"f9c362c360cd890fa59d96b1827388e0317bcf63","sellTxId":"d2eacdcbde6a88b0f976b72869ffd2a5c6dae3d6"}
{"index": {"_index":"spt","_id":"3963671"}}
	{"id":3963671,"type":"buy","buyer":"dotwin1981","seller":"jfang003","symbol":"SPT","quantity":"2328.145439","price":"0.00210000","timestamp":1658493018,"volume":"4.88910542","buyTxId":"f9c362c360cd890fa59d96b1827388e0317bcf63","sellTxId":"fe56eecaf33ad2b4905cf29725059018b51eafc8"}
{"index": {"_index":"spt","_id":"3963672"}}
	{"id":3963672,"type":"buy","buyer":"dotwin1981","seller":"muzehan","symbol":"SPT","quantity":"1000.000000","price":"0.00210000","timestamp":1658493018,"volume":"2.10000000","buyTxId":"f9c362c360cd890fa59d96b1827388e0317bcf63","sellTxId":"0f91dd2fbad43b334060d7648ec6ce92419fccf3"}
{"index": {"_index":"spt","_id":"3963673"}}
	{"id":3963673,"type":"buy","buyer":"dotwin1981","seller":"lordtimoty","symbol":"SPT","quantity":"3442.474477","price":"0.00212800","timestamp":1658493018,"volume":"7.32558569","buyTxId":"f9c362c360cd890fa59d96b1827388e0317bcf63","sellTxId":"c2f0d114d393f0d229af4372aa18d565c23da6b6"}
{"index": {"_index":"spt","_id":"3963674"}}
	{"id":3963674,"type":"buy","buyer":"dotwin1981","seller":"greengineer","symbol":"SPT","quantity":"3300.880344","price":"0.00212899","timestamp":1658493018,"volume":"7.02754124","buyTxId":"f9c362c360cd890fa59d96b1827388e0317bcf63","sellTxId":"5bf0bb9f37955804c9c1c9921948881bab98db6d"}
{"index": {"_index":"spt","_id":"3963675"}}
	{"id":3963675,"type":"buy","buyer":"dotwin1981","seller":"shinoxl","symbol":"SPT","quantity":"760.321652","price":"0.00212899","timestamp":1658493018,"volume":"1.61871719","buyTxId":"f9c362c360cd890fa59d96b1827388e0317bcf63","sellTxId":"30d259cb6dc1de21a36c6ec20456dd914b7213f1"}
{"index": {"_index":"spt","_id":"3963676"}}
	{"id":3963676,"type":"buy","buyer":"dotwin1981","seller":"tabs1250","symbol":"SPT","quantity":"1956.471968","price":"0.00213899","timestamp":1658493018,"volume":"4.18487397","buyTxId":"f9c362c360cd890fa59d96b1827388e0317bcf63","sellTxId":"68a88f860c61612ad8375fa9e59cb487c0d81fa7"}
{"index": {"_index":"spt","_id":"3963677"}}
	{"id":3963677,"type":"buy","buyer":"dotwin1981","seller":"norseland","symbol":"SPT","quantity":"3569.017506","price":"0.00218825","timestamp":1658493018,"volume":"7.80990256","buyTxId":"f9c362c360cd890fa59d96b1827388e0317bcf63","sellTxId":"92411e74b7d6602cc11d6aad9f98d9ccb0734a8c"}
{"index": {"_index":"spt","_id":"3963823"}}
	{"id":3963823,"type":"sell","buyer":"onlydoge","seller":"zallin","symbol":"SPT","quantity":"1232.189689","price":"0.00191000","timestamp":1658494176,"volume":"2.35348230","buyTxId":"8edbf38962a5d2d8a3bc87eae7f06b7c5cdcdef1","sellTxId":"7dee4615c069c7c941c72d02924785ab24b6cf90"}
{"index": {"_index":"spt","_id":"3963824"}}
	{"id":3963824,"type":"sell","buyer":"thewycher","seller":"zallin","symbol":"SPT","quantity":"426.242240","price":"0.00160001","timestamp":1658494176,"volume":"0.68199184","buyTxId":"18abaa3916e25ab252636aba389cb555e63b4c68","sellTxId":"7dee4615c069c7c941c72d02924785ab24b6cf90"}
{"index": {"_index":"spt","_id":"3963825"}}
	{"id":3963825,"type":"sell","buyer":"thewycher","seller":"zallin","symbol":"SPT","quantity":"490.000000","price":"0.00160001","timestamp":1658494176,"volume":"0.78400490","buyTxId":"3968671cf6ee91c6b679803d81ac6f357993d3d6","sellTxId":"7dee4615c069c7c941c72d02924785ab24b6cf90"}
{"index": {"_index":"spt","_id":"3963826"}}
	{"id":3963826,"type":"sell","buyer":"thewycher","seller":"zallin","symbol":"SPT","quantity":"490.000000","price":"0.00160001","timestamp":1658494176,"volume":"0.78400490","buyTxId":"8b25237c881c1905acc944086ff18aa3b7f10231","sellTxId":"7dee4615c069c7c941c72d02924785ab24b6cf90"}
{"index": {"_index":"spt","_id":"3963827"}}
	{"id":3963827,"type":"sell","buyer":"thewycher","seller":"zallin","symbol":"SPT","quantity":"490.000000","price":"0.00160001","timestamp":1658494176,"volume":"0.78400490","buyTxId":"a7a493302e72419a09cf35901a78d3f46c955cb1","sellTxId":"7dee4615c069c7c941c72d02924785ab24b6cf90"}
{"index": {"_index":"spt","_id":"3963828"}}
	{"id":3963828,"type":"sell","buyer":"thewycher","seller":"zallin","symbol":"SPT","quantity":"490.000000","price":"0.00160001","timestamp":1658494176,"volume":"0.78400490","buyTxId":"371b058dd2b35812d0dcc6181e53523d805a6560","sellTxId":"7dee4615c069c7c941c72d02924785ab24b6cf90"}
{"index": {"_index":"spt","_id":"3963829"}}
	{"id":3963829,"type":"sell","buyer":"thewycher","seller":"zallin","symbol":"SPT","quantity":"159.404236","price":"0.00160001","timestamp":1658494176,"volume":"0.25504837","buyTxId":"30442ed4ea3980fc192ce4b8e1aea07a911d2589","sellTxId":"7dee4615c069c7c941c72d02924785ab24b6cf90"}
{"index": {"_index":"spt","_id":"3964004"}}
	{"id":3964004,"type":"sell","buyer":"thewycher","seller":"felipejoys","symbol":"SPT","quantity":"330.595764","price":"0.00160001","timestamp":1658496129,"volume":"0.52895653","buyTxId":"30442ed4ea3980fc192ce4b8e1aea07a911d2589","sellTxId":"1be3ce9c9c912bee23468efb5e099aad9347c14b"}
{"index": {"_index":"spt","_id":"3964005"}}
	{"id":3964005,"type":"sell","buyer":"thewycher","seller":"felipejoys","symbol":"SPT","quantity":"490.000000","price":"0.00160001","timestamp":1658496129,"volume":"0.78400490","buyTxId":"2f2124b4ec1aea6bbca6b119396cbdfbbf39494c","sellTxId":"1be3ce9c9c912bee23468efb5e099aad9347c14b"}
{"index": {"_index":"spt","_id":"3964006"}}
	{"id":3964006,"type":"sell","buyer":"thewycher","seller":"felipejoys","symbol":"SPT","quantity":"490.000000","price":"0.00160001","timestamp":1658496129,"volume":"0.78400490","buyTxId":"5a2890ca9d1cf8221178214fe49756b3c2c53f20","sellTxId":"1be3ce9c9c912bee23468efb5e099aad9347c14b"}
{"index": {"_index":"spt","_id":"3964007"}}
	{"id":3964007,"type":"sell","buyer":"thewycher","seller":"felipejoys","symbol":"SPT","quantity":"400.802823","price":"0.00160001","timestamp":1658496129,"volume":"0.64128852","buyTxId":"daea1a4580358014421099fa56ce481eb515f24f","sellTxId":"1be3ce9c9c912bee23468efb5e099aad9347c14b"}
{"index": {"_index":"spt","_id":"3964568"}}
	{"id":3964568,"type":"sell","buyer":"kitsuki","seller":"relf87","symbol":"SPT","quantity":"50.000000","price":"0.00160003","timestamp":1658502060,"volume":"0.08000150","buyTxId":"b19f52446ef36809df009333b67f4480a4a2bab7","sellTxId":"7c34cad355f4ee03665eacc29293fa98fdd7e896"}
{"index": {"_index":"spt","_id":"3964569"}}
	{"id":3964569,"type":"sell","buyer":"thewycher","seller":"relf87","symbol":"SPT","quantity":"50.000000","price":"0.00160001","timestamp":1658502060,"volume":"0.08000050","buyTxId":"daea1a4580358014421099fa56ce481eb515f24f","sellTxId":"7c34cad355f4ee03665eacc29293fa98fdd7e896"}
{"index": {"_index":"spt","_id":"3964778"}}
	{"id":3964778,"type":"sell","buyer":"kitsuki","seller":"titopx","symbol":"SPT","quantity":"96.680683","price":"0.00160010","timestamp":1658504499,"volume":"0.15469876","buyTxId":"14ec9fb00c4eb4e2fff4bf8831fc6cfb7f07917c","sellTxId":"62ab44cce6ccaa0faff046cc000ba45e163c2516"}
{"index": {"_index":"spt","_id":"3965598"}}
	{"id":3965598,"type":"sell","buyer":"kitsuki","seller":"bitcoinflood","symbol":"SPT","quantity":"23.319317","price":"0.00160010","timestamp":1658512962,"volume":"0.03731324","buyTxId":"14ec9fb00c4eb4e2fff4bf8831fc6cfb7f07917c","sellTxId":"95e7f7dae25803f08d120a04f71e512bff503f5a"}
{"index": {"_index":"spt","_id":"3965599"}}
	{"id":3965599,"type":"sell","buyer":"kitsuki","seller":"bitcoinflood","symbol":"SPT","quantity":"70.264354","price":"0.00160010","timestamp":1658512962,"volume":"0.11242999","buyTxId":"fcf4b2401884e6f180e25d39cdcc6d69410fb21b","sellTxId":"95e7f7dae25803f08d120a04f71e512bff503f5a"}
{"index": {"_index":"spt","_id":"3965601"}}
	{"id":3965601,"type":"sell","buyer":"kitsuki","seller":"catomoon","symbol":"SPT","quantity":"5.170591","price":"0.00160010","timestamp":1658512998,"volume":"0.00827346","buyTxId":"fcf4b2401884e6f180e25d39cdcc6d69410fb21b","sellTxId":"3b6e4ea7a88626c1a4dcef270487237180903837"}
{"index": {"_index":"spt","_id":"3965907"}}
	{"id":3965907,"type":"sell","buyer":"kitsuki","seller":"mightyrocklee","symbol":"SPT","quantity":"154.565055","price":"0.00160010","timestamp":1658516385,"volume":"0.24731954","buyTxId":"fcf4b2401884e6f180e25d39cdcc6d69410fb21b","sellTxId":"97445d12c64c87f8314a6395bae515f2df3a601a"}
{"index": {"_index":"spt","_id":"3965929"}}
	{"id":3965929,"type":"buy","buyer":"pjansen","seller":"mightyrocklee","symbol":"SPT","quantity":"720.017498","price":"0.00160010","timestamp":1658516466,"volume":"1.1521","buyTxId":"de428469ce97b0c245763f7152f502da69ab3f4e","sellTxId":"97445d12c64c87f8314a6395bae515f2df3a601a"}
{"index": {"_index":"spt","_id":"3966281"}}
	{"id":3966281,"type":"buy","buyer":"he-index","seller":"mightyrocklee","symbol":"SPT","quantity":"0.022118","price":"0.00160010","timestamp":1658519298,"volume":"0.00003539","buyTxId":"6b935314c00bff079449d280fc6a43162585f595","sellTxId":"97445d12c64c87f8314a6395bae515f2df3a601a"}
{"index": {"_index":"spt","_id":"3966302"}}
	{"id":3966302,"type":"sell","buyer":"he-index","seller":"mightyrocklee","symbol":"SPT","quantity":"9.351882","price":"0.00160010","timestamp":1658519541,"volume":"0.01496395","buyTxId":"6b935314c00bff079449d280fc6a43162585f595","sellTxId":"bc306e45d22c921173bd041f1f19999b4323b1c7"}
{"index": {"_index":"spt","_id":"3966317"}}
	{"id":3966317,"type":"sell","buyer":"thewycher","seller":"captainquack22","symbol":"SPT","quantity":"39.197177","price":"0.00160001","timestamp":1658519895,"volume":"0.06271588","buyTxId":"daea1a4580358014421099fa56ce481eb515f24f","sellTxId":"00d2d7a44cdd04bc2cf3faacc0b01094d04e64f3"}
{"index": {"_index":"spt","_id":"3966318"}}
	{"id":3966318,"type":"sell","buyer":"thewycher","seller":"captainquack22","symbol":"SPT","quantity":"490.000000","price":"0.00160001","timestamp":1658519895,"volume":"0.78400490","buyTxId":"e380f7f8b70ab619224465c903ee0cacc5e44ecf","sellTxId":"00d2d7a44cdd04bc2cf3faacc0b01094d04e64f3"}
{"index": {"_index":"spt","_id":"3966319"}}
	{"id":3966319,"type":"sell","buyer":"thewycher","seller":"captainquack22","symbol":"SPT","quantity":"490.000000","price":"0.00160001","timestamp":1658519895,"volume":"0.78400490","buyTxId":"212ae2220a1989bfd9c14116c8927344a7e40ba8","sellTxId":"00d2d7a44cdd04bc2cf3faacc0b01094d04e64f3"}
{"index": {"_index":"spt","_id":"3966320"}}
	{"id":3966320,"type":"sell","buyer":"thewycher","seller":"captainquack22","symbol":"SPT","quantity":"490.000000","price":"0.00160001","timestamp":1658519895,"volume":"0.78400490","buyTxId":"19344809377a58f23ebe45e1d81e8b135b5e1efb","sellTxId":"00d2d7a44cdd04bc2cf3faacc0b01094d04e64f3"}
{"index": {"_index":"spt","_id":"3966321"}}
	{"id":3966321,"type":"sell","buyer":"thewycher","seller":"captainquack22","symbol":"SPT","quantity":"490.000000","price":"0.00160001","timestamp":1658519895,"volume":"0.78400490","buyTxId":"aac224fa75107a231ccd8d780e7f416cd67dbc9b","sellTxId":"00d2d7a44cdd04bc2cf3faacc0b01094d04e64f3"}
{"index": {"_index":"spt","_id":"3966322"}}
	{"id":3966322,"type":"sell","buyer":"thewycher","seller":"captainquack22","symbol":"SPT","quantity":"490.000000","price":"0.00160001","timestamp":1658519895,"volume":"0.78400490","buyTxId":"bfb20138294a098b90ff466ab99bdbe814d6c40e","sellTxId":"00d2d7a44cdd04bc2cf3faacc0b01094d04e64f3"}
{"index": {"_index":"spt","_id":"3966323"}}
	{"id":3966323,"type":"sell","buyer":"thewycher","seller":"captainquack22","symbol":"SPT","quantity":"490.000000","price":"0.00160001","timestamp":1658519895,"volume":"0.78400490","buyTxId":"8e10ad29baa68e943521a57d086ad430da048e30","sellTxId":"00d2d7a44cdd04bc2cf3faacc0b01094d04e64f3"}
{"index": {"_index":"spt","_id":"3966324"}}
	{"id":3966324,"type":"sell","buyer":"thewycher","seller":"captainquack22","symbol":"SPT","quantity":"490.000000","price":"0.00160001","timestamp":1658519895,"volume":"0.78400490","buyTxId":"97f0d627e50bc1f9c8fe09ec074e0b32e892b265","sellTxId":"00d2d7a44cdd04bc2cf3faacc0b01094d04e64f3"}
{"index": {"_index":"spt","_id":"3966325"}}
	{"id":3966325,"type":"sell","buyer":"thewycher","seller":"captainquack22","symbol":"SPT","quantity":"178.179255","price":"0.00160001","timestamp":1658519895,"volume":"0.28508859","buyTxId":"5376925b008c2c77ebb69c7505cd1f37f15c8d9f","sellTxId":"00d2d7a44cdd04bc2cf3faacc0b01094d04e64f3"}
{"index": {"_index":"spt","_id":"3966326"}}
	{"id":3966326,"type":"sell","buyer":"thewycher","seller":"captainquack22","symbol":"SPT","quantity":"342.623568","price":"0.00160001","timestamp":1658519895,"volume":"0.54820114","buyTxId":"3bc096fa705999012875ce44f5fa9223ba3e37ce","sellTxId":"00d2d7a44cdd04bc2cf3faacc0b01094d04e64f3"}
{"index": {"_index":"spt","_id":"3966331"}}
	{"id":3966331,"type":"buy","buyer":"pjansen","seller":"mightyrocklee","symbol":"SPT","quantity":"33.615554","price":"0.00160010","timestamp":1658519928,"volume":"0.05378825","buyTxId":"9831779917d751432f49867f3cdb36f141a93e19","sellTxId":"bc306e45d22c921173bd041f1f19999b4323b1c7"}
{"index": {"_index":"spt","_id":"3966332"}}
	{"id":3966332,"type":"buy","buyer":"pjansen","seller":"thranax","symbol":"SPT","quantity":"0.005595","price":"0.00210000","timestamp":1658519928,"volume":"0.00001175","buyTxId":"9831779917d751432f49867f3cdb36f141a93e19","sellTxId":"ae395746072500edfd03f31f121d385195ad8dc8"}
{"index": {"_index":"spt","_id":"3966475"}}
	{"id":3966475,"type":"sell","buyer":"kitsuki","seller":"mawit07","symbol":"SPT","quantity":"120.000000","price":"0.00160003","timestamp":1658521632,"volume":"0.19200360","buyTxId":"f886de95b38d4ab4d82ad796497a1a91b5b7808b","sellTxId":"0c4814276b546449ff84679699c1ea6bc165e98e"}
{"index": {"_index":"spt","_id":"3966476"}}
	{"id":3966476,"type":"sell","buyer":"thewycher","seller":"mawit07","symbol":"SPT","quantity":"147.376432","price":"0.00160001","timestamp":1658521632,"volume":"0.23580376","buyTxId":"3bc096fa705999012875ce44f5fa9223ba3e37ce","sellTxId":"0c4814276b546449ff84679699c1ea6bc165e98e"}
{"index": {"_index":"spt","_id":"3966477"}}
	{"id":3966477,"type":"sell","buyer":"thewycher","seller":"mawit07","symbol":"SPT","quantity":"489.332751","price":"0.00160001","timestamp":1658521632,"volume":"0.78293729","buyTxId":"13194e671278d8a6a32030a5bbe20cbd9f256e8f","sellTxId":"0c4814276b546449ff84679699c1ea6bc165e98e"}
{"index": {"_index":"spt","_id":"3966648"}}
	{"id":3966648,"type":"sell","buyer":"thewycher","seller":"zakludick","symbol":"SPT","quantity":"0.667249","price":"0.00160001","timestamp":1658523903,"volume":"0.00106761","buyTxId":"13194e671278d8a6a32030a5bbe20cbd9f256e8f","sellTxId":"db80a051909a930fbbad560ff8983f06eeaad322"}
{"index": {"_index":"spt","_id":"3966649"}}
	{"id":3966649,"type":"sell","buyer":"thewycher","seller":"zakludick","symbol":"SPT","quantity":"6.604904","price":"0.00160001","timestamp":1658523903,"volume":"0.01056791","buyTxId":"2ea2d049a790404c275e568160262efd39c4cbef","sellTxId":"db80a051909a930fbbad560ff8983f06eeaad322"}
{"index": {"_index":"spt","_id":"3967469"}}
	{"id":3967469,"type":"sell","buyer":"kitsuki","seller":"alexandrzombi","symbol":"SPT","quantity":"0.000006","price":"0.00160003","timestamp":1658536290,"volume":"0.00000001","buyTxId":"2e2537d71ce3008a54b72fd791f73993ea92e2ee","sellTxId":"6e350fa7d1d8287d3755d5a529920a1d821095a1"}
{"index": {"_index":"spt","_id":"3967585"}}
	{"id":3967585,"type":"sell","buyer":"kitsuki","seller":"mypathtofire","symbol":"SPT","quantity":"2.854468","price":"0.00160003","timestamp":1658537841,"volume":"0.00456723","buyTxId":"2e2537d71ce3008a54b72fd791f73993ea92e2ee","sellTxId":"8e5ddf2e952dfd3776b50b83ba233b0cbde07b56"}
{"index": {"_index":"spt","_id":"3967671"}}
	{"id":3967671,"type":"sell","buyer":"kitsuki","seller":"backinblackdevil","symbol":"SPT","quantity":"20.904918","price":"0.00160003","timestamp":1658539542,"volume":"0.03344850","buyTxId":"2e2537d71ce3008a54b72fd791f73993ea92e2ee","sellTxId":"d5efec9fb16663fb585e4da4b511f55a040aa473"}
{"index": {"_index":"spt","_id":"3967695"}}
	{"id":3967695,"type":"buy","buyer":"jongolson","seller":"droida","symbol":"SPT","quantity":"3.733946","price":"0.00208999","timestamp":1658539899,"volume":"0.00780391","buyTxId":"33b09a5f37b4d67fe878826fa0b7d62316aae7c3","sellTxId":"a002f3fc9f225408933bcb7655c563f72f79cf46"}
{"index": {"_index":"spt","_id":"3967696"}}
	{"id":3967696,"type":"buy","buyer":"jongolson","seller":"kitsuki","symbol":"SPT","quantity":"120.000000","price":"0.00208999","timestamp":1658539899,"volume":"0.25079880","buyTxId":"33b09a5f37b4d67fe878826fa0b7d62316aae7c3","sellTxId":"c53604663cedf47919b1c9e67b6573950f2ce1c8"}
{"index": {"_index":"spt","_id":"3967698"}}
	{"id":3967698,"type":"sell","buyer":"kitsuki","seller":"pjansen","symbol":"SPT","quantity":"96.240608","price":"0.00160003","timestamp":1658539941,"volume":"0.15398786","buyTxId":"2e2537d71ce3008a54b72fd791f73993ea92e2ee","sellTxId":"2b0c0f2bbbca1ce05e427488435bc9dc71664717"}
{"index": {"_index":"spt","_id":"3967699"}}
	{"id":3967699,"type":"sell","buyer":"thewycher","seller":"pjansen","symbol":"SPT","quantity":"483.395096","price":"0.00160001","timestamp":1658539941,"volume":"0.77343699","buyTxId":"2ea2d049a790404c275e568160262efd39c4cbef","sellTxId":"2b0c0f2bbbca1ce05e427488435bc9dc71664717"}
{"index": {"_index":"spt","_id":"3967700"}}
	{"id":3967700,"type":"sell","buyer":"thewycher","seller":"pjansen","symbol":"SPT","quantity":"490.000000","price":"0.00160001","timestamp":1658539941,"volume":"0.78400490","buyTxId":"3a9d073fb13fab724b570348d9cf50a265db7af4","sellTxId":"2b0c0f2bbbca1ce05e427488435bc9dc71664717"}
{"index": {"_index":"spt","_id":"3967701"}}
	{"id":3967701,"type":"sell","buyer":"thewycher","seller":"pjansen","symbol":"SPT","quantity":"490.000000","price":"0.00160001","timestamp":1658539941,"volume":"0.78400490","buyTxId":"0cd70fa2513a22faa2a263434c29a00abe7ef9cf","sellTxId":"2b0c0f2bbbca1ce05e427488435bc9dc71664717"}
{"index": {"_index":"spt","_id":"3967702"}}
	{"id":3967702,"type":"sell","buyer":"thewycher","seller":"pjansen","symbol":"SPT","quantity":"490.000000","price":"0.00160001","timestamp":1658539941,"volume":"0.78400490","buyTxId":"3f19ff1c1cc58366842ab9736967933bba7216dc","sellTxId":"2b0c0f2bbbca1ce05e427488435bc9dc71664717"}
{"index": {"_index":"spt","_id":"3967703"}}
	{"id":3967703,"type":"sell","buyer":"thewycher","seller":"pjansen","symbol":"SPT","quantity":"331.466573","price":"0.00160001","timestamp":1658539941,"volume":"0.53034983","buyTxId":"853f1e2cb38e51746f832a78e5531b073f66ec7a","sellTxId":"2b0c0f2bbbca1ce05e427488435bc9dc71664717"}
{"index": {"_index":"spt","_id":"3967704"}}
	{"id":3967704,"type":"buy","buyer":"jongolson","seller":"onlydoge","symbol":"SPT","quantity":"2200.000000","price":"0.00209000","timestamp":1658540031,"volume":"4.59800000","buyTxId":"1365706b6b44ffdb559faf96e420ecf0ccb513f5","sellTxId":"1ae29e845afea9c4a875a0cbde5e0bb891d0e7a2"}
{"index": {"_index":"spt","_id":"3967731"}}
	{"id":3967731,"type":"buy","buyer":"he-index","seller":"kitsuki","symbol":"SPT","quantity":"50.239000","price":"0.00208990","timestamp":1658540298,"volume":"0.10499449","buyTxId":"bfcf5c52056550e34b26feaf58edd6d1faf3ecef","sellTxId":"85a8e727408d5abc3866c17f28e290ae8a0e21fc"}
