{"id":2969941,"type":"sell","buyer":"multifurcate","seller":"dswap","symbol":"SPT","quantity":"1090.860093","price":"0.00230100","timestamp":1647227724,"volume":"2.51006907","buyTxId":"75420819a17389bfa70545fe7f2aa45480c0c4bd","sellTxId":"04f6d670364f06a712981dfe9730002ab3e9ff03"}
{"id":2970327,"type":"buy","buyer":"tjnew14","seller":"elenkar","symbol":"SPT","quantity":"0.677145","price":"0.00269450","timestamp":1647234609,"volume":"0.00182457","buyTxId":"3806af6b9858cf4a277c139d989195c8e15df36f","sellTxId":"6f33723c253258dde9f81670a13985d620a96272"}
{"id":2970328,"type":"buy","buyer":"tjnew14","seller":"laundrywoman","symbol":"SPT","quantity":"198.836289","price":"0.00269500","timestamp":1647234609,"volume":"0.53586380","buyTxId":"3806af6b9858cf4a277c139d989195c8e15df36f","sellTxId":"5e30c23b107abcaa6944f8833d72aa0e149be703"}
{"id":2970592,"type":"sell","buyer":"groentje","seller":"lilsob","symbol":"SPT","quantity":"21.000000","price":"0.00233100","timestamp":1647240000,"volume":"0.04895100","buyTxId":"a64b48ea4653d875474ae3a29b72c95cd09f295a","sellTxId":"e0bf14e8a1acfe81bbdef936d13f7832ea961d4f"}
{"id":2970794,"type":"sell","buyer":"groentje","seller":"cynano","symbol":"SPT","quantity":"92.204995","price":"0.00233100","timestamp":1647242766,"volume":"0.21492984","buyTxId":"a64b48ea4653d875474ae3a29b72c95cd09f295a","sellTxId":"e8a25aeada1315aad468452df608f6a938ab8766"}
{"id":2971144,"type":"sell","buyer":"groentje","seller":"nysster","symbol":"SPT","quantity":"286.795005","price":"0.00233100","timestamp":1647247707,"volume":"0.66851916","buyTxId":"a64b48ea4653d875474ae3a29b72c95cd09f295a","sellTxId":"4b17520fd7089cb8179d5b7e34924ebd5ebf893f"}
{"id":2971698,"type":"sell","buyer":"multifurcate","seller":"digital-fortress","symbol":"SPT","quantity":"6.176554","price":"0.00222401","timestamp":1647256806,"volume":"0.01373672","buyTxId":"2fe8af7e3b71cdab7b0ea526deb7d952a0abc711","sellTxId":"31435ac9d11e39a83320848d6c2b192ccb9fd12b"}
{"id":2971958,"type":"sell","buyer":"multifurcate","seller":"dadspardan","symbol":"SPT","quantity":"35142.471726","price":"0.00222401","timestamp":1647260325,"volume":"78.15720854","buyTxId":"29460d794ca19c03faed5f06a8812ba6f4ddb19c","sellTxId":"04986345249ffc142dcb2356a49a8693eab923dc"}
{"id":2972062,"type":"sell","buyer":"multifurcate","seller":"aiuna","symbol":"SPT","quantity":"761.770566","price":"0.00222401","timestamp":1647261963,"volume":"1.69418536","buyTxId":"29460d794ca19c03faed5f06a8812ba6f4ddb19c","sellTxId":"d4a12dd36f0bafaef7ea0f340ac018ebf38194cf"}
{"id":2972155,"type":"sell","buyer":"multifurcate","seller":"mathfb","symbol":"SPT","quantity":"2117.959911","price":"0.00222401","timestamp":1647262662,"volume":"4.71036402","buyTxId":"29460d794ca19c03faed5f06a8812ba6f4ddb19c","sellTxId":"c73da16c6b926f22724d3f88f81b8aa5edee6e68"}
{"id":2972205,"type":"sell","buyer":"multifurcate","seller":"franciscopr","symbol":"SPT","quantity":"103.793352","price":"0.00222401","timestamp":1647263199,"volume":"0.23083745","buyTxId":"29460d794ca19c03faed5f06a8812ba6f4ddb19c","sellTxId":"374cf150d92df3dad4a638f227afdd99a6b14a03"}
{"id":2972234,"type":"sell","buyer":"multifurcate","seller":"ugochill","symbol":"SPT","quantity":"0.014000","price":"0.00222401","timestamp":1647263406,"volume":"0.00003114","buyTxId":"29460d794ca19c03faed5f06a8812ba6f4ddb19c","sellTxId":"3c92450d558b90be35f349933ccba4ff61627a2f"}
{"id":2972284,"type":"sell","buyer":"multifurcate","seller":"fedesox","symbol":"SPT","quantity":"2375.740704","price":"0.00222401","timestamp":1647263853,"volume":"5.28367108","buyTxId":"29460d794ca19c03faed5f06a8812ba6f4ddb19c","sellTxId":"f4ac6e5b5fad21cbf728a0409b667c6f1f611512"}
{"id":2972497,"type":"sell","buyer":"multifurcate","seller":"marriakjozhegp","symbol":"SPT","quantity":"3988.273112","price":"0.00222401","timestamp":1647266421,"volume":"8.86995928","buyTxId":"29460d794ca19c03faed5f06a8812ba6f4ddb19c","sellTxId":"6e0d356c7300691e587d435f6947069874245dc4"}
{"id":2972506,"type":"buy","buyer":"druidsblood","seller":"nysster","symbol":"SPT","quantity":"9.247480","price":"0.00233100","timestamp":1647266520,"volume":"0.02155588","buyTxId":"96f64c5d6237810364e5b53182047684cc1c1dc4","sellTxId":"4b17520fd7089cb8179d5b7e34924ebd5ebf893f"}
{"id":2972507,"type":"buy","buyer":"druidsblood","seller":"greengineer","symbol":"SPT","quantity":"2038.866497","price":"0.00269400","timestamp":1647266520,"volume":"5.49270634","buyTxId":"96f64c5d6237810364e5b53182047684cc1c1dc4","sellTxId":"ba0581839f5003d70dfd1f95469a1482df36b758"}
{"id":2972508,"type":"buy","buyer":"druidsblood","seller":"laundrywoman","symbol":"SPT","quantity":"19163.886023","price":"0.00269500","timestamp":1647266520,"volume":"51.64667283","buyTxId":"96f64c5d6237810364e5b53182047684cc1c1dc4","sellTxId":"9e8937fb6014109964b1273e9cabe93d30ccb482"}
{"id":2972915,"type":"sell","buyer":"multifurcate","seller":"dswap","symbol":"SPT","quantity":"300","price":"0.00222401","timestamp":1647271620,"volume":"0.66720300","buyTxId":"992560868e804e66aee8d28e0ca8b0a443deac80","sellTxId":"9344a390efddd1087fe50698c93984a6aa2e7fa2"}
{"id":2972996,"type":"sell","buyer":"multifurcate","seller":"bearbear613","symbol":"SPT","quantity":"53.967390","price":"0.00222401","timestamp":1647272772,"volume":"0.12002402","buyTxId":"992560868e804e66aee8d28e0ca8b0a443deac80","sellTxId":"9553308ba6688492fad78de4844009c1a5f22096"}
{"id":2973156,"type":"sell","buyer":"multifurcate","seller":"brofi-market","symbol":"SPT","quantity":"1.148074","price":"0.00222401","timestamp":1647274746,"volume":"0.00255333","buyTxId":"67b45848c342531d54612751e8223f8385fafb2c","sellTxId":"c6d5bd80f3d5669c227b2f85528600e3a6e47b79"}
{"id":2973801,"type":"sell","buyer":"groentje","seller":"ketcom","symbol":"SPT","quantity":"400.000000","price":"0.00230000","timestamp":1647281991,"volume":"0.92000000","buyTxId":"6192d422c627a05ff19fdf82d6f12d2c9646a74c","sellTxId":"581e57b5f3c6d59b8c4bc335dfed40ada5b92e83"}
{"id":2973802,"type":"sell","buyer":"multifurcate","seller":"ketcom","symbol":"SPT","quantity":"30.548698","price":"0.00222401","timestamp":1647281991,"volume":"0.06794061","buyTxId":"67b45848c342531d54612751e8223f8385fafb2c","sellTxId":"581e57b5f3c6d59b8c4bc335dfed40ada5b92e83"}
{"id":2973863,"type":"sell","buyer":"multifurcate","seller":"rocknrolldm","symbol":"SPT","quantity":"4124.665854","price":"0.00222401","timestamp":1647282693,"volume":"9.17329811","buyTxId":"67b45848c342531d54612751e8223f8385fafb2c","sellTxId":"0eaa6376f33673e2851fcb8de3bb396a4d16a044"}
{"id":2973966,"type":"sell","buyer":"multifurcate","seller":"dhedge-drips","symbol":"SPT","quantity":"0.107627","price":"0.00222401","timestamp":1647283614,"volume":"0.00023936","buyTxId":"67b45848c342531d54612751e8223f8385fafb2c","sellTxId":"5bf01ba01cd3fe88dec564bfeeed8ee4a2af93e2"}
{"id":2974352,"type":"sell","buyer":"multifurcate","seller":"catomoon","symbol":"SPT","quantity":"1.739290","price":"0.00222401","timestamp":1647287823,"volume":"0.00386820","buyTxId":"67b45848c342531d54612751e8223f8385fafb2c","sellTxId":"c8db61f4ba5e0e6a9650dcb8f3149728ceb091e8"}
{"id":2974474,"type":"sell","buyer":"multifurcate","seller":"brofi-market","symbol":"SPT","quantity":"0.043914","price":"0.00222401","timestamp":1647288744,"volume":"0.00009767","buyTxId":"67b45848c342531d54612751e8223f8385fafb2c","sellTxId":"b4828d7ca50e82165c2bfdbdce53cff0d79ffacb"}
{"id":2974494,"type":"sell","buyer":"multifurcate","seller":"robibasa","symbol":"SPT","quantity":"255.905978","price":"0.00222401","timestamp":1647288987,"volume":"0.56913745","buyTxId":"67b45848c342531d54612751e8223f8385fafb2c","sellTxId":"21058ea74a33293a1d35b89868b2aed7be3b6b0c"}
{"id":2974684,"type":"sell","buyer":"multifurcate","seller":"crypt-skip","symbol":"SPT","quantity":"2015.479669","price":"0.00222401","timestamp":1647291072,"volume":"4.48244694","buyTxId":"67b45848c342531d54612751e8223f8385fafb2c","sellTxId":"44575e730f4e2b3ad5d96539922fc020a8ba19a4"}
{"id":2974887,"type":"sell","buyer":"multifurcate","seller":"thisisawesome","symbol":"SPT","quantity":"0.379552","price":"0.00222401","timestamp":1647292857,"volume":"0.00084413","buyTxId":"67b45848c342531d54612751e8223f8385fafb2c","sellTxId":"08b5524306e03fa13e481e1dcc0ee3514dbe4985"}
{"id":2975009,"type":"sell","buyer":"multifurcate","seller":"andy4475","symbol":"SPT","quantity":"26.598000","price":"0.00222401","timestamp":1647294210,"volume":"0.05915422","buyTxId":"67b45848c342531d54612751e8223f8385fafb2c","sellTxId":"00575ec1ff1bf0caf344c5c6a249f891b98a5932"}
{"id":2975189,"type":"sell","buyer":"multifurcate","seller":"he-index","symbol":"SPT","quantity":"0.213000","price":"0.00222401","timestamp":1647295386,"volume":"0.00047371","buyTxId":"67b45848c342531d54612751e8223f8385fafb2c","sellTxId":"1ae434140bc7601cf2fac4f6fcf5955099b433b4"}
{"id":2975807,"type":"sell","buyer":"multifurcate","seller":"brofi-market","symbol":"SPT","quantity":"5.259037","price":"0.00222401","timestamp":1647303255,"volume":"0.01169615","buyTxId":"67b45848c342531d54612751e8223f8385fafb2c","sellTxId":"ab02b01b95dad19e570f90f30af9a8f566841d76"}
{"id":2975910,"type":"sell","buyer":"multifurcate","seller":"ugochill","symbol":"SPT","quantity":"0.003000","price":"0.00222401","timestamp":1647304251,"volume":"0.00000667","buyTxId":"67b45848c342531d54612751e8223f8385fafb2c","sellTxId":"967c90a8c535d50a0c2b38d1b2129ca4acc7bbd8"}
{"id":2975959,"type":"sell","buyer":"multifurcate","seller":"dhedge-drips","symbol":"SPT","quantity":"0.004543","price":"0.00222401","timestamp":1647305220,"volume":"0.00001010","buyTxId":"67b45848c342531d54612751e8223f8385fafb2c","sellTxId":"2ce070efe638b2e03025ac5363780428514b2f27"}
{"id":2976115,"type":"buy","buyer":"jongolson","seller":"master-lamps","symbol":"SPT","quantity":"2.695000","price":"0.00269499","timestamp":1647307833,"volume":"0.00726300","buyTxId":"60efff663871a7e782b3d2be9a696461f64fa537","sellTxId":"6dee174d86be2633ef0947c3ddbd656d9c1e81ef"}
{"id":2976116,"type":"buy","buyer":"jongolson","seller":"dhedge-drips","symbol":"SPT","quantity":"0.107627","price":"0.00269499","timestamp":1647307833,"volume":"0.00029005","buyTxId":"60efff663871a7e782b3d2be9a696461f64fa537","sellTxId":"fdefb207ff8319155a1977ce68ea24fb812f1d1d"}
{"id":2976117,"type":"buy","buyer":"jongolson","seller":"brofi-market","symbol":"SPT","quantity":"0.043914","price":"0.00269499","timestamp":1647307833,"volume":"0.00011835","buyTxId":"60efff663871a7e782b3d2be9a696461f64fa537","sellTxId":"b89ad72fa8eb18fe42774b8ed010e0849a44bb1e"}
{"id":2976118,"type":"buy","buyer":"jongolson","seller":"brofi-market","symbol":"SPT","quantity":"5.259037","price":"0.00269499","timestamp":1647307833,"volume":"0.01417305","buyTxId":"60efff663871a7e782b3d2be9a696461f64fa537","sellTxId":"38a85be4d6bfa05c5d330348a820dbeccfd80f23"}
{"id":2976119,"type":"buy","buyer":"jongolson","seller":"dhedge-drips","symbol":"SPT","quantity":"0.004543","price":"0.00269499","timestamp":1647307833,"volume":"0.00001224","buyTxId":"60efff663871a7e782b3d2be9a696461f64fa537","sellTxId":"3a15b9a9b70fb66eaed885e0b27549a1962b12fa"}
{"id":2976120,"type":"buy","buyer":"jongolson","seller":"laundrywoman","symbol":"SPT","quantity":"991.889879","price":"0.00269500","timestamp":1647307833,"volume":"2.67314322","buyTxId":"60efff663871a7e782b3d2be9a696461f64fa537","sellTxId":"6a00335a6a2219b2964bffb3b6100374031371c1"}
{"id":2976250,"type":"sell","buyer":"multifurcate","seller":"hive.pizza","symbol":"SPT","quantity":"530.166937","price":"0.00222401","timestamp":1647309684,"volume":"1.17909657","buyTxId":"1d4c91be7cb1de449f9012b428b5143b76f670f9","sellTxId":"e6c1c5c9781a02281304b6cdf9fc2d4c80660574"}
{"id":2976434,"type":"sell","buyer":"multifurcate","seller":"chireerocks","symbol":"SPT","quantity":"102.879877","price":"0.00222401","timestamp":1647312213,"volume":"0.22880588","buyTxId":"1d4c91be7cb1de449f9012b428b5143b76f670f9","sellTxId":"7242d1ea6c87e8437715cf9ed28c8f8edd3cf754"}