{"index": {"_index":"spt","_id":"3732729"}}
	{"id":3732729,"type":"sell","buyer":"multifurcate","seller":"bitcoinflood","symbol":"SPT","quantity":"85.149551","price":"0.00234100","timestamp":1655694645,"volume":"0.19933510","buyTxId":"4d8248053748f344703eb149d1b7b7759188ab93","sellTxId":"08ce0343aba6807c981b518463d4ea5beb0a3879"}
{"index": {"_index":"spt","_id":"3732815"}}
	{"id":3732815,"type":"buy","buyer":"anomalix","seller":"onlydoge","symbol":"SPT","quantity":"1187.250992","price":"0.00251000","timestamp":1655695524,"volume":"2.97999999","buyTxId":"b5506d84f846ee66364b1f421f80b52db7a697ee","sellTxId":"b9388d8ed9a978602534e371682148679bc69e47"}
{"index": {"_index":"spt","_id":"3733099"}}
	{"id":3733099,"type":"sell","buyer":"thranax","seller":"dkid14","symbol":"SPT","quantity":"400.000000","price":"0.00234110","timestamp":1655700624,"volume":"0.93644000","buyTxId":"328d4d0183d15266f051a55644a0087b08db72f7","sellTxId":"dcf40356e734b675edfac6b031cce3916cc3e88e"}
{"index": {"_index":"spt","_id":"3733181"}}
	{"id":3733181,"type":"sell","buyer":"multifurcate","seller":"jacksonizer","symbol":"SPT","quantity":"2135.942515","price":"0.00233201","timestamp":1655702259,"volume":"4.98103930","buyTxId":"3af482a9e0f841906693b90ae4a68b237b369d6c","sellTxId":"40660fa5a92bafc4ad5d17fe39cd300a5e4f4325"}
{"index": {"_index":"spt","_id":"3733200"}}
	{"id":3733200,"type":"sell","buyer":"multifurcate","seller":"nathu1","symbol":"SPT","quantity":"436","price":"0.00233201","timestamp":1655702538,"volume":"1.01675636","buyTxId":"3af482a9e0f841906693b90ae4a68b237b369d6c","sellTxId":"4e28adb8f32c1e5e815e442442cb00b52b91be23"}
{"index": {"_index":"spt","_id":"3733256"}}
	{"id":3733256,"type":"sell","buyer":"multifurcate","seller":"achim03","symbol":"SPT","quantity":"323.000000","price":"0.00233201","timestamp":1655703129,"volume":"0.75323923","buyTxId":"3af482a9e0f841906693b90ae4a68b237b369d6c","sellTxId":"832b6a431d8635fa8af7a3a21c22bd0a4ae0963c"}
{"index": {"_index":"spt","_id":"3733291"}}
	{"id":3733291,"type":"sell","buyer":"multifurcate","seller":"lipe100dedos","symbol":"SPT","quantity":"41.139724","price":"0.00233201","timestamp":1655703630,"volume":"0.09593825","buyTxId":"3af482a9e0f841906693b90ae4a68b237b369d6c","sellTxId":"d64d37a5d2e7ee25578f8631d6bedac5c6f35e2d"}
{"index": {"_index":"spt","_id":"3733518"}}
	{"id":3733518,"type":"buy","buyer":"pjansen","seller":"dkid14","symbol":"SPT","quantity":"111.037427","price":"0.00234110","timestamp":1655705925,"volume":"0.25994972","buyTxId":"b96236ed37c383f1bffb17215048e5456590ce46","sellTxId":"dcf40356e734b675edfac6b031cce3916cc3e88e"}
{"index": {"_index":"spt","_id":"3733519"}}
	{"id":3733519,"type":"buy","buyer":"pjansen","seller":"onlydoge","symbol":"SPT","quantity":"0.059872","price":"0.00251000","timestamp":1655705925,"volume":"0.00015028","buyTxId":"b96236ed37c383f1bffb17215048e5456590ce46","sellTxId":"b9388d8ed9a978602534e371682148679bc69e47"}
{"index": {"_index":"spt","_id":"3733692"}}
	{"id":3733692,"type":"sell","buyer":"multifurcate","seller":"failingforward","symbol":"SPT","quantity":"1073.230404","price":"0.00233201","timestamp":1655707362,"volume":"2.50278403","buyTxId":"9bcf0ba0f08ed6d090646f98f157ed722056b24e","sellTxId":"cacf097b956bf7e1e7c4528f8f53ac67023b3cf6"}
{"index": {"_index":"spt","_id":"3733848"}}
	{"id":3733848,"type":"sell","buyer":"multifurcate","seller":"penyaircyber","symbol":"SPT","quantity":"0.000010","price":"0.00233201","timestamp":1655708625,"volume":"0.00000002","buyTxId":"9bcf0ba0f08ed6d090646f98f157ed722056b24e","sellTxId":"b0cfbfd9cfb485feb162651945b1c1b5adcb0da8"}
{"index": {"_index":"spt","_id":"3733892"}}
	{"id":3733892,"type":"sell","buyer":"multifurcate","seller":"socialmediaseo","symbol":"SPT","quantity":"18.175810","price":"0.00233201","timestamp":1655709336,"volume":"0.04238617","buyTxId":"9bcf0ba0f08ed6d090646f98f157ed722056b24e","sellTxId":"6352c2a51bf1dff1573a3050bb0f507aafa61d3e"}
{"index": {"_index":"spt","_id":"3733903"}}
	{"id":3733903,"type":"buy","buyer":"dswap","seller":"agglutinogenic","symbol":"SPT","quantity":"35.694109","price":"0.00249900","timestamp":1655709408,"volume":"0.08919958","buyTxId":"cf0949b31deff62202c4d639c8e217e1b48e981a","sellTxId":"839aedadff49ce463579069e6cd84ec08aa2f859"}
{"index": {"_index":"spt","_id":"3734313"}}
	{"id":3734313,"type":"sell","buyer":"multifurcate","seller":"dswap","symbol":"SPT","quantity":"2500","price":"0.00233201","timestamp":1655713812,"volume":"5.83002500","buyTxId":"00e61a4aa5e96b4a693b1498832f5ab949907f10","sellTxId":"95f1965ecc84f932ee37135fa68de7fb363f7a3c"}
{"index": {"_index":"spt","_id":"3734951"}}
	{"id":3734951,"type":"sell","buyer":"multifurcate","seller":"felipejoys","symbol":"SPT","quantity":"7467.202401","price":"0.00233201","timestamp":1655721837,"volume":"17.41359067","buyTxId":"00e61a4aa5e96b4a693b1498832f5ab949907f10","sellTxId":"8c54cc79dad0e5118c6157fd8d3fc16361435440"}
{"index": {"_index":"spt","_id":"3735019"}}
	{"id":3735019,"type":"sell","buyer":"multifurcate","seller":"catomoon","symbol":"SPT","quantity":"7.435030","price":"0.00233201","timestamp":1655722689,"volume":"0.01733856","buyTxId":"00e61a4aa5e96b4a693b1498832f5ab949907f10","sellTxId":"50c38325ca13dc652fe4b011dcbab2a1e91dea54"}
{"index": {"_index":"spt","_id":"3735079"}}
	{"id":3735079,"type":"sell","buyer":"multifurcate","seller":"mango-juice","symbol":"SPT","quantity":"2636.643760","price":"0.00233201","timestamp":1655723694,"volume":"6.14867961","buyTxId":"00e61a4aa5e96b4a693b1498832f5ab949907f10","sellTxId":"75a0aa69e770355b0fb011b4d38244fce5b37490"}
{"index": {"_index":"spt","_id":"3735228"}}
	{"id":3735228,"type":"sell","buyer":"multifurcate","seller":"queenstarr","symbol":"SPT","quantity":"2428.000000","price":"0.00233201","timestamp":1655726322,"volume":"5.66212028","buyTxId":"00e61a4aa5e96b4a693b1498832f5ab949907f10","sellTxId":"c7fc589a8c7648872103e594988cae8b6837c267"}
{"index": {"_index":"spt","_id":"3735350"}}
	{"id":3735350,"type":"buy","buyer":"pjansen","seller":"onlydoge","symbol":"SPT","quantity":"1138.508064","price":"0.00248000","timestamp":1655728572,"volume":"2.8235","buyTxId":"43749511475458cf4b05c0710601fbd475299150","sellTxId":"12966bbd9922c11c2bda6a2dcc703e44bac50737"}
{"index": {"_index":"spt","_id":"3735406"}}
	{"id":3735406,"type":"sell","buyer":"multifurcate","seller":"themarkymark","symbol":"SPT","quantity":"8.194827","price":"0.00233201","timestamp":1655729421,"volume":"0.01911042","buyTxId":"00e61a4aa5e96b4a693b1498832f5ab949907f10","sellTxId":"600ff11141ad1e0379c45a86532f7c2dbaa5920a"}
{"index": {"_index":"spt","_id":"3735485"}}
	{"id":3735485,"type":"buy","buyer":"dbooster","seller":"onlydoge","symbol":"SPT","quantity":"500.000000","price":"0.00248000","timestamp":1655730783,"volume":"1.24000000","buyTxId":"8db7100cf0e0638623b74987c62a88e47eff04bb","sellTxId":"12966bbd9922c11c2bda6a2dcc703e44bac50737"}
{"index": {"_index":"spt","_id":"3735487"}}
	{"id":3735487,"type":"sell","buyer":"multifurcate","seller":"boscohage","symbol":"SPT","quantity":"0.238300","price":"0.00233201","timestamp":1655730846,"volume":"0.00055572","buyTxId":"00e61a4aa5e96b4a693b1498832f5ab949907f10","sellTxId":"709248922daa4bd402a7e364982095cb88bda5b1"}
{"index": {"_index":"spt","_id":"3735747"}}
	{"id":3735747,"type":"buy","buyer":"pjansen","seller":"onlydoge","symbol":"SPT","quantity":"533.750000","price":"0.00248000","timestamp":1655734176,"volume":"1.3237","buyTxId":"cddfbd60aa90a0e9e0626c35ff1d178b86e644b6","sellTxId":"12966bbd9922c11c2bda6a2dcc703e44bac50737"}
{"index": {"_index":"spt","_id":"3735991"}}
	{"id":3735991,"type":"sell","buyer":"multifurcate","seller":"captainquack22","symbol":"SPT","quantity":"125","price":"0.00233201","timestamp":1655736903,"volume":"0.29150125","buyTxId":"00e61a4aa5e96b4a693b1498832f5ab949907f10","sellTxId":"b872afddfe78d146433939611ecb71acbde691af"}
{"index": {"_index":"spt","_id":"3737159"}}
	{"id":3737159,"type":"sell","buyer":"multifurcate","seller":"catomoon","symbol":"SPT","quantity":"3.964236","price":"0.00233201","timestamp":1655748039,"volume":"0.00924464","buyTxId":"00e61a4aa5e96b4a693b1498832f5ab949907f10","sellTxId":"3c086d384631c88937ba93c0e5f8b3e986b98178"}
{"index": {"_index":"spt","_id":"3737627"}}
	{"id":3737627,"type":"sell","buyer":"multifurcate","seller":"kikero","symbol":"SPT","quantity":"73039.321446","price":"0.00233201","timestamp":1655753601,"volume":"170.32842801","buyTxId":"00e61a4aa5e96b4a693b1498832f5ab949907f10","sellTxId":"775a8d7cd5597ec284b49bacfa0ad930a6d0ebb7"}
{"index": {"_index":"spt","_id":"3737628"}}
	{"id":3737628,"type":"sell","buyer":"myothuzar","seller":"kikero","symbol":"SPT","quantity":"14655.126142","price":"0.00233101","timestamp":1655753601,"volume":"34.16124559","buyTxId":"abf401f9eab7e2f9a2cc1954de69fb9e9f86ed0e","sellTxId":"775a8d7cd5597ec284b49bacfa0ad930a6d0ebb7"}
{"index": {"_index":"spt","_id":"3737629"}}
	{"id":3737629,"type":"sell","buyer":"abrockman","seller":"kikero","symbol":"SPT","quantity":"6091.815191","price":"0.00230000","timestamp":1655753601,"volume":"14.01117494","buyTxId":"3271e96af826014a27fc7e2566fdb680b6e38362","sellTxId":"775a8d7cd5597ec284b49bacfa0ad930a6d0ebb7"}
{"index": {"_index":"spt","_id":"3738207"}}
	{"id":3738207,"type":"sell","buyer":"multifurcate","seller":"yonilkar","symbol":"SPT","quantity":"3014.82237","price":"0.00230100","timestamp":1655760831,"volume":"6.93710627","buyTxId":"4d1c1732d29ec89abc7d73381ec30f2ae4992aa1","sellTxId":"7024a7a306397bb774dc3a4652379a0349043633"}
{"index": {"_index":"spt","_id":"3738383"}}
	{"id":3738383,"type":"sell","buyer":"multifurcate","seller":"bambukah","symbol":"SPT","quantity":"4.422","price":"0.00230100","timestamp":1655763228,"volume":"0.01017502","buyTxId":"4d1c1732d29ec89abc7d73381ec30f2ae4992aa1","sellTxId":"c7135298b45ba875878c9d74da77bd7d76521033"}
{"index": {"_index":"spt","_id":"3738629"}}
	{"id":3738629,"type":"sell","buyer":"multifurcate","seller":"jnn10","symbol":"SPT","quantity":"98.199466","price":"0.00230100","timestamp":1655765799,"volume":"0.22595697","buyTxId":"4d1c1732d29ec89abc7d73381ec30f2ae4992aa1","sellTxId":"248ce959e9e68073478c48b2c68c4d1b2790d334"}
{"index": {"_index":"spt","_id":"3738772"}}
	{"id":3738772,"type":"sell","buyer":"he-index","seller":"brofund","symbol":"SPT","quantity":"7.823000","price":"0.00230100","timestamp":1655767470,"volume":"0.01800072","buyTxId":"badddcf931c3517889d607a285d6f52d17a3617d","sellTxId":"72d8b2469f59305e4ca8cf01caedafcd2200302a"}
{"index": {"_index":"spt","_id":"3738773"}}
	{"id":3738773,"type":"sell","buyer":"multifurcate","seller":"brofund","symbol":"SPT","quantity":"5263.268107","price":"0.00230100","timestamp":1655767470,"volume":"12.11077991","buyTxId":"a5beaf1d470f3ce54dddd3c6bb4da858c4bb202f","sellTxId":"72d8b2469f59305e4ca8cf01caedafcd2200302a"}
{"index": {"_index":"spt","_id":"3738845"}}
	{"id":3738845,"type":"sell","buyer":"multifurcate","seller":"candnpg","symbol":"SPT","quantity":"1486.342799","price":"0.00230100","timestamp":1655768439,"volume":"3.42007478","buyTxId":"a5beaf1d470f3ce54dddd3c6bb4da858c4bb202f","sellTxId":"6bea113e40b1ea797ec7b69909b68995b2a0dc87"}
{"index": {"_index":"spt","_id":"3738947"}}
	{"id":3738947,"type":"sell","buyer":"multifurcate","seller":"sephiwolf","symbol":"SPT","quantity":"2356.767057","price":"0.00230100","timestamp":1655770008,"volume":"5.42292100","buyTxId":"a5beaf1d470f3ce54dddd3c6bb4da858c4bb202f","sellTxId":"882515ea53ae3dd709f39891a69923b1ef614966"}
{"index": {"_index":"spt","_id":"3739498"}}
	{"id":3739498,"type":"sell","buyer":"abrockman","seller":"bitcoinflood","symbol":"SPT","quantity":"70.327536","price":"0.00230000","timestamp":1655776857,"volume":"0.16175333","buyTxId":"3271e96af826014a27fc7e2566fdb680b6e38362","sellTxId":"e708a4f0fd08b4f09aded09f4a8456e643ba037d"}
{"index": {"_index":"spt","_id":"3739711"}}
	{"id":3739711,"type":"buy","buyer":"pjansen","seller":"agglutinogenic","symbol":"SPT","quantity":"505.740057","price":"0.00243900","timestamp":1655780241,"volume":"1.2335","buyTxId":"1d54937d747b53f9a75ff5416aa1a15d551e8857","sellTxId":"9686754acd753929f9e5f4a56f7fe0e21ef0b19c"}
