{"index": {"_index":"spt","_id":"2983651"}}
	{"id":2983651,"type":"sell","buyer":"multifurcate","seller":"lastdragon","symbol":"SPT","quantity":"6742","price":"0.00202100","timestamp":1647403275,"volume":"13.62558200","buyTxId":"93bf65df9917cea0bcbceed755db6dbc33bc94a8","sellTxId":"7e185fede8d9a49235648686173ee59e1d20b594"}
{"index": {"_index":"spt","_id":"2983716"}}
	{"id":2983716,"type":"sell","buyer":"multifurcate","seller":"brofi-market","symbol":"SPT","quantity":"0.013389","price":"0.00202100","timestamp":1647403932,"volume":"0.00002706","buyTxId":"93bf65df9917cea0bcbceed755db6dbc33bc94a8","sellTxId":"f19eee4d9e1efd6c0021c530716b718469e358d2"}
{"index": {"_index":"spt","_id":"2984019"}}
	{"id":2984019,"type":"buy","buyer":"jongolson","seller":"elenkar","symbol":"SPT","quantity":"1.073559","price":"0.00222550","timestamp":1647408663,"volume":"0.00238921","buyTxId":"cb5afeb622d9e7ffdb9b7baa91f3282643d54de3","sellTxId":"0e95499f851aed83711b245d90d42ea49ba08970"}
{"index": {"_index":"spt","_id":"2984020"}}
	{"id":2984020,"type":"buy","buyer":"jongolson","seller":"hive-world","symbol":"SPT","quantity":"1702.523607","price":"0.00222593","timestamp":1647408663,"volume":"3.78969837","buyTxId":"cb5afeb622d9e7ffdb9b7baa91f3282643d54de3","sellTxId":"604123d6d88ecf6560d17074c3ca003e7312236f"}
{"index": {"_index":"spt","_id":"2984021"}}
	{"id":2984021,"type":"buy","buyer":"jongolson","seller":"brofi-market","symbol":"SPT","quantity":"3.110909","price":"0.00222593","timestamp":1647408663,"volume":"0.00692467","buyTxId":"cb5afeb622d9e7ffdb9b7baa91f3282643d54de3","sellTxId":"6e8e9169fdcc5365383cfe6ff50c1ad5263df79a"}
{"index": {"_index":"spt","_id":"2984023"}}
	{"id":2984023,"type":"buy","buyer":"jongolson","seller":"brofi-market","symbol":"SPT","quantity":"1.058234","price":"0.00222593","timestamp":1647408717,"volume":"0.00235555","buyTxId":"999782c6fac74a366c78b3775dabb17c4c6b6c66","sellTxId":"6e8e9169fdcc5365383cfe6ff50c1ad5263df79a"}
{"index": {"_index":"spt","_id":"2984024"}}
	{"id":2984024,"type":"buy","buyer":"jongolson","seller":"dhedge-drips","symbol":"SPT","quantity":"0.001936","price":"0.00222593","timestamp":1647408717,"volume":"0.00000431","buyTxId":"999782c6fac74a366c78b3775dabb17c4c6b6c66","sellTxId":"356409f13e833d2e0ba6e1634ee54672e99285c4"}
{"index": {"_index":"spt","_id":"2984025"}}
	{"id":2984025,"type":"buy","buyer":"jongolson","seller":"brofi-market","symbol":"SPT","quantity":"0.013389","price":"0.00222593","timestamp":1647408717,"volume":"0.00002980","buyTxId":"999782c6fac74a366c78b3775dabb17c4c6b6c66","sellTxId":"a79645c3cd27c959cca879573e75488cd2f8fa1e"}
{"index": {"_index":"spt","_id":"2984026"}}
	{"id":2984026,"type":"buy","buyer":"jongolson","seller":"kitsuki","symbol":"SPT","quantity":"800.000000","price":"0.00258899","timestamp":1647408717,"volume":"2.07119200","buyTxId":"999782c6fac74a366c78b3775dabb17c4c6b6c66","sellTxId":"2afdfe78fa95049211ed3fdb6de16c84f20c584c"}
{"index": {"_index":"spt","_id":"2984027"}}
	{"id":2984027,"type":"buy","buyer":"jongolson","seller":"brofi-market","symbol":"SPT","quantity":"0.258008","price":"0.00258900","timestamp":1647408717,"volume":"0.00066798","buyTxId":"999782c6fac74a366c78b3775dabb17c4c6b6c66","sellTxId":"3b25ea557575b205d23d98a422d47b3671123a46"}
{"index": {"_index":"spt","_id":"2984028"}}
	{"id":2984028,"type":"buy","buyer":"jongolson","seller":"laundrywoman","symbol":"SPT","quantity":"2698.668433","price":"0.00258900","timestamp":1647408717,"volume":"6.98685257","buyTxId":"999782c6fac74a366c78b3775dabb17c4c6b6c66","sellTxId":"88eefe659f05bf65621581831b5fe25d1e469221"}
{"index": {"_index":"spt","_id":"2984108"}}
	{"id":2984108,"type":"sell","buyer":"multifurcate","seller":"thebeardflex","symbol":"SPT","quantity":"1674.058314","price":"0.00202100","timestamp":1647409554,"volume":"3.38327185","buyTxId":"93bf65df9917cea0bcbceed755db6dbc33bc94a8","sellTxId":"0c9d831b5dfeb10e1216f11f61a2bad9d4e8cdcb"}
{"index": {"_index":"spt","_id":"2984234"}}
	{"id":2984234,"type":"sell","buyer":"kitsuki","seller":"cynano","symbol":"SPT","quantity":"60.602291","price":"0.00202510","timestamp":1647411837,"volume":"0.12272570","buyTxId":"18688f0215f41bd6ac3cd3ea2668e1f3772f5e03","sellTxId":"653b54bac63aa710c8c06489565c9ee0fb829bce"}
{"index": {"_index":"spt","_id":"2984307"}}
	{"id":2984307,"type":"sell","buyer":"kitsuki","seller":"dhedge-drips","symbol":"SPT","quantity":"0.001253","price":"0.00202510","timestamp":1647413139,"volume":"0.00000254","buyTxId":"18688f0215f41bd6ac3cd3ea2668e1f3772f5e03","sellTxId":"8a68da1a131cd5538acb5c393817b3c38482d84a"}
{"index": {"_index":"spt","_id":"2984419"}}
	{"id":2984419,"type":"sell","buyer":"kitsuki","seller":"achim03","symbol":"SPT","quantity":"539.396456","price":"0.00202510","timestamp":1647414438,"volume":"1.09233176","buyTxId":"18688f0215f41bd6ac3cd3ea2668e1f3772f5e03","sellTxId":"4a4d0e30508f5f27f30d39a09c9005b0ebbb9d29"}
{"index": {"_index":"spt","_id":"2984420"}}
	{"id":2984420,"type":"sell","buyer":"gaboamc2393","seller":"achim03","symbol":"SPT","quantity":"167.603544","price":"0.00202500","timestamp":1647414438,"volume":"0.33939718","buyTxId":"44960be24d6edcb208ae065527f0a54c5eda60f5","sellTxId":"4a4d0e30508f5f27f30d39a09c9005b0ebbb9d29"}
{"index": {"_index":"spt","_id":"2984431"}}
	{"id":2984431,"type":"buy","buyer":"thgaming","seller":"digital-fortress","symbol":"SPT","quantity":"4.389173","price":"0.00258898","timestamp":1647414657,"volume":"0.01136348","buyTxId":"27ebe128ed277cc2bbc6c1570d369cc8153c065b","sellTxId":"4f8b1fa2d9ecd72f76694ff4fb5e2e14f5400f08"}
{"index": {"_index":"spt","_id":"2984432"}}
	{"id":2984432,"type":"buy","buyer":"thgaming","seller":"dhedge-drips","symbol":"SPT","quantity":"0.001253","price":"0.00258898","timestamp":1647414657,"volume":"0.00000324","buyTxId":"27ebe128ed277cc2bbc6c1570d369cc8153c065b","sellTxId":"1431af1ecf5dd473f50931b30b5031b5f47979a8"}
{"index": {"_index":"spt","_id":"2984673"}}
	{"id":2984673,"type":"sell","buyer":"gaboamc2393","seller":"brofi-market","symbol":"SPT","quantity":"0.202930","price":"0.00202500","timestamp":1647418233,"volume":"0.00041093","buyTxId":"44960be24d6edcb208ae065527f0a54c5eda60f5","sellTxId":"bd1b1919c86c3e68d6b2e49ffddcf161776108ee"}
{"index": {"_index":"spt","_id":"2984727"}}
	{"id":2984727,"type":"sell","buyer":"gaboamc2393","seller":"frawdielp2","symbol":"SPT","quantity":"29.378281","price":"0.00202500","timestamp":1647419184,"volume":"0.05949102","buyTxId":"44960be24d6edcb208ae065527f0a54c5eda60f5","sellTxId":"94b46d0ec06da451a25d34776465833c9abd5c20"}
{"index": {"_index":"spt","_id":"2984751"}}
	{"id":2984751,"type":"sell","buyer":"gaboamc2393","seller":"frawdie","symbol":"SPT","quantity":"0.311780","price":"0.00202500","timestamp":1647419511,"volume":"0.00063135","buyTxId":"44960be24d6edcb208ae065527f0a54c5eda60f5","sellTxId":"9d8a097eef6b90ab4e3ad50133c0f159dc61a609"}
{"index": {"_index":"spt","_id":"2985302"}}
	{"id":2985302,"type":"buy","buyer":"diegordo112","seller":"underlock","symbol":"SPT","quantity":"60.000000","price":"0.00258895","timestamp":1647429291,"volume":"0.15533700","buyTxId":"add712cb931b9883459eb29ddeb38446686d08f0","sellTxId":"42ba7a239c36344c8301bd56b6c87113b72f9610"}
{"index": {"_index":"spt","_id":"2985362"}}
	{"id":2985362,"type":"buy","buyer":"diegorccp","seller":"underlock","symbol":"SPT","quantity":"112.000000","price":"0.00258895","timestamp":1647430194,"volume":"0.28996240","buyTxId":"f4b711639fdf09b86cc2e20e09a9d12ca4711af8","sellTxId":"42ba7a239c36344c8301bd56b6c87113b72f9610"}
{"index": {"_index":"spt","_id":"2985466"}}
	{"id":2985466,"type":"sell","buyer":"gaboamc2393","seller":"anderssinho","symbol":"SPT","quantity":"1.119000","price":"0.00202500","timestamp":1647431931,"volume":"0.00226598","buyTxId":"44960be24d6edcb208ae065527f0a54c5eda60f5","sellTxId":"0472a176b366f7d6ed6a2aab433380bb9b687e6d"}
{"index": {"_index":"spt","_id":"2985536"}}
	{"id":2985536,"type":"sell","buyer":"gaboamc2393","seller":"fatherfaith","symbol":"SPT","quantity":"1.646510","price":"0.00202500","timestamp":1647432969,"volume":"0.00333418","buyTxId":"44960be24d6edcb208ae065527f0a54c5eda60f5","sellTxId":"ef0e098726e991c550a8350bb7a7ecafa3bd3853"}
{"index": {"_index":"spt","_id":"2985563"}}
	{"id":2985563,"type":"sell","buyer":"gaboamc2393","seller":"brofi-market","symbol":"SPT","quantity":"0.013669","price":"0.00202500","timestamp":1647433218,"volume":"0.00002768","buyTxId":"44960be24d6edcb208ae065527f0a54c5eda60f5","sellTxId":"2ae47d4da492e79dd9933d43b6f2be566e535b46"}
{"index": {"_index":"spt","_id":"2985605"}}
	{"id":2985605,"type":"sell","buyer":"gaboamc2393","seller":"r4tional","symbol":"SPT","quantity":"400.000000","price":"0.00202500","timestamp":1647433665,"volume":"0.81000000","buyTxId":"44960be24d6edcb208ae065527f0a54c5eda60f5","sellTxId":"0f4dd1bb291584e76b7fe8ce0accf6153d7669a6"}
{"index": {"_index":"spt","_id":"2985697"}}
	{"id":2985697,"type":"sell","buyer":"gaboamc2393","seller":"dhedge-drips","symbol":"SPT","quantity":"0.020306","price":"0.00202500","timestamp":1647434835,"volume":"0.00004112","buyTxId":"44960be24d6edcb208ae065527f0a54c5eda60f5","sellTxId":"580fc819f14d32b4a7df2a374666a6f87c73a4a0"}
{"index": {"_index":"spt","_id":"2986163"}}
	{"id":2986163,"type":"sell","buyer":"gaboamc2393","seller":"dragonpunk","symbol":"SPT","quantity":"3.657000","price":"0.00202500","timestamp":1647441372,"volume":"0.00740543","buyTxId":"44960be24d6edcb208ae065527f0a54c5eda60f5","sellTxId":"34cca89b1d2c0d37f9a9db213c1d5f9010a1a851"}
{"index": {"_index":"spt","_id":"2986290"}}
	{"id":2986290,"type":"buy","buyer":"diegorccp","seller":"boycharlieplays","symbol":"SPT","quantity":"825.083291","price":"0.00250000","timestamp":1647442428,"volume":"2.06270823","buyTxId":"f87d0f06da1073c7785fb72bd8450cdac2bad361","sellTxId":"0c36fdbaf04dbaa35736d01d7e78925dbba2bb04"}
{"index": {"_index":"spt","_id":"2986295"}}
	{"id":2986295,"type":"buy","buyer":"diegorccp","seller":"underlock","symbol":"SPT","quantity":"687.202018","price":"0.00256794","timestamp":1647442497,"volume":"1.76469355","buyTxId":"ad5072db4fe7fecb3ffbb60017899a7449061644","sellTxId":"7336e55ec50f9ba399f321f5e1fab1163b4f22ea"}
{"index": {"_index":"spt","_id":"2986296"}}
	{"id":2986296,"type":"buy","buyer":"diegorccp","seller":"underlock","symbol":"SPT","quantity":"212.797982","price":"0.00256794","timestamp":1647442497,"volume":"0.54645245","buyTxId":"ad5072db4fe7fecb3ffbb60017899a7449061644","sellTxId":"b14efedbc8e3b63b4fc6e3632266fbd12eee97d6"}
{"index": {"_index":"spt","_id":"2986314"}}
	{"id":2986314,"type":"sell","buyer":"gaboamc2393","seller":"denboxieval","symbol":"SPT","quantity":"0.666045","price":"0.00202500","timestamp":1647442725,"volume":"0.00134874","buyTxId":"44960be24d6edcb208ae065527f0a54c5eda60f5","sellTxId":"2171bf4804994f58098d94ec2bfbbfaf2c68bf5c"}
{"index": {"_index":"spt","_id":"2986391"}}
	{"id":2986391,"type":"buy","buyer":"jacobpeacock","seller":"underlock","symbol":"SPT","quantity":"0.034440","price":"0.00256794","timestamp":1647444078,"volume":"0.00008844","buyTxId":"801f45c03d8f396c884e5be0235676c33254d90e","sellTxId":"b14efedbc8e3b63b4fc6e3632266fbd12eee97d6"}
{"index": {"_index":"spt","_id":"2986636"}}
	{"id":2986636,"type":"sell","buyer":"gaboamc2393","seller":"brofi-market","symbol":"SPT","quantity":"0.382422","price":"0.00202500","timestamp":1647447117,"volume":"0.00077440","buyTxId":"44960be24d6edcb208ae065527f0a54c5eda60f5","sellTxId":"f39a2c1ef146d3998c367b4f270cb6e911825b25"}
{"index": {"_index":"spt","_id":"2986767"}}
	{"id":2986767,"type":"sell","buyer":"gaboamc2393","seller":"dswap","symbol":"SPT","quantity":"394.998513","price":"0.00202500","timestamp":1647448761,"volume":"0.79987199","buyTxId":"44960be24d6edcb208ae065527f0a54c5eda60f5","sellTxId":"697afe01f751f6024f74750f14f944c43b6a24c2"}
{"index": {"_index":"spt","_id":"2986768"}}
	{"id":2986768,"type":"sell","buyer":"kitsuki","seller":"dswap","symbol":"SPT","quantity":"1000.000000","price":"0.00202500","timestamp":1647448761,"volume":"2.02500000","buyTxId":"723684f5116a4ffe92fbcf0ac82392aac05f3e90","sellTxId":"697afe01f751f6024f74750f14f944c43b6a24c2"}
{"index": {"_index":"spt","_id":"2986769"}}
	{"id":2986769,"type":"sell","buyer":"cohlson","seller":"dswap","symbol":"SPT","quantity":"41.714222","price":"0.00202500","timestamp":1647448761,"volume":"0.08447130","buyTxId":"a0b80f8ba3c0523b40c7a987e9c59331c98cc9d8","sellTxId":"697afe01f751f6024f74750f14f944c43b6a24c2"}
{"index": {"_index":"spt","_id":"2986770"}}
	{"id":2986770,"type":"sell","buyer":"dechuck","seller":"dswap","symbol":"SPT","quantity":"100.000000","price":"0.00202499","timestamp":1647448761,"volume":"0.20249900","buyTxId":"b1c781954a11b617afdcf922a1412f0c52a11627","sellTxId":"697afe01f751f6024f74750f14f944c43b6a24c2"}
{"index": {"_index":"spt","_id":"2986771"}}
	{"id":2986771,"type":"sell","buyer":"multifurcate","seller":"dswap","symbol":"SPT","quantity":"2481.264539","price":"0.00202100","timestamp":1647448761,"volume":"5.01463563","buyTxId":"7760179e2921829836adbea244f25b5581460954","sellTxId":"697afe01f751f6024f74750f14f944c43b6a24c2"}
{"index": {"_index":"spt","_id":"2986913"}}
	{"id":2986913,"type":"sell","buyer":"multifurcate","seller":"saulos","symbol":"SPT","quantity":"23.617000","price":"0.00202100","timestamp":1647449712,"volume":"0.04772996","buyTxId":"7760179e2921829836adbea244f25b5581460954","sellTxId":"66d0b2c4a879110218daf1274901a1b39b5616e7"}
{"index": {"_index":"spt","_id":"2986932"}}
	{"id":2986932,"type":"sell","buyer":"multifurcate","seller":"bearbear613","symbol":"SPT","quantity":"16.397735","price":"0.00202100","timestamp":1647449841,"volume":"0.03313982","buyTxId":"7760179e2921829836adbea244f25b5581460954","sellTxId":"8e472a8f1fa5fcb2ba9a946e2421e67321915ead"}
{"index": {"_index":"spt","_id":"2987105"}}
	{"id":2987105,"type":"buy","buyer":"bigdizel","seller":"falcout","symbol":"SPT","quantity":"1248.448468","price":"0.00256740","timestamp":1647451494,"volume":"3.20526660","buyTxId":"8ad9d5bb4028fe38ca9e9be351388a91b4f40554","sellTxId":"f6323cfc594f1f50f39f62ef9135545184c0a246"}
{"index": {"_index":"spt","_id":"2987106"}}
	{"id":2987106,"type":"buy","buyer":"bigdizel","seller":"falcout","symbol":"SPT","quantity":"1723.000000","price":"0.00256750","timestamp":1647451494,"volume":"4.42380250","buyTxId":"8ad9d5bb4028fe38ca9e9be351388a91b4f40554","sellTxId":"6137bce86fd51cd6f6c1458b313295d73f9eca6c"}
{"index": {"_index":"spt","_id":"2987107"}}
	{"id":2987107,"type":"buy","buyer":"bigdizel","seller":"falcout","symbol":"SPT","quantity":"1028.551533","price":"0.00256760","timestamp":1647451494,"volume":"2.64090892","buyTxId":"8ad9d5bb4028fe38ca9e9be351388a91b4f40554","sellTxId":"24e45a13e458a241967faa01e4bfd35f86d4a7e9"}
{"index": {"_index":"spt","_id":"2987182"}}
	{"id":2987182,"type":"sell","buyer":"multifurcate","seller":"papowich","symbol":"SPT","quantity":"109.383791","price":"0.00202100","timestamp":1647452664,"volume":"0.22106464","buyTxId":"7760179e2921829836adbea244f25b5581460954","sellTxId":"7b85fa0d059395c4aab084133b5b4e7aaa05f80c"}
{"index": {"_index":"spt","_id":"2987507"}}
	{"id":2987507,"type":"sell","buyer":"kitsuki","seller":"dhedge-drips","symbol":"SPT","quantity":"0.035852","price":"0.00202101","timestamp":1647456354,"volume":"0.00007246","buyTxId":"ef84c9dcd17183a0db53c36a222a27a5b1fee748","sellTxId":"de0a2af101b2b61b2311dd744b37441e83570142"}
{"index": {"_index":"spt","_id":"2987541"}}
	{"id":2987541,"type":"sell","buyer":"kitsuki","seller":"photosnap","symbol":"SPT","quantity":"32.199260","price":"0.00202101","timestamp":1647456714,"volume":"0.06507503","buyTxId":"ef84c9dcd17183a0db53c36a222a27a5b1fee748","sellTxId":"d9cfa667ee056b448db0e87d87e7fdd5fd168362"}
{"index": {"_index":"spt","_id":"2987628"}}
	{"id":2987628,"type":"buy","buyer":"jaopalas","seller":"eythorphoto","symbol":"SPT","quantity":"0.016910","price":"0.00202128","timestamp":1647457938,"volume":"0.00003418","buyTxId":"6e60e4fd055a4f09c7f0417fe032008c089c5d1f","sellTxId":"110733f40fd1eb96781157f925e26b9214e4def2"}
{"index": {"_index":"spt","_id":"2987629"}}
	{"id":2987629,"type":"buy","buyer":"jaopalas","seller":"dhedge-drips","symbol":"SPT","quantity":"0.035852","price":"0.00202128","timestamp":1647457938,"volume":"0.00007247","buyTxId":"6e60e4fd055a4f09c7f0417fe032008c089c5d1f","sellTxId":"bebfdd6f65c85d52ab554e0ff53aa20fc8c8ee7a"}
{"index": {"_index":"spt","_id":"2987699"}}
	{"id":2987699,"type":"sell","buyer":"jaopalas","seller":"cwow2","symbol":"SPT","quantity":"2.273151","price":"0.00202128","timestamp":1647458661,"volume":"0.00459467","buyTxId":"6e60e4fd055a4f09c7f0417fe032008c089c5d1f","sellTxId":"99501e8e786a04392ee3c0634143e817e567b93c"}
{"index": {"_index":"spt","_id":"2988005"}}
	{"id":2988005,"type":"sell","buyer":"jaopalas","seller":"cynano","symbol":"SPT","quantity":"111.538830","price":"0.00202128","timestamp":1647462216,"volume":"0.22545121","buyTxId":"6e60e4fd055a4f09c7f0417fe032008c089c5d1f","sellTxId":"a3a9d17957ba86505a284cc8413ac90e6f344015"}
{"index": {"_index":"spt","_id":"2988455"}}
	{"id":2988455,"type":"buy","buyer":"c0s1","seller":"lordtimoty","symbol":"SPT","quantity":"1000.000000","price":"0.00245000","timestamp":1647467274,"volume":"2.45000000","buyTxId":"901aa19c4231089d5746c87b6d835452540a9e82","sellTxId":"cf1d9a6116ef0a5070223ab726bc6d844a5f42e9"}
{"index": {"_index":"spt","_id":"2988477"}}
	{"id":2988477,"type":"sell","buyer":"jaopalas","seller":"zasktrader","symbol":"SPT","quantity":"187.826195","price":"0.00202128","timestamp":1647467769,"volume":"0.37964933","buyTxId":"6e60e4fd055a4f09c7f0417fe032008c089c5d1f","sellTxId":"44040e21ad93eefe3f3eedd9a1679ef1a57d2f1f"}
{"index": {"_index":"spt","_id":"2988478"}}
	{"id":2988478,"type":"sell","buyer":"kitsuki","seller":"zasktrader","symbol":"SPT","quantity":"467.764888","price":"0.00202101","timestamp":1647467769,"volume":"0.94535751","buyTxId":"ef84c9dcd17183a0db53c36a222a27a5b1fee748","sellTxId":"44040e21ad93eefe3f3eedd9a1679ef1a57d2f1f"}
{"index": {"_index":"spt","_id":"2988479"}}
	{"id":2988479,"type":"sell","buyer":"multifurcate","seller":"zasktrader","symbol":"SPT","quantity":"1304.408917","price":"0.00202100","timestamp":1647467769,"volume":"2.63621042","buyTxId":"1a5b408d16dd76401bd45c64c6a0af6937f29c5c","sellTxId":"44040e21ad93eefe3f3eedd9a1679ef1a57d2f1f"}
{"index": {"_index":"spt","_id":"2988771"}}
	{"id":2988771,"type":"sell","buyer":"multifurcate","seller":"he-index","symbol":"SPT","quantity":"0.039000","price":"0.00202100","timestamp":1647469089,"volume":"0.00007882","buyTxId":"1a5b408d16dd76401bd45c64c6a0af6937f29c5c","sellTxId":"a9fe9d61235afd67c1a1e2587d2a0a9b0a6031c9"}
{"index": {"_index":"spt","_id":"2989182"}}
	{"id":2989182,"type":"buy","buyer":"youloseagain","seller":"lordtimoty","symbol":"SPT","quantity":"135.426640","price":"0.00245000","timestamp":1647475065,"volume":"0.33179527","buyTxId":"af2b28b3a0ccfb0a7383248afab931e0f7c1b848","sellTxId":"cf1d9a6116ef0a5070223ab726bc6d844a5f42e9"}
{"index": {"_index":"spt","_id":"2989654"}}
	{"id":2989654,"type":"sell","buyer":"multifurcate","seller":"itachi24","symbol":"SPT","quantity":"30.452792","price":"0.00202100","timestamp":1647480036,"volume":"0.06154509","buyTxId":"1a5b408d16dd76401bd45c64c6a0af6937f29c5c","sellTxId":"6dbf78aa9c8c65102140391fef7f074832be8b02"}
{"index": {"_index":"spt","_id":"2990309"}}
	{"id":2990309,"type":"sell","buyer":"multifurcate","seller":"durlan","symbol":"SPT","quantity":"2202.521774","price":"0.00202100","timestamp":1647487239,"volume":"4.45129651","buyTxId":"9689858b38b6e1127f9a52068ab8aac8b7e5e724","sellTxId":"7c72f6572d3fe3fc6a2d04af05babaa84e1cc3af"}
{"index": {"_index":"spt","_id":"2990382"}}
	{"id":2990382,"type":"sell","buyer":"multifurcate","seller":"chireerocks","symbol":"SPT","quantity":"104.398504","price":"0.00202100","timestamp":1647488076,"volume":"0.21098938","buyTxId":"9689858b38b6e1127f9a52068ab8aac8b7e5e724","sellTxId":"40c8b441d4d79c8ba5cc2aed8c1996e4515d3940"}
