{"index": {"_index":"spt","_id":"3547326"}}
	{"id":3547326,"type":"sell","buyer":"kitsuki","seller":"bitcoinflood","symbol":"SPT","quantity":"104.462475","price":"0.00241422","timestamp":1653708732,"volume":"0.25219540","buyTxId":"c0fbb21734d64080b1501b835e94080f9682adf3","sellTxId":"5fc2f1d2ef9531713338f4e08493b569332ad34a"}
{"index": {"_index":"spt","_id":"3547438"}}
	{"id":3547438,"type":"buy","buyer":"abrockman","seller":"kingscrown","symbol":"SPT","quantity":"6.910529","price":"0.00279210","timestamp":1653710361,"volume":"0.01929489","buyTxId":"4ca91a2d7b333cc0543d027d0718dcd234aa32b8","sellTxId":"e8594696df11dda2ac408781f45c2181862f7b38"}
{"index": {"_index":"spt","_id":"3547439"}}
	{"id":3547439,"type":"buy","buyer":"abrockman","seller":"kitsuki","symbol":"SPT","quantity":"900.000000","price":"0.00296000","timestamp":1653710361,"volume":"2.66400000","buyTxId":"4ca91a2d7b333cc0543d027d0718dcd234aa32b8","sellTxId":"0d22ef38edec742921c111d3eebcb6f3d00203ea"}
{"index": {"_index":"spt","_id":"3547440"}}
	{"id":3547440,"type":"buy","buyer":"abrockman","seller":"agglutinogenic","symbol":"SPT","quantity":"90695.000000","price":"0.00296900","timestamp":1653710361,"volume":"269.27345500","buyTxId":"4ca91a2d7b333cc0543d027d0718dcd234aa32b8","sellTxId":"aaf11507165e7ddec2a236a2b71f530e9735eddc"}
{"index": {"_index":"spt","_id":"3547441"}}
	{"id":3547441,"type":"buy","buyer":"abrockman","seller":"onlydoge","symbol":"SPT","quantity":"1038.062270","price":"0.00297000","timestamp":1653710361,"volume":"3.08304494","buyTxId":"4ca91a2d7b333cc0543d027d0718dcd234aa32b8","sellTxId":"59b7d8f9358a3d4b8bca2c79177d8520455bbbe8"}
{"index": {"_index":"spt","_id":"3547576"}}
	{"id":3547576,"type":"sell","buyer":"multifurcate","seller":"failingforward","symbol":"SPT","quantity":"397.393543","price":"0.00242100","timestamp":1653711981,"volume":"0.96208977","buyTxId":"292bdb468789e7f1c938f489f191d43d9af3b452","sellTxId":"992dc7c25a904f07ad60f668750d929aea87da91"}
{"index": {"_index":"spt","_id":"3548187"}}
	{"id":3548187,"type":"sell","buyer":"multifurcate","seller":"splinterlandshq","symbol":"SPT","quantity":"454.171560","price":"0.00242100","timestamp":1653720978,"volume":"1.09954935","buyTxId":"292bdb468789e7f1c938f489f191d43d9af3b452","sellTxId":"f14136e375dad4b1ae23bb1bf4204c59ef95d1af"}
{"index": {"_index":"spt","_id":"3548338"}}
	{"id":3548338,"type":"sell","buyer":"multifurcate","seller":"captainquack22","symbol":"SPT","quantity":"161","price":"0.00243100","timestamp":1653722658,"volume":"0.39139100","buyTxId":"1be846ab13f2c3411c011832d18c6f004197863a","sellTxId":"cc32c8dcdfb69ee54286ce47c220b32a92e44239"}
{"index": {"_index":"spt","_id":"3548728"}}
	{"id":3548728,"type":"sell","buyer":"multifurcate","seller":"chireerocks","symbol":"SPT","quantity":"125.321511","price":"0.00243100","timestamp":1653727362,"volume":"0.30465659","buyTxId":"1be846ab13f2c3411c011832d18c6f004197863a","sellTxId":"fbee3c2def09a87c9e48f0d1e529aed6c6f61eee"}
{"index": {"_index":"spt","_id":"3548734"}}
	{"id":3548734,"type":"sell","buyer":"multifurcate","seller":"spiritsurge","symbol":"SPT","quantity":"0.118000","price":"0.00243100","timestamp":1653727413,"volume":"0.00028686","buyTxId":"1be846ab13f2c3411c011832d18c6f004197863a","sellTxId":"38b12cd15aad1c2670a367d02953740bfc65fcb0"}
{"index": {"_index":"spt","_id":"3549735"}}
	{"id":3549735,"type":"buy","buyer":"pjansen","seller":"oceanbee","symbol":"SPT","quantity":"1636.727272","price":"0.00275000","timestamp":1653740109,"volume":"4.501","buyTxId":"1532e88f05445b4c8c4002e760275cf893873d33","sellTxId":"5cd96bdf835e33e548ab8143887f7e7b09b0b6d7"}
{"index": {"_index":"spt","_id":"3549739"}}
	{"id":3549739,"type":"buy","buyer":"pjansen","seller":"oceanbee","symbol":"SPT","quantity":"1636.727272","price":"0.00275000","timestamp":1653740160,"volume":"4.501","buyTxId":"3dca336034b903bf94365938537d760e3c1a424c","sellTxId":"5cd96bdf835e33e548ab8143887f7e7b09b0b6d7"}
{"index": {"_index":"spt","_id":"3549745"}}
	{"id":3549745,"type":"buy","buyer":"pjansen","seller":"oceanbee","symbol":"SPT","quantity":"1016.459762","price":"0.00275000","timestamp":1653740202,"volume":"2.79526435","buyTxId":"2f648d4f2480df2e246c441ceb0613131f2ab6c1","sellTxId":"5cd96bdf835e33e548ab8143887f7e7b09b0b6d7"}
{"index": {"_index":"spt","_id":"3549746"}}
	{"id":3549746,"type":"buy","buyer":"pjansen","seller":"yameen","symbol":"SPT","quantity":"0.253759","price":"0.00289900","timestamp":1653740202,"volume":"0.00073565","buyTxId":"2f648d4f2480df2e246c441ceb0613131f2ab6c1","sellTxId":"77297453275906e8ac4b25fce5d281423f0018e9"}
{"index": {"_index":"spt","_id":"3550061"}}
	{"id":3550061,"type":"sell","buyer":"multifurcate","seller":"captainquack22","symbol":"SPT","quantity":"30","price":"0.00244220","timestamp":1653743679,"volume":"0.07326600","buyTxId":"7863179b603298fd30a4f9d2a69126c05e3b63b0","sellTxId":"5ee3aeb2b6564ff5a3a275cc5da50795c5b194c6"}
{"index": {"_index":"spt","_id":"3550406"}}
	{"id":3550406,"type":"sell","buyer":"thewycher","seller":"zdigital222","symbol":"SPT","quantity":"499.999999","price":"0.00245101","timestamp":1653747546,"volume":"1.22550500","buyTxId":"b48d9bc847a947dd74647e3d3eca5a810f88a1af","sellTxId":"c0b9d59bce595d4e68d3706f2dd1d0c771856c2b"}
{"index": {"_index":"spt","_id":"3550407"}}
	{"id":3550407,"type":"sell","buyer":"thewycher","seller":"zdigital222","symbol":"SPT","quantity":"470.000001","price":"0.00245101","timestamp":1653747546,"volume":"1.15197470","buyTxId":"9875def4a926a57dc4c9cf607eb0776422c0375e","sellTxId":"c0b9d59bce595d4e68d3706f2dd1d0c771856c2b"}
{"index": {"_index":"spt","_id":"3550608"}}
	{"id":3550608,"type":"sell","buyer":"thewycher","seller":"mawit07","symbol":"SPT","quantity":"29.999998","price":"0.00245101","timestamp":1653749379,"volume":"0.07353030","buyTxId":"9875def4a926a57dc4c9cf607eb0776422c0375e","sellTxId":"6f06ee934237b6e05a65b31f67dc419c2fb8a125"}
{"index": {"_index":"spt","_id":"3550609"}}
	{"id":3550609,"type":"sell","buyer":"thewycher","seller":"mawit07","symbol":"SPT","quantity":"499.999999","price":"0.00245101","timestamp":1653749379,"volume":"1.22550500","buyTxId":"4f92937a8c1d9759e3a42adc24c992a73fff997b","sellTxId":"6f06ee934237b6e05a65b31f67dc419c2fb8a125"}
{"index": {"_index":"spt","_id":"3550610"}}
	{"id":3550610,"type":"sell","buyer":"multifurcate","seller":"mawit07","symbol":"SPT","quantity":"1160.850297","price":"0.00245100","timestamp":1653749379,"volume":"2.84524408","buyTxId":"7970c943963469559fa3aa2976ccebea7b7c7deb","sellTxId":"6f06ee934237b6e05a65b31f67dc419c2fb8a125"}
{"index": {"_index":"spt","_id":"3550749"}}
	{"id":3550749,"type":"sell","buyer":"thewycher","seller":"themarkymark","symbol":"SPT","quantity":"71.342555","price":"0.00245101","timestamp":1653751191,"volume":"0.17486132","buyTxId":"f631852c6f191da8f0728d10a347bce98c542dba","sellTxId":"e01783a033cea77fb427363bcf197e17b5645944"}
{"index": {"_index":"spt","_id":"3551291"}}
	{"id":3551291,"type":"sell","buyer":"thewycher","seller":"desro","symbol":"SPT","quantity":"35.912417","price":"0.00245101","timestamp":1653756663,"volume":"0.08802169","buyTxId":"f631852c6f191da8f0728d10a347bce98c542dba","sellTxId":"9335189efbba06ab255ebf4c961a593edb6d5429"}
{"index": {"_index":"spt","_id":"3551438"}}
	{"id":3551438,"type":"sell","buyer":"multifurcate","seller":"uvar","symbol":"SPT","quantity":"3.827000","price":"0.00246100","timestamp":1653758112,"volume":"0.00941825","buyTxId":"2102ba8be5f9e8e25417d4a98656332ab9a6795b","sellTxId":"a827109a1a0398e9e90b5d6d5ca576878f97f71a"}
{"index": {"_index":"spt","_id":"3551933"}}
	{"id":3551933,"type":"sell","buyer":"thewycher","seller":"luislrt","symbol":"SPT","quantity":"499.999999","price":"0.00246101","timestamp":1653763680,"volume":"1.23050500","buyTxId":"ce6959029de5f347ee683f1d5a7d23ecd9914baf","sellTxId":"cd553240d4e1ea8e1bd3c4da10696e3b3bd94a24"}
{"index": {"_index":"spt","_id":"3551934"}}
	{"id":3551934,"type":"sell","buyer":"thewycher","seller":"luislrt","symbol":"SPT","quantity":"499.999999","price":"0.00246101","timestamp":1653763680,"volume":"1.23050500","buyTxId":"e9b5b2d0836837a92930945318bca043e117f5d5","sellTxId":"cd553240d4e1ea8e1bd3c4da10696e3b3bd94a24"}
{"index": {"_index":"spt","_id":"3551935"}}
	{"id":3551935,"type":"sell","buyer":"thewycher","seller":"luislrt","symbol":"SPT","quantity":"499.999999","price":"0.00246101","timestamp":1653763680,"volume":"1.23050500","buyTxId":"d783787dc1e2575e6b8517b3c49eeb42ce19098a","sellTxId":"cd553240d4e1ea8e1bd3c4da10696e3b3bd94a24"}
{"index": {"_index":"spt","_id":"3551936"}}
	{"id":3551936,"type":"sell","buyer":"thewycher","seller":"luislrt","symbol":"SPT","quantity":"363.532048","price":"0.00246101","timestamp":1653763680,"volume":"0.89465601","buyTxId":"8382e2084e78be73f347cb218250a622b8219f22","sellTxId":"cd553240d4e1ea8e1bd3c4da10696e3b3bd94a24"}
{"index": {"_index":"spt","_id":"3552042"}}
	{"id":3552042,"type":"sell","buyer":"thewycher","seller":"elenkar","symbol":"SPT","quantity":"0.921569","price":"0.00246101","timestamp":1653765003,"volume":"0.00226799","buyTxId":"8382e2084e78be73f347cb218250a622b8219f22","sellTxId":"47d5909cb893c0d4b460618cc4d68b51fba426c9"}
{"index": {"_index":"spt","_id":"3552208"}}
	{"id":3552208,"type":"sell","buyer":"thewycher","seller":"shauner","symbol":"SPT","quantity":"319.499570","price":"0.00246102","timestamp":1653766875,"volume":"0.78629483","buyTxId":"001e391463b85f6e357f99e2bb341c6d1c9f10e3","sellTxId":"0d33292b2305956cc86a52c0dec8c5e849eee208"}
{"index": {"_index":"spt","_id":"3552384"}}
	{"id":3552384,"type":"sell","buyer":"thewycher","seller":"mypathtofire","symbol":"SPT","quantity":"28.123820","price":"0.00246102","timestamp":1653769227,"volume":"0.06921328","buyTxId":"001e391463b85f6e357f99e2bb341c6d1c9f10e3","sellTxId":"7a1cdcd4a9c86b03509453433ac0df4bcce3204b"}
{"index": {"_index":"spt","_id":"3552885"}}
	{"id":3552885,"type":"sell","buyer":"thewycher","seller":"holdeck","symbol":"SPT","quantity":"8.706226","price":"0.00246102","timestamp":1653775305,"volume":"0.02142620","buyTxId":"001e391463b85f6e357f99e2bb341c6d1c9f10e3","sellTxId":"af5d6fe35a7956c8a63243b09720bc8c2301135f"}
{"index": {"_index":"spt","_id":"3552913"}}
	{"id":3552913,"type":"sell","buyer":"thewycher","seller":"he-index","symbol":"SPT","quantity":"0.034000","price":"0.00246102","timestamp":1653775449,"volume":"0.00008367","buyTxId":"001e391463b85f6e357f99e2bb341c6d1c9f10e3","sellTxId":"88a78c0ab59dcd414c0b203a7f7a46c56e4a186b"}
{"index": {"_index":"spt","_id":"3553589"}}
	{"id":3553589,"type":"sell","buyer":"thewycher","seller":"alexandrzombi","symbol":"SPT","quantity":"0.347413","price":"0.00246102","timestamp":1653779772,"volume":"0.00085499","buyTxId":"001e391463b85f6e357f99e2bb341c6d1c9f10e3","sellTxId":"fd74d3b1af276c6c9e1547c5ccf71ba174d3c540"}
{"index": {"_index":"spt","_id":"3553746"}}
	{"id":3553746,"type":"sell","buyer":"thewycher","seller":"felipejoys","symbol":"SPT","quantity":"143.288970","price":"0.00246102","timestamp":1653781974,"volume":"0.35263702","buyTxId":"001e391463b85f6e357f99e2bb341c6d1c9f10e3","sellTxId":"4a0012c8a890e4e79d11edd36658c1b59a1a5e29"}
{"index": {"_index":"spt","_id":"3553747"}}
	{"id":3553747,"type":"sell","buyer":"thewycher","seller":"felipejoys","symbol":"SPT","quantity":"499.999999","price":"0.00246102","timestamp":1653781974,"volume":"1.23051000","buyTxId":"7bbf45b1036722f8116173d24b721031ff25b0dd","sellTxId":"4a0012c8a890e4e79d11edd36658c1b59a1a5e29"}
{"index": {"_index":"spt","_id":"3553748"}}
	{"id":3553748,"type":"sell","buyer":"thewycher","seller":"felipejoys","symbol":"SPT","quantity":"499.999999","price":"0.00246102","timestamp":1653781974,"volume":"1.23051000","buyTxId":"2e07f2bd4e36494b9f3e3d877a441fccd80c5ca4","sellTxId":"4a0012c8a890e4e79d11edd36658c1b59a1a5e29"}
{"index": {"_index":"spt","_id":"3553749"}}
	{"id":3553749,"type":"sell","buyer":"thewycher","seller":"felipejoys","symbol":"SPT","quantity":"499.999999","price":"0.00246102","timestamp":1653781974,"volume":"1.23051000","buyTxId":"2619b066c2d3f9550a8cfb17ecee33eacf6bd9c3","sellTxId":"4a0012c8a890e4e79d11edd36658c1b59a1a5e29"}
{"index": {"_index":"spt","_id":"3553750"}}
	{"id":3553750,"type":"sell","buyer":"thewycher","seller":"felipejoys","symbol":"SPT","quantity":"161.476623","price":"0.00246102","timestamp":1653781974,"volume":"0.39739720","buyTxId":"f8074ef69fe0e7cbe16c910c2946332dd595cc6b","sellTxId":"4a0012c8a890e4e79d11edd36658c1b59a1a5e29"}
{"index": {"_index":"spt","_id":"3553751"}}
	{"id":3553751,"type":"sell","buyer":"thewycher","seller":"felipejoys","symbol":"SPT","quantity":"135.546382","price":"0.00246101","timestamp":1653781974,"volume":"0.33358100","buyTxId":"8382e2084e78be73f347cb218250a622b8219f22","sellTxId":"4a0012c8a890e4e79d11edd36658c1b59a1a5e29"}
{"index": {"_index":"spt","_id":"3553752"}}
	{"id":3553752,"type":"sell","buyer":"thewycher","seller":"felipejoys","symbol":"SPT","quantity":"499.999999","price":"0.00246101","timestamp":1653781974,"volume":"1.23050500","buyTxId":"8b0b1f6d1a78232c6980fcc0597a6f45d66c86d8","sellTxId":"4a0012c8a890e4e79d11edd36658c1b59a1a5e29"}
{"index": {"_index":"spt","_id":"3553753"}}
	{"id":3553753,"type":"sell","buyer":"thewycher","seller":"felipejoys","symbol":"SPT","quantity":"279.860572","price":"0.00246101","timestamp":1653781974,"volume":"0.68873967","buyTxId":"035fceea387f759f48bc46c82fd7991412fe63c9","sellTxId":"4a0012c8a890e4e79d11edd36658c1b59a1a5e29"}
{"index": {"_index":"spt","_id":"3553888"}}
	{"id":3553888,"type":"sell","buyer":"thewycher","seller":"catomoon","symbol":"SPT","quantity":"3.368532","price":"0.00247101","timestamp":1653783633,"volume":"0.00832368","buyTxId":"00930d86f69a218efb5947d4e3dc3a348142f58f","sellTxId":"bfc9c23d542ef56d40bfc32fd7e7dbf4431e63ff"}
{"index": {"_index":"spt","_id":"3553961"}}
	{"id":3553961,"type":"buy","buyer":"tmk1974","seller":"greengineer","symbol":"SPT","quantity":"1384.140517","price":"0.00288988","timestamp":1653784392,"volume":"4","buyTxId":"71c61a3ae30b1507636eb5c1bcb1acf477c6f992","sellTxId":"18119f2e6b142077618fcd274b34ccdb52b015e9"}
{"index": {"_index":"spt","_id":"3554011"}}
	{"id":3554011,"type":"sell","buyer":"thewycher","seller":"noblebright","symbol":"SPT","quantity":"5.026128","price":"0.00247101","timestamp":1653784968,"volume":"0.01241961","buyTxId":"00930d86f69a218efb5947d4e3dc3a348142f58f","sellTxId":"ac968736d1e4097a90d2f1677a695c16b519dadd"}
{"index": {"_index":"spt","_id":"3554025"}}
	{"id":3554025,"type":"sell","buyer":"thewycher","seller":"dhedge-drips","symbol":"SPT","quantity":"0.007500","price":"0.00247101","timestamp":1653785166,"volume":"0.00001853","buyTxId":"00930d86f69a218efb5947d4e3dc3a348142f58f","sellTxId":"818e1f53a1da7e17ae0af0c3049d6863f72f36a7"}
{"index": {"_index":"spt","_id":"3554557"}}
	{"id":3554557,"type":"sell","buyer":"multifurcate","seller":"creativehive","symbol":"SPT","quantity":"118.714773","price":"0.00248100","timestamp":1653789537,"volume":"0.29453135","buyTxId":"685b6d672ce62bf44017730960487d1c328ec337","sellTxId":"1be8d7ac5f8255ecdf406326a741ddebbbbd517d"}
{"index": {"_index":"spt","_id":"3554692"}}
	{"id":3554692,"type":"sell","buyer":"multifurcate","seller":"gank","symbol":"SPT","quantity":"676.960404","price":"0.00249100","timestamp":1653791121,"volume":"1.68630837","buyTxId":"f33c274f29001e031847ddcce518044ababdfc2a","sellTxId":"c0463677ae62832caa1bd7877a00589b40a98939"}
{"index": {"_index":"spt","_id":"3554768"}}
	{"id":3554768,"type":"sell","buyer":"thewycher","seller":"zandroid64","symbol":"SPT","quantity":"0.11679","price":"0.00249101","timestamp":1653792117,"volume":"0.00029093","buyTxId":"b4bbe8d0b8d7a4720e99324ded5dfb51f012af93","sellTxId":"b9e39b8dd4e0d637528808c6838c3ce145500fa5"}
{"index": {"_index":"spt","_id":"3554851"}}
	{"id":3554851,"type":"sell","buyer":"thewycher","seller":"marvinix","symbol":"SPT","quantity":"5","price":"0.00249101","timestamp":1653792975,"volume":"0.01245505","buyTxId":"b4bbe8d0b8d7a4720e99324ded5dfb51f012af93","sellTxId":"48a8ebd9780414a02f3026ad5f9ad919665fdf30"}
