{"index": {"_index":"spt","_id":"2320794"}}
	{"id":2320794,"type":"sell","buyer":"torran","seller":"brofi-market","symbol":"SPT","quantity":"0.273505","price":"0.00310000","timestamp":1639887045,"volume":"0.00084787","buyTxId":"6a8c7b4ffbf97f2300f25b03924c9e75954179ff","sellTxId":"c4db68c2f2c5525a62e201c161aedf047e3a1278"}
{"index": {"_index":"spt","_id":"2320807"}}
	{"id":2320807,"type":"buy","buyer":"jongolson","seller":"laundrywoman","symbol":"SPT","quantity":"1000.000000","price":"0.00329987","timestamp":1639887231,"volume":"3.29987000","buyTxId":"f09599c01fb441ded35e0aeb1cd397e4e198a5d5","sellTxId":"c4f1f6dccdcb83e0d9403c3068e7c175dd297967"}
{"index": {"_index":"spt","_id":"2320967"}}
	{"id":2320967,"type":"buy","buyer":"he-index","seller":"laundrywoman","symbol":"SPT","quantity":"16.061000","price":"0.00329987","timestamp":1639888815,"volume":"0.05299921","buyTxId":"0981ee93135daa5d37652e4faee2b28d392b870f","sellTxId":"c4f1f6dccdcb83e0d9403c3068e7c175dd297967"}
{"index": {"_index":"spt","_id":"2321108"}}
	{"id":2321108,"type":"buy","buyer":"he-index","seller":"laundrywoman","symbol":"SPT","quantity":"56.669000","price":"0.00329987","timestamp":1639889778,"volume":"0.18700033","buyTxId":"8aab150fa38b091e471d6ed87b83c20c53dee323","sellTxId":"c4f1f6dccdcb83e0d9403c3068e7c175dd297967"}
{"index": {"_index":"spt","_id":"2321125"}}
	{"id":2321125,"type":"sell","buyer":"torran","seller":"chubb149","symbol":"SPT","quantity":"1000.000000","price":"0.00310000","timestamp":1639889796,"volume":"3.10000000","buyTxId":"6a8c7b4ffbf97f2300f25b03924c9e75954179ff","sellTxId":"f567f32e4cc816549ca7fcb00f2e15b0eea97b14"}
{"index": {"_index":"spt","_id":"2321165"}}
	{"id":2321165,"type":"sell","buyer":"torran","seller":"he-index","symbol":"SPT","quantity":"0.026000","price":"0.00310000","timestamp":1639890126,"volume":"0.00008060","buyTxId":"6a8c7b4ffbf97f2300f25b03924c9e75954179ff","sellTxId":"9843e72e520975157aad1dcc7e99fa55a6551a74"}
{"index": {"_index":"spt","_id":"2321239"}}
	{"id":2321239,"type":"buy","buyer":"chireerocks","seller":"laundrywoman","symbol":"SPT","quantity":"902.000000","price":"0.00329987","timestamp":1639890876,"volume":"2.97648274","buyTxId":"025d6a562fcbe09d7cbcee7505032d125e7c936c","sellTxId":"c4f1f6dccdcb83e0d9403c3068e7c175dd297967"}
{"index": {"_index":"spt","_id":"2321698"}}
	{"id":2321698,"type":"sell","buyer":"torran","seller":"bananofarmer","symbol":"SPT","quantity":"400.000000","price":"0.00310000","timestamp":1639894083,"volume":"1.24000000","buyTxId":"6a8c7b4ffbf97f2300f25b03924c9e75954179ff","sellTxId":"e10ce382a27a36f7742e707b752e504d9204f788"}
{"index": {"_index":"spt","_id":"2321827"}}
	{"id":2321827,"type":"buy","buyer":"mad-runner","seller":"laundrywoman","symbol":"SPT","quantity":"667.000000","price":"0.00329987","timestamp":1639895064,"volume":"2.20101329","buyTxId":"baf6556ee97617763be4762e09254914d642423c","sellTxId":"c4f1f6dccdcb83e0d9403c3068e7c175dd297967"}
{"index": {"_index":"spt","_id":"2321983"}}
	{"id":2321983,"type":"sell","buyer":"torran","seller":"dhedge-drips","symbol":"SPT","quantity":"0.025640","price":"0.00310000","timestamp":1639896336,"volume":"0.00007948","buyTxId":"6a8c7b4ffbf97f2300f25b03924c9e75954179ff","sellTxId":"39817cae393eced77f1528b0077cb4a76c323684"}
{"index": {"_index":"spt","_id":"2322492"}}
	{"id":2322492,"type":"buy","buyer":"mad-runner","seller":"laundrywoman","symbol":"SPT","quantity":"110.000000","price":"0.00329987","timestamp":1639901325,"volume":"0.36298570","buyTxId":"5a15445be7d62fb4d6824b2bfcb2ca5ebd665538","sellTxId":"c4f1f6dccdcb83e0d9403c3068e7c175dd297967"}
{"index": {"_index":"spt","_id":"2322522"}}
	{"id":2322522,"type":"sell","buyer":"torran","seller":"brofi-market","symbol":"SPT","quantity":"0.251118","price":"0.00310000","timestamp":1639901589,"volume":"0.00077847","buyTxId":"6a8c7b4ffbf97f2300f25b03924c9e75954179ff","sellTxId":"6a2df0002633218477564f26205111c326b7aea8"}
{"index": {"_index":"spt","_id":"2322611"}}
	{"id":2322611,"type":"buy","buyer":"kwakumax","seller":"laundrywoman","symbol":"SPT","quantity":"500.000000","price":"0.00329987","timestamp":1639902381,"volume":"1.64993500","buyTxId":"64fd6213f945a6a548e9c2ff3d557417a487fec2","sellTxId":"c4f1f6dccdcb83e0d9403c3068e7c175dd297967"}
{"index": {"_index":"spt","_id":"2322647"}}
	{"id":2322647,"type":"buy","buyer":"captainquack22","seller":"laundrywoman","symbol":"SPT","quantity":"45.034192","price":"0.00329987","timestamp":1639902762,"volume":"0.14860698","buyTxId":"19e7a9758fd51dd02c8ec05729ee6137ac0f8b1d","sellTxId":"c4f1f6dccdcb83e0d9403c3068e7c175dd297967"}
{"index": {"_index":"spt","_id":"2322665"}}
	{"id":2322665,"type":"sell","buyer":"torran","seller":"nrg","symbol":"SPT","quantity":"3736.344391","price":"0.00310000","timestamp":1639902855,"volume":"11.58266761","buyTxId":"6a8c7b4ffbf97f2300f25b03924c9e75954179ff","sellTxId":"c38b020a2b832634e6d039591db698dd7b8d646f-14"}
{"index": {"_index":"spt","_id":"2322678"}}
	{"id":2322678,"type":"sell","buyer":"torran","seller":"bambukah","symbol":"SPT","quantity":"0.281","price":"0.00310000","timestamp":1639902945,"volume":"0.00087110","buyTxId":"6a8c7b4ffbf97f2300f25b03924c9e75954179ff","sellTxId":"a1fcd9971079d55171c2652184f8f76174b91fff"}
{"index": {"_index":"spt","_id":"2322803"}}
	{"id":2322803,"type":"sell","buyer":"torran","seller":"ahmetay","symbol":"SPT","quantity":"1628.972081","price":"0.00310000","timestamp":1639903785,"volume":"5.04981345","buyTxId":"6a8c7b4ffbf97f2300f25b03924c9e75954179ff","sellTxId":"2d33e72e4f8471810bff2ce3675bd9db3f2246f0"}
{"index": {"_index":"spt","_id":"2323049"}}
	{"id":2323049,"type":"sell","buyer":"torran","seller":"captainquack22","symbol":"SPT","quantity":"15","price":"0.00310000","timestamp":1639906098,"volume":"0.04650000","buyTxId":"6a8c7b4ffbf97f2300f25b03924c9e75954179ff","sellTxId":"23df84545d0cea4aa6438a2f9722bf892a82f584"}
{"index": {"_index":"spt","_id":"2323326"}}
	{"id":2323326,"type":"sell","buyer":"torran","seller":"anderssinho","symbol":"SPT","quantity":"0.557000","price":"0.00310000","timestamp":1639908816,"volume":"0.00172670","buyTxId":"6a8c7b4ffbf97f2300f25b03924c9e75954179ff","sellTxId":"e7b7c43d347d1af9e0d7360934a7a2cda0d9271b"}
{"index": {"_index":"spt","_id":"2323366"}}
	{"id":2323366,"type":"sell","buyer":"torran","seller":"chronocrypto","symbol":"SPT","quantity":"738.248073","price":"0.00310000","timestamp":1639909179,"volume":"2.28856903","buyTxId":"6a8c7b4ffbf97f2300f25b03924c9e75954179ff","sellTxId":"564730e35d99acd5b609bb9b2b65e1f148633477"}
{"index": {"_index":"spt","_id":"2323367"}}
	{"id":2323367,"type":"sell","buyer":"granddaddies","seller":"chronocrypto","symbol":"SPT","quantity":"2490.836263","price":"0.00300023","timestamp":1639909179,"volume":"7.47308168","buyTxId":"3bdbd18e54f76331aa9e07cbff0c6934da861756","sellTxId":"564730e35d99acd5b609bb9b2b65e1f148633477"}
{"index": {"_index":"spt","_id":"2323437"}}
	{"id":2323437,"type":"sell","buyer":"granddaddies","seller":"theclasser1","symbol":"SPT","quantity":"33.824969","price":"0.00300023","timestamp":1639909848,"volume":"0.10148269","buyTxId":"3bdbd18e54f76331aa9e07cbff0c6934da861756","sellTxId":"a5a0e9d998713bd38ea150afd5ae39c29cad8bbb"}
{"index": {"_index":"spt","_id":"2323575"}}
	{"id":2323575,"type":"sell","buyer":"granddaddies","seller":"mango-juice","symbol":"SPT","quantity":"834.755190","price":"0.00300023","timestamp":1639911453,"volume":"2.50445756","buyTxId":"3bdbd18e54f76331aa9e07cbff0c6934da861756","sellTxId":"ef139887e542e14c0f12eb7734d74d031422b2d6"}
{"index": {"_index":"spt","_id":"2323790"}}
	{"id":2323790,"type":"sell","buyer":"granddaddies","seller":"reviles","symbol":"SPT","quantity":"6490.000000","price":"0.00300023","timestamp":1639913559,"volume":"19.47149270","buyTxId":"3bdbd18e54f76331aa9e07cbff0c6934da861756","sellTxId":"8133e0b29eef7bcce4d608dc5159f4f0bb5e3b18"}
{"index": {"_index":"spt","_id":"2323978"}}
	{"id":2323978,"type":"buy","buyer":"anomalix","seller":"brofi-market","symbol":"SPT","quantity":"0.000433","price":"0.00329987","timestamp":1639915233,"volume":"0.00000143","buyTxId":"e0a487dff9a818770091b9d1e928da43e91faa18","sellTxId":"4cc2af777404315629620fe334ed7b56e965f20f"}
{"index": {"_index":"spt","_id":"2324035"}}
	{"id":2324035,"type":"sell","buyer":"granddaddies","seller":"brofi-market","symbol":"SPT","quantity":"0.004863","price":"0.00300023","timestamp":1639915764,"volume":"0.00001459","buyTxId":"3bdbd18e54f76331aa9e07cbff0c6934da861756","sellTxId":"676734ed277cd7b0f3dcd9ca0719fb94a1be1728"}
{"index": {"_index":"spt","_id":"2324269"}}
	{"id":2324269,"type":"sell","buyer":"granddaddies","seller":"dhedge-drips","symbol":"SPT","quantity":"0.023998","price":"0.00300023","timestamp":1639917972,"volume":"0.00007200","buyTxId":"3bdbd18e54f76331aa9e07cbff0c6934da861756","sellTxId":"f565132d6f009b42948a2df02ec4bad093a8071a"}
{"index": {"_index":"spt","_id":"2324702"}}
	{"id":2324702,"type":"buy","buyer":"evernotice.leo","seller":"brofi-market","symbol":"SPT","quantity":"0.273072","price":"0.00329987","timestamp":1639922169,"volume":"0.00090110","buyTxId":"603a149777cd448d068ca05da746a4824376da7b","sellTxId":"4cc2af777404315629620fe334ed7b56e965f20f"}
{"index": {"_index":"spt","_id":"2324703"}}
	{"id":2324703,"type":"buy","buyer":"evernotice.leo","seller":"dhedge-drips","symbol":"SPT","quantity":"0.025640","price":"0.00329987","timestamp":1639922169,"volume":"0.00008461","buyTxId":"603a149777cd448d068ca05da746a4824376da7b","sellTxId":"f0356a4b128f5b939db6d4ddc62b67513a3d6210"}
{"index": {"_index":"spt","_id":"2324704"}}
	{"id":2324704,"type":"buy","buyer":"evernotice.leo","seller":"brofi-market","symbol":"SPT","quantity":"0.251118","price":"0.00329987","timestamp":1639922169,"volume":"0.00082866","buyTxId":"603a149777cd448d068ca05da746a4824376da7b","sellTxId":"d887812a647ea32fd7e671dad2156beb634f606a"}
{"index": {"_index":"spt","_id":"2324705"}}
	{"id":2324705,"type":"buy","buyer":"evernotice.leo","seller":"brofi-market","symbol":"SPT","quantity":"0.004863","price":"0.00329987","timestamp":1639922169,"volume":"0.00001605","buyTxId":"603a149777cd448d068ca05da746a4824376da7b","sellTxId":"654e20692f27f8a46ec0e1f842453a4ff596dce5"}
{"index": {"_index":"spt","_id":"2324706"}}
	{"id":2324706,"type":"buy","buyer":"evernotice.leo","seller":"dhedge-drips","symbol":"SPT","quantity":"0.023998","price":"0.00329987","timestamp":1639922169,"volume":"0.00007919","buyTxId":"603a149777cd448d068ca05da746a4824376da7b","sellTxId":"a69b0b9eb5452ed017f33dfce9a3b7e96d690bb0"}
{"index": {"_index":"spt","_id":"2324707"}}
	{"id":2324707,"type":"buy","buyer":"evernotice.leo","seller":"laundrywoman","symbol":"SPT","quantity":"99.421309","price":"0.00329987","timestamp":1639922169,"volume":"0.32807739","buyTxId":"603a149777cd448d068ca05da746a4824376da7b","sellTxId":"d201d419e815792bb621e91f9a90006b19113d98"}
{"index": {"_index":"spt","_id":"2324714"}}
	{"id":2324714,"type":"sell","buyer":"granddaddies","seller":"mistakili","symbol":"SPT","quantity":"2673.114439","price":"0.00300021","timestamp":1639922238,"volume":"8.01990467","buyTxId":"ce612988dfd2016bb0bdc760514d25836e32afdc","sellTxId":"6032cec677f938741be1ccbe8e805088ee061ba0"}
{"index": {"_index":"spt","_id":"2324838"}}
	{"id":2324838,"type":"sell","buyer":"atnazo","seller":"emma001","symbol":"SPT","quantity":"1164.273953","price":"0.00300020","timestamp":1639923408,"volume":"3.49305471","buyTxId":"219b5b15a94c2e873cc134e168f421982a5bcb16","sellTxId":"b210ce3009e2eec3f438ce58b003f96308028a17"}
{"index": {"_index":"spt","_id":"2324967"}}
	{"id":2324967,"type":"sell","buyer":"atnazo","seller":"carlosro","symbol":"SPT","quantity":"602.811722","price":"0.00300020","timestamp":1639924422,"volume":"1.80855573","buyTxId":"219b5b15a94c2e873cc134e168f421982a5bcb16","sellTxId":"7c2de625e9414eb1d48658a1b10ed8163c448ada"}
{"index": {"_index":"spt","_id":"2324968"}}
	{"id":2324968,"type":"sell","buyer":"muzehan","seller":"carlosro","symbol":"SPT","quantity":"799.901741","price":"0.00300000","timestamp":1639924422,"volume":"2.39970522","buyTxId":"34c952dc9cd92874c4fc72ec46f13fa00fcd3ff7","sellTxId":"7c2de625e9414eb1d48658a1b10ed8163c448ada"}
{"index": {"_index":"spt","_id":"2325020"}}
	{"id":2325020,"type":"buy","buyer":"dechuck","seller":"laundrywoman","symbol":"SPT","quantity":"100.000000","price":"0.00329987","timestamp":1639924914,"volume":"0.32998700","buyTxId":"b3a39a2841c011db2053621e290e530021375e63","sellTxId":"d201d419e815792bb621e91f9a90006b19113d98"}
{"index": {"_index":"spt","_id":"2325407"}}
	{"id":2325407,"type":"sell","buyer":"granddaddies","seller":"mightyrocklee","symbol":"SPT","quantity":"942.379340","price":"0.00300001","timestamp":1639928862,"volume":"2.82714744","buyTxId":"c29f107774761fc5bfc5345cdcdeaa5c70e6391c","sellTxId":"c4dd442521498ecafea78c1fdb032e43e3ac750e"}
{"index": {"_index":"spt","_id":"2325590"}}
	{"id":2325590,"type":"sell","buyer":"granddaddies","seller":"brofi-market","symbol":"SPT","quantity":"0.222683","price":"0.00300001","timestamp":1639930242,"volume":"0.00066805","buyTxId":"c29f107774761fc5bfc5345cdcdeaa5c70e6391c","sellTxId":"8b46e8b5cf3edc90cbb8bf798b97a5a357684a01"}
{"index": {"_index":"spt","_id":"2325725"}}
	{"id":2325725,"type":"sell","buyer":"granddaddies","seller":"hiveexplorers","symbol":"SPT","quantity":"299.123316","price":"0.00300001","timestamp":1639931517,"volume":"0.89737294","buyTxId":"c29f107774761fc5bfc5345cdcdeaa5c70e6391c","sellTxId":"a9f51414a55ed3d161434f4ff6082bf28f0fe332"}
{"index": {"_index":"spt","_id":"2325776"}}
	{"id":2325776,"type":"sell","buyer":"granddaddies","seller":"reward.app","symbol":"SPT","quantity":"2971.974063","price":"0.00300001","timestamp":1639931805,"volume":"8.91595191","buyTxId":"c29f107774761fc5bfc5345cdcdeaa5c70e6391c","sellTxId":"9e18ab31698d9fffd346cc537e13de28be6f5b06"}
{"index": {"_index":"spt","_id":"2325787"}}
	{"id":2325787,"type":"sell","buyer":"granddaddies","seller":"liuke96player","symbol":"SPT","quantity":"1532.000000","price":"0.00300001","timestamp":1639931880,"volume":"4.59601532","buyTxId":"c29f107774761fc5bfc5345cdcdeaa5c70e6391c","sellTxId":"321728d5115f5c0c6a157132407b40a492025721"}
{"index": {"_index":"spt","_id":"2325854"}}
	{"id":2325854,"type":"sell","buyer":"granddaddies","seller":"mad-runner","symbol":"SPT","quantity":"774.220194","price":"0.00300001","timestamp":1639932186,"volume":"2.32266832","buyTxId":"c29f107774761fc5bfc5345cdcdeaa5c70e6391c","sellTxId":"923193932dfc5f621d18de8a53a8e367a196530c"}
{"index": {"_index":"spt","_id":"2325956"}}
	{"id":2325956,"type":"sell","buyer":"granddaddies","seller":"lisamgentile1961","symbol":"SPT","quantity":"18.146517","price":"0.00300001","timestamp":1639932675,"volume":"0.05443973","buyTxId":"c29f107774761fc5bfc5345cdcdeaa5c70e6391c","sellTxId":"8c04080f407c0be391e813e7bd9261481e8bac6a"}
{"index": {"_index":"spt","_id":"2326034"}}
	{"id":2326034,"type":"sell","buyer":"granddaddies","seller":"teteuzinho","symbol":"SPT","quantity":"1224.081049","price":"0.00300001","timestamp":1639933062,"volume":"3.67225539","buyTxId":"c29f107774761fc5bfc5345cdcdeaa5c70e6391c","sellTxId":"ebbb4b4585432b4f6a7e638ca1f694f396e12f96"}
{"index": {"_index":"spt","_id":"2326044"}}
	{"id":2326044,"type":"sell","buyer":"granddaddies","seller":"hiveexplorers","symbol":"SPT","quantity":"43.000241","price":"0.00300001","timestamp":1639933155,"volume":"0.12900115","buyTxId":"c29f107774761fc5bfc5345cdcdeaa5c70e6391c","sellTxId":"59980667b3fd9fe1b78c483d13d5e27cafa38886"}
{"index": {"_index":"spt","_id":"2326060"}}
	{"id":2326060,"type":"sell","buyer":"granddaddies","seller":"eforucom","symbol":"SPT","quantity":"3.596140","price":"0.00300001","timestamp":1639933173,"volume":"0.01078846","buyTxId":"c29f107774761fc5bfc5345cdcdeaa5c70e6391c","sellTxId":"04443bf716be2024c3e5ca118258d8b5ee782dda"}
{"index": {"_index":"spt","_id":"2326147"}}
	{"id":2326147,"type":"sell","buyer":"granddaddies","seller":"shauner","symbol":"SPT","quantity":"2718.245443","price":"0.00300001","timestamp":1639933650,"volume":"8.15476351","buyTxId":"c29f107774761fc5bfc5345cdcdeaa5c70e6391c","sellTxId":"a87e9d4480b965f9d0cdd720ccab0f8dae731e68"}
{"index": {"_index":"spt","_id":"2326167"}}
	{"id":2326167,"type":"sell","buyer":"granddaddies","seller":"hienco","symbol":"SPT","quantity":"6.846649","price":"0.00300001","timestamp":1639933716,"volume":"0.02054002","buyTxId":"c29f107774761fc5bfc5345cdcdeaa5c70e6391c","sellTxId":"0421448d6aff1450bf60a34613237e382ae91000"}
{"index": {"_index":"spt","_id":"2326334"}}
	{"id":2326334,"type":"buy","buyer":"druidsblood","seller":"laundrywoman","symbol":"SPT","quantity":"15000.000000","price":"0.00329987","timestamp":1639935048,"volume":"49.49805000","buyTxId":"9a102eb5f8b09f0e651aa6379364d116ad5c1dde","sellTxId":"d201d419e815792bb621e91f9a90006b19113d98"}
{"index": {"_index":"spt","_id":"2326399"}}
	{"id":2326399,"type":"buy","buyer":"catomoon","seller":"laundrywoman","symbol":"SPT","quantity":"11.980000","price":"0.00329987","timestamp":1639935711,"volume":"0.03953244","buyTxId":"c9d3acb52380de9dc92a996786cc0c4b679ef8b2","sellTxId":"d201d419e815792bb621e91f9a90006b19113d98"}
{"index": {"_index":"spt","_id":"2326469"}}
	{"id":2326469,"type":"sell","buyer":"granddaddies","seller":"dswap","symbol":"SPT","quantity":"3788","price":"0.00300001","timestamp":1639936374,"volume":"11.36403788","buyTxId":"c29f107774761fc5bfc5345cdcdeaa5c70e6391c","sellTxId":"933ba3b303519ab78c2e1e77f1a23a9827bfc0d5"}
{"index": {"_index":"spt","_id":"2326608"}}
	{"id":2326608,"type":"sell","buyer":"granddaddies","seller":"mad-runner","symbol":"SPT","quantity":"90.693951","price":"0.00300001","timestamp":1639937499,"volume":"0.27208276","buyTxId":"c29f107774761fc5bfc5345cdcdeaa5c70e6391c","sellTxId":"f178453235bdee4c9ecb662022923893f7764ac3"}
{"index": {"_index":"spt","_id":"2326717"}}
	{"id":2326717,"type":"sell","buyer":"granddaddies","seller":"xabi","symbol":"SPT","quantity":"1087.382323","price":"0.00300001","timestamp":1639938570,"volume":"3.26215784","buyTxId":"c29f107774761fc5bfc5345cdcdeaa5c70e6391c","sellTxId":"0f3c0516cea39803f250b4cf29bd70921a3fa1e7"}
{"index": {"_index":"spt","_id":"2326828"}}
	{"id":2326828,"type":"sell","buyer":"granddaddies","seller":"dhedge-drips","symbol":"SPT","quantity":"0.020876","price":"0.00300001","timestamp":1639939545,"volume":"0.00006263","buyTxId":"c29f107774761fc5bfc5345cdcdeaa5c70e6391c","sellTxId":"bc6c76dcb574b202fbfedb54c970d174d05f0c59"}
{"index": {"_index":"spt","_id":"2327091"}}
	{"id":2327091,"type":"sell","buyer":"muzehan","seller":"sephiwolf","symbol":"SPT","quantity":"200.098259","price":"0.00300000","timestamp":1639941438,"volume":"0.60029478","buyTxId":"34c952dc9cd92874c4fc72ec46f13fa00fcd3ff7","sellTxId":"f54333c1be22e0e6074b1d4b36304c573cfe094a"}
{"index": {"_index":"spt","_id":"2327173"}}
	{"id":2327173,"type":"sell","buyer":"granddaddies","seller":"itachi24","symbol":"SPT","quantity":"787.222104","price":"0.00290001","timestamp":1639942215,"volume":"2.28295197","buyTxId":"2b27e28573f1046e34689f5171e23f1f19a353da","sellTxId":"98060e78ecaf2dc78ab0928601d3b9776cce2ec9"}
{"index": {"_index":"spt","_id":"2327460"}}
	{"id":2327460,"type":"sell","buyer":"granddaddies","seller":"brofi-market","symbol":"SPT","quantity":"0.009350","price":"0.00290001","timestamp":1639944675,"volume":"0.00002712","buyTxId":"2b27e28573f1046e34689f5171e23f1f19a353da","sellTxId":"98106c8d167e2def883d16495a8f98ec9de4549e"}
{"index": {"_index":"spt","_id":"2327548"}}
	{"id":2327548,"type":"sell","buyer":"granddaddies","seller":"nrg","symbol":"SPT","quantity":"2490.143694","price":"0.00290001","timestamp":1639945179,"volume":"7.22144161","buyTxId":"2b27e28573f1046e34689f5171e23f1f19a353da","sellTxId":"eb8088429a77f2ed06155a5aaeac7f25009b2a01-8"}
{"index": {"_index":"spt","_id":"2327568"}}
	{"id":2327568,"type":"buy","buyer":"rocknrolldm","seller":"sephiwolf","symbol":"SPT","quantity":"36.209249","price":"0.00300000","timestamp":1639945353,"volume":"0.10862775","buyTxId":"951df6056b63acf19cbfbee18d2c0999c4f6f7bd","sellTxId":"f54333c1be22e0e6074b1d4b36304c573cfe094a"}
{"index": {"_index":"spt","_id":"2327569"}}
	{"id":2327569,"type":"buy","buyer":"rocknrolldm","seller":"brofi-market","symbol":"SPT","quantity":"0.009350","price":"0.00300000","timestamp":1639945353,"volume":"0.00002805","buyTxId":"951df6056b63acf19cbfbee18d2c0999c4f6f7bd","sellTxId":"c304832b00dc7c39884dae8c9e83491b859365ad"}
{"index": {"_index":"spt","_id":"2327570"}}
	{"id":2327570,"type":"buy","buyer":"rocknrolldm","seller":"brofi-market","symbol":"SPT","quantity":"0.222683","price":"0.00329987","timestamp":1639945353,"volume":"0.00073482","buyTxId":"951df6056b63acf19cbfbee18d2c0999c4f6f7bd","sellTxId":"f6902659c58013131a843f381ff0c609afafd096"}
{"index": {"_index":"spt","_id":"2327571"}}
	{"id":2327571,"type":"buy","buyer":"rocknrolldm","seller":"dhedge-drips","symbol":"SPT","quantity":"0.020876","price":"0.00329987","timestamp":1639945353,"volume":"0.00006889","buyTxId":"951df6056b63acf19cbfbee18d2c0999c4f6f7bd","sellTxId":"128422df4d3c0359d416ac728dc15822e49ddbac"}
{"index": {"_index":"spt","_id":"2327572"}}
	{"id":2327572,"type":"buy","buyer":"rocknrolldm","seller":"laundrywoman","symbol":"SPT","quantity":"3963.537842","price":"0.00329987","timestamp":1639945353,"volume":"13.07915962","buyTxId":"951df6056b63acf19cbfbee18d2c0999c4f6f7bd","sellTxId":"3bf97423ccfedf5daa1f98cf218b1b91112ee303"}
{"index": {"_index":"spt","_id":"2328043"}}
	{"id":2328043,"type":"sell","buyer":"granddaddies","seller":"davidcrosscr","symbol":"SPT","quantity":"23.970000","price":"0.00290001","timestamp":1639949703,"volume":"0.06951324","buyTxId":"f219229de5741dff58221026622f765e9f39731b","sellTxId":"b5eab3f5e5ba373e0d7bedcf78e93a586260ed48"}
{"index": {"_index":"spt","_id":"2328683"}}
	{"id":2328683,"type":"sell","buyer":"granddaddies","seller":"steemmatt","symbol":"SPT","quantity":"1261.614298","price":"0.00290001","timestamp":1639957098,"volume":"3.65869408","buyTxId":"f219229de5741dff58221026622f765e9f39731b","sellTxId":"91d828753f01853111e698c2cff025a3e353330b"}
{"index": {"_index":"spt","_id":"2328693"}}
	{"id":2328693,"type":"buy","buyer":"egistar","seller":"laundrywoman","symbol":"SPT","quantity":"1519.761458","price":"0.00328999","timestamp":1639957335,"volume":"5","buyTxId":"b652015d21389efd46cd4fbe9af03eb118e57edf","sellTxId":"a64fd1c9d516306028cc91dca90dd1a2f04a7dab"}
{"index": {"_index":"spt","_id":"2328860"}}
	{"id":2328860,"type":"sell","buyer":"granddaddies","seller":"brofi-market","symbol":"SPT","quantity":"3.568354","price":"0.00290001","timestamp":1639959246,"volume":"0.01034826","buyTxId":"f219229de5741dff58221026622f765e9f39731b","sellTxId":"7a9ef4443638090bf7a7b9d134b802a97507a41d"}
{"index": {"_index":"spt","_id":"2328920"}}
	{"id":2328920,"type":"buy","buyer":"igel2017","seller":"laundrywoman","symbol":"SPT","quantity":"998.000000","price":"0.00328999","timestamp":1639959930,"volume":"3.28341002","buyTxId":"378e9118e6f896e3bc2b17de17069b084ae195c3","sellTxId":"a64fd1c9d516306028cc91dca90dd1a2f04a7dab"}
{"index": {"_index":"spt","_id":"2328991"}}
	{"id":2328991,"type":"sell","buyer":"granddaddies","seller":"dhedge-drips","symbol":"SPT","quantity":"0.001285","price":"0.00290001","timestamp":1639961184,"volume":"0.00000373","buyTxId":"f219229de5741dff58221026622f765e9f39731b","sellTxId":"0e2aa71f34d3015d856a3609552c3a5aa6b34fd6"}
{"index": {"_index":"spt","_id":"2329837"}}
	{"id":2329837,"type":"sell","buyer":"granddaddies","seller":"dswap","symbol":"SPT","quantity":"300","price":"0.00290001","timestamp":1639970448,"volume":"0.87000300","buyTxId":"d241df19fe9c8d75300d927b1eaf9dc18894eccc","sellTxId":"c2b6eb49c7ed97ecf37223b6c53804f433131021"}
{"index": {"_index":"spt","_id":"2329869"}}
	{"id":2329869,"type":"sell","buyer":"granddaddies","seller":"remiakther","symbol":"SPT","quantity":"132","price":"0.00290001","timestamp":1639970937,"volume":"0.38280132","buyTxId":"d241df19fe9c8d75300d927b1eaf9dc18894eccc","sellTxId":"21573afa7ec36953ebdf7382c6a450d91924eac8"}
