{"index": {"_index":"spt","_id":"3624724"}}
	{"id":3624724,"type":"sell","buyer":"ecko-fresh","seller":"lordneroo","symbol":"SPT","quantity":"83.823526","price":"0.00220010","timestamp":1654571847,"volume":"0.18442014","buyTxId":"d7eaf76c6a758e3d7cbcd3e8ba0f7babdd8fc71d","sellTxId":"26d893a7ddeee778c275b9381a17729ad6313edb"}
{"index": {"_index":"spt","_id":"3624809"}}
	{"id":3624809,"type":"buy","buyer":"pjansen","seller":"lordneroo","symbol":"SPT","quantity":"88.451550","price":"0.00220000","timestamp":1654573062,"volume":"0.19459341","buyTxId":"54c06f7a7010a1a8be181320d402be826376594c","sellTxId":"26d893a7ddeee778c275b9381a17729ad6313edb"}
{"index": {"_index":"spt","_id":"3624810"}}
	{"id":3624810,"type":"buy","buyer":"pjansen","seller":"agglutinogenic","symbol":"SPT","quantity":"0.044993","price":"0.00236900","timestamp":1654573062,"volume":"0.00010659","buyTxId":"54c06f7a7010a1a8be181320d402be826376594c","sellTxId":"b0d110a6bbd54c96a8f9ab6e483b786dff3ea92e"}
{"index": {"_index":"spt","_id":"3625050"}}
	{"id":3625050,"type":"sell","buyer":"kitsuki","seller":"thinkrdotexe","symbol":"SPT","quantity":"2.406633","price":"0.00217602","timestamp":1654575744,"volume":"0.00523688","buyTxId":"7ecd2e9be756724aee218c5cb914254113ba1d1a","sellTxId":"7a9f064c6197a8cc4a1800f3603a5a054e8c606b"}
{"index": {"_index":"spt","_id":"3625169"}}
	{"id":3625169,"type":"sell","buyer":"kitsuki","seller":"mawit07","symbol":"SPT","quantity":"476.950319","price":"0.00217602","timestamp":1654577490,"volume":"1.03785343","buyTxId":"7ecd2e9be756724aee218c5cb914254113ba1d1a","sellTxId":"d9f4e7f61372d7dd8bea4dc6fccaa18bcf7590d2"}
{"index": {"_index":"spt","_id":"3625222"}}
	{"id":3625222,"type":"buy","buyer":"pjansen","seller":"mawit07","symbol":"SPT","quantity":"155.547615","price":"0.00217602","timestamp":1654578756,"volume":"0.33847472","buyTxId":"86edfe533d7985b40ad960cb3fe08a623d8ed2e5","sellTxId":"d9f4e7f61372d7dd8bea4dc6fccaa18bcf7590d2"}
{"index": {"_index":"spt","_id":"3625223"}}
	{"id":3625223,"type":"buy","buyer":"pjansen","seller":"agglutinogenic","symbol":"SPT","quantity":"0.010716","price":"0.00235900","timestamp":1654578756,"volume":"0.00002528","buyTxId":"86edfe533d7985b40ad960cb3fe08a623d8ed2e5","sellTxId":"e217af0bd846c346a1a13f815a85d6f4dc98d76a"}
{"index": {"_index":"spt","_id":"3625352"}}
	{"id":3625352,"type":"sell","buyer":"kitsuki","seller":"alexandrzombi","symbol":"SPT","quantity":"0.407996","price":"0.00217417","timestamp":1654580229,"volume":"0.00088705","buyTxId":"8cfe1eba8d13ce734d486edc12224d18a128f6df","sellTxId":"01a583716c64b305b0b5c49e564855e6408ae05e"}
{"index": {"_index":"spt","_id":"3625531"}}
	{"id":3625531,"type":"sell","buyer":"kitsuki","seller":"sralim","symbol":"SPT","quantity":"29.540682","price":"0.00217417","timestamp":1654582482,"volume":"0.06422646","buyTxId":"8cfe1eba8d13ce734d486edc12224d18a128f6df","sellTxId":"5b25a70758279c51fab4e711a16c67d6f3766f6d"}
{"index": {"_index":"spt","_id":"3625938"}}
	{"id":3625938,"type":"sell","buyer":"kitsuki","seller":"pjansen","symbol":"SPT","quantity":"270.051322","price":"0.00217417","timestamp":1654586226,"volume":"0.58713748","buyTxId":"8cfe1eba8d13ce734d486edc12224d18a128f6df","sellTxId":"4ce239d832e7fde27cd2f83bdfc411d14e4485bd"}
{"index": {"_index":"spt","_id":"3625939"}}
	{"id":3625939,"type":"sell","buyer":"dede99","seller":"pjansen","symbol":"SPT","quantity":"1802.821031","price":"0.00217416","timestamp":1654586226,"volume":"3.91962137","buyTxId":"aa6476975fd80a573fd81d2171fad62d8a66ca8e","sellTxId":"4ce239d832e7fde27cd2f83bdfc411d14e4485bd"}
{"index": {"_index":"spt","_id":"3625940"}}
	{"id":3625940,"type":"sell","buyer":"multifurcate","seller":"pjansen","symbol":"SPT","quantity":"0.014019","price":"0.00203199","timestamp":1654586226,"volume":"0.00002849","buyTxId":"535c0b61058c12efbba048d46608bb2cf4f95783","sellTxId":"4ce239d832e7fde27cd2f83bdfc411d14e4485bd"}
{"index": {"_index":"spt","_id":"3626174"}}
	{"id":3626174,"type":"sell","buyer":"multifurcate","seller":"lipe100dedos","symbol":"SPT","quantity":"112.227189","price":"0.00203199","timestamp":1654588560,"volume":"0.22804453","buyTxId":"dcd31c8b7f379b43548bbeafb4ab4a5e6e28b24b","sellTxId":"83ddd5dce053ef93c275d09dc29e129d48993297"}
{"index": {"_index":"spt","_id":"3626555"}}
	{"id":3626555,"type":"sell","buyer":"multifurcate","seller":"humblebeast","symbol":"SPT","quantity":"140.162305","price":"0.00203199","timestamp":1654592406,"volume":"0.28480840","buyTxId":"dcd31c8b7f379b43548bbeafb4ab4a5e6e28b24b","sellTxId":"41a205726977c24b1728be36063c6167ea5ee8f3"}
{"index": {"_index":"spt","_id":"3626659"}}
	{"id":3626659,"type":"sell","buyer":"multifurcate","seller":"ghua","symbol":"SPT","quantity":"9.716819","price":"0.00203199","timestamp":1654594737,"volume":"0.01974448","buyTxId":"dcd31c8b7f379b43548bbeafb4ab4a5e6e28b24b","sellTxId":"0e9a877be62547dcec5bab06603d4e592eb22374"}
{"index": {"_index":"spt","_id":"3627389"}}
	{"id":3627389,"type":"sell","buyer":"multifurcate","seller":"sawcraz.art","symbol":"SPT","quantity":"2425.415964","price":"0.00203199","timestamp":1654605006,"volume":"4.92842098","buyTxId":"dcd31c8b7f379b43548bbeafb4ab4a5e6e28b24b","sellTxId":"6a814506bbf7491066316f72c317707919b32ca0"}
{"index": {"_index":"spt","_id":"3627464"}}
	{"id":3627464,"type":"buy","buyer":"dbooster","seller":"agglutinogenic","symbol":"SPT","quantity":"500.000000","price":"0.00227900","timestamp":1654606005,"volume":"1.13950000","buyTxId":"34c044f90bfa197fa43bda1e9719804c3540a9b6","sellTxId":"24a4979cbe45bb2b929f3d0ebd266e8f4a46e934"}
{"index": {"_index":"spt","_id":"3627487"}}
	{"id":3627487,"type":"sell","buyer":"multifurcate","seller":"hivebr.spt","symbol":"SPT","quantity":"5000.000000","price":"0.00203199","timestamp":1654606443,"volume":"10.15995000","buyTxId":"dcd31c8b7f379b43548bbeafb4ab4a5e6e28b24b","sellTxId":"0b0fce3e7dd5315f6faf8241d8837bc6b4eb0167"}
{"index": {"_index":"spt","_id":"3627572"}}
	{"id":3627572,"type":"sell","buyer":"multifurcate","seller":"jaopalas","symbol":"SPT","quantity":"4.918234","price":"0.00203199","timestamp":1654607046,"volume":"0.00999380","buyTxId":"dcd31c8b7f379b43548bbeafb4ab4a5e6e28b24b","sellTxId":"4462d8504ff3663cce5f7f68cb220a92500f2080"}
{"index": {"_index":"spt","_id":"3627813"}}
	{"id":3627813,"type":"sell","buyer":"multifurcate","seller":"themarkymark","symbol":"SPT","quantity":"4.347605","price":"0.00203199","timestamp":1654609338,"volume":"0.00883429","buyTxId":"dcd31c8b7f379b43548bbeafb4ab4a5e6e28b24b","sellTxId":"205753c6bae4dd2b8b5c5cb062067411243c3403"}
{"index": {"_index":"spt","_id":"3627967"}}
	{"id":3627967,"type":"sell","buyer":"multifurcate","seller":"captainquack22","symbol":"SPT","quantity":"574","price":"0.00203199","timestamp":1654610808,"volume":"1.16636226","buyTxId":"dcd31c8b7f379b43548bbeafb4ab4a5e6e28b24b","sellTxId":"992644168fb95c5e5f369295962a647cdb91047d"}
{"index": {"_index":"spt","_id":"3628197"}}
	{"id":3628197,"type":"sell","buyer":"multifurcate","seller":"luizeba","symbol":"SPT","quantity":"8773.861209","price":"0.00203199","timestamp":1654613799,"volume":"17.82839824","buyTxId":"0114936ea68b5449ebef7a1459426c5b3e4bf555","sellTxId":"3e1409af00471b538d063f199af28a8eeb56c7c5"}
{"index": {"_index":"spt","_id":"3628397"}}
	{"id":3628397,"type":"sell","buyer":"multifurcate","seller":"crypto-futurist","symbol":"SPT","quantity":"2.975574","price":"0.00203199","timestamp":1654615566,"volume":"0.00604634","buyTxId":"0114936ea68b5449ebef7a1459426c5b3e4bf555","sellTxId":"64b5e722302f2e68cc4720e8903f5cb5720425d1"}
{"index": {"_index":"spt","_id":"3628434"}}
	{"id":3628434,"type":"sell","buyer":"multifurcate","seller":"oscurocactus","symbol":"SPT","quantity":"6593.366017","price":"0.00203199","timestamp":1654616010,"volume":"13.39765381","buyTxId":"0114936ea68b5449ebef7a1459426c5b3e4bf555","sellTxId":"12c4c5660e1939e0278e8e3b2292e812e7905c15"}
{"index": {"_index":"spt","_id":"3628965"}}
	{"id":3628965,"type":"buy","buyer":"jongolson","seller":"agglutinogenic","symbol":"SPT","quantity":"1000.000000","price":"0.00223900","timestamp":1654621290,"volume":"2.23900000","buyTxId":"6ae1ea2dc5515e67d407393a6d67797551bee899","sellTxId":"015aea1ce29908e29f0cee71f9058d0463d7d053"}
{"index": {"_index":"spt","_id":"3628972"}}
	{"id":3628972,"type":"sell","buyer":"nathu1","seller":"boscohage","symbol":"SPT","quantity":"0.241700","price":"0.00203200","timestamp":1654621371,"volume":"0.00049113","buyTxId":"569bf4acaf26da6acab688b601ac59ba2ab53949","sellTxId":"96bb1157898874bd11c58e92709080a7c0bca550"}
{"index": {"_index":"spt","_id":"3629049"}}
	{"id":3629049,"type":"buy","buyer":"borgito","seller":"agglutinogenic","symbol":"SPT","quantity":"80.000000","price":"0.00223900","timestamp":1654621863,"volume":"0.17912000","buyTxId":"7355138bdd95aa26c0e6d2abe3fdff68b4f30829","sellTxId":"015aea1ce29908e29f0cee71f9058d0463d7d053"}
{"index": {"_index":"spt","_id":"3629119"}}
	{"id":3629119,"type":"sell","buyer":"nathu1","seller":"yameen","symbol":"SPT","quantity":"115.092578","price":"0.00203200","timestamp":1654622862,"volume":"0.23386812","buyTxId":"569bf4acaf26da6acab688b601ac59ba2ab53949","sellTxId":"6d4526ed27d0453fadb6dd34b58fe6b5728b9fe7"}
{"index": {"_index":"spt","_id":"3629169"}}
	{"id":3629169,"type":"sell","buyer":"nathu1","seller":"heutorybr","symbol":"SPT","quantity":"247.341655","price":"0.00203200","timestamp":1654623618,"volume":"0.50259824","buyTxId":"569bf4acaf26da6acab688b601ac59ba2ab53949","sellTxId":"c67bf8293198f0169551e5d69fce6a5801746754"}
{"index": {"_index":"spt","_id":"3629194"}}
	{"id":3629194,"type":"sell","buyer":"nathu1","seller":"catomoon","symbol":"SPT","quantity":"2.995184","price":"0.00203200","timestamp":1654624185,"volume":"0.00608621","buyTxId":"569bf4acaf26da6acab688b601ac59ba2ab53949","sellTxId":"a45b85dc8093aa057bd1b98380e14b77e91d7e72"}
{"index": {"_index":"spt","_id":"3629628"}}
	{"id":3629628,"type":"buy","buyer":"druidsblood","seller":"agglutinogenic","symbol":"SPT","quantity":"14254.000000","price":"0.00222900","timestamp":1654627656,"volume":"31.77216600","buyTxId":"c47b292862b185bcb4282895ff4d8f5aea3ee01d","sellTxId":"9fda272a94155b77189470b24fb4205de80dde57"}
{"index": {"_index":"spt","_id":"3629631"}}
	{"id":3629631,"type":"buy","buyer":"druidsblood","seller":"agglutinogenic","symbol":"SPT","quantity":"14254.000000","price":"0.00222900","timestamp":1654627686,"volume":"31.77216600","buyTxId":"6471a8e2164e1ce4ef750917a4c91c67bf19f8a1","sellTxId":"9fda272a94155b77189470b24fb4205de80dde57"}
{"index": {"_index":"spt","_id":"3629642"}}
	{"id":3629642,"type":"buy","buyer":"druidsblood","seller":"agglutinogenic","symbol":"SPT","quantity":"21214.000000","price":"0.00222900","timestamp":1654627776,"volume":"47.28600600","buyTxId":"33bb5180c894168b5731407b8f6d5e0fa06e8be5","sellTxId":"9fda272a94155b77189470b24fb4205de80dde57"}
{"index": {"_index":"spt","_id":"3629705"}}
	{"id":3629705,"type":"sell","buyer":"nathu1","seller":"giacomone","symbol":"SPT","quantity":"0.503677","price":"0.00203200","timestamp":1654628286,"volume":"0.00102347","buyTxId":"569bf4acaf26da6acab688b601ac59ba2ab53949","sellTxId":"d096bda2350e98ed6662b33736f8ba2835364ccc"}
{"index": {"_index":"spt","_id":"3629877"}}
	{"id":3629877,"type":"sell","buyer":"nathu1","seller":"tillytots","symbol":"SPT","quantity":"8.825206","price":"0.00203200","timestamp":1654630089,"volume":"0.01793282","buyTxId":"569bf4acaf26da6acab688b601ac59ba2ab53949","sellTxId":"dd5d27dcaad36cebeda95a00f9315fcd3e8d6f91"}
{"index": {"_index":"spt","_id":"3629878"}}
	{"id":3629878,"type":"sell","buyer":"multifurcate","seller":"tillytots","symbol":"SPT","quantity":"12010.857834","price":"0.00203199","timestamp":1654630089,"volume":"24.40594301","buyTxId":"0091a0dc1a6d5852919ef6a70321069d1c5c1083","sellTxId":"dd5d27dcaad36cebeda95a00f9315fcd3e8d6f91"}
{"index": {"_index":"spt","_id":"3630187"}}
	{"id":3630187,"type":"sell","buyer":"multifurcate","seller":"captainquack22","symbol":"SPT","quantity":"691","price":"0.00203199","timestamp":1654632621,"volume":"1.40410509","buyTxId":"0091a0dc1a6d5852919ef6a70321069d1c5c1083","sellTxId":"c9cbe4449f804b6cfb210ed8c1f63f745c72624a"}
{"index": {"_index":"spt","_id":"3630382"}}
	{"id":3630382,"type":"sell","buyer":"multifurcate","seller":"liuke96player","symbol":"SPT","quantity":"71.897246","price":"0.00203199","timestamp":1654634334,"volume":"0.14609448","buyTxId":"0091a0dc1a6d5852919ef6a70321069d1c5c1083","sellTxId":"8c924ce3b25216cc67ff3709ee5d0466421c5280"}
{"index": {"_index":"spt","_id":"3630452"}}
	{"id":3630452,"type":"sell","buyer":"multifurcate","seller":"shauner","symbol":"SPT","quantity":"13865.273921","price":"0.00203199","timestamp":1654635243,"volume":"28.17409795","buyTxId":"0091a0dc1a6d5852919ef6a70321069d1c5c1083","sellTxId":"409c0aa4a4c0090c8be51bff79c4a04f10417621"}
{"index": {"_index":"spt","_id":"3630622"}}
	{"id":3630622,"type":"sell","buyer":"multifurcate","seller":"elricmoonslayer","symbol":"SPT","quantity":"37.162723","price":"0.00203199","timestamp":1654637271,"volume":"0.07551428","buyTxId":"1147645c15d2b4fb5cc01740c090ec7922fb4ee2","sellTxId":"a4c8d1505a7190e038878663e49e87f541898bb0"}
{"index": {"_index":"spt","_id":"3631029"}}
	{"id":3631029,"type":"sell","buyer":"he-index","seller":"felipejoys","symbol":"SPT","quantity":"15.748000","price":"0.00203199","timestamp":1654643316,"volume":"0.03199978","buyTxId":"f921ceab5d72b5cbed9a9a0128a8ae83199d83da","sellTxId":"089c59da32b4618b519e8a90440558cfa7c95ed3"}
{"index": {"_index":"spt","_id":"3631030"}}
	{"id":3631030,"type":"sell","buyer":"multifurcate","seller":"felipejoys","symbol":"SPT","quantity":"2675.773110","price":"0.00203199","timestamp":1654643316,"volume":"5.43714420","buyTxId":"8fb8aca62d30e26d2c78a491e4bbe13014abb521","sellTxId":"089c59da32b4618b519e8a90440558cfa7c95ed3"}
{"index": {"_index":"spt","_id":"3631097"}}
	{"id":3631097,"type":"buy","buyer":"dragonslayer3263","seller":"eythorphoto","symbol":"SPT","quantity":"0.095751","price":"0.00203204","timestamp":1654644033,"volume":"0.00019457","buyTxId":"a1ac20d005d381443c22eab5d69e8cf62f1143d5","sellTxId":"e1a8146aa6af19e7e32eb4cd760508c61e31dfba"}
{"index": {"_index":"spt","_id":"3631098"}}
	{"id":3631098,"type":"buy","buyer":"dragonslayer3263","seller":"uyobong","symbol":"SPT","quantity":"315.671009","price":"0.00220000","timestamp":1654644033,"volume":"0.69447622","buyTxId":"a1ac20d005d381443c22eab5d69e8cf62f1143d5","sellTxId":"0c4ec3eaefd27249df8efe6be7bff2563c80065b"}
{"index": {"_index":"spt","_id":"3631099"}}
	{"id":3631099,"type":"buy","buyer":"dragonslayer3263","seller":"onlydoge","symbol":"SPT","quantity":"684.233240","price":"0.00220000","timestamp":1654644033,"volume":"1.50531313","buyTxId":"a1ac20d005d381443c22eab5d69e8cf62f1143d5","sellTxId":"50ae66d3f31d2ff452dc5fa9da6d1138414c3fd2"}
{"index": {"_index":"spt","_id":"3631105"}}
	{"id":3631105,"type":"buy","buyer":"dragonslayer3263","seller":"onlydoge","symbol":"SPT","quantity":"137.225246","price":"0.00220000","timestamp":1654644084,"volume":"0.30189554","buyTxId":"c201a065f4279725fc2f6a133f1f98824ae0240b","sellTxId":"50ae66d3f31d2ff452dc5fa9da6d1138414c3fd2"}
{"index": {"_index":"spt","_id":"3631596"}}
	{"id":3631596,"type":"sell","buyer":"multifurcate","seller":"noblebright","symbol":"SPT","quantity":"13.115046","price":"0.00203199","timestamp":1654650423,"volume":"0.02664964","buyTxId":"8fb8aca62d30e26d2c78a491e4bbe13014abb521","sellTxId":"3f0c7e4cf4c526c8a34c1903951204db3c325d1a"}
{"index": {"_index":"spt","_id":"3631841"}}
	{"id":3631841,"type":"sell","buyer":"multifurcate","seller":"chireerocks","symbol":"SPT","quantity":"587.559303","price":"0.00203199","timestamp":1654653102,"volume":"1.19391463","buyTxId":"8fb8aca62d30e26d2c78a491e4bbe13014abb521","sellTxId":"8cda9938661265b524b441a7951b58980376a439"}
{"index": {"_index":"spt","_id":"3631869"}}
	{"id":3631869,"type":"sell","buyer":"multifurcate","seller":"bitcoinflood","symbol":"SPT","quantity":"97.679949","price":"0.00203199","timestamp":1654653405,"volume":"0.19848468","buyTxId":"8fb8aca62d30e26d2c78a491e4bbe13014abb521","sellTxId":"25bce61c836d51a3bd02c5a254804a5529d9caf1"}
{"index": {"_index":"spt","_id":"3632092"}}
	{"id":3632092,"type":"sell","buyer":"multifurcate","seller":"syarrf","symbol":"SPT","quantity":"2563.000000","price":"0.00203199","timestamp":1654656432,"volume":"5.20799037","buyTxId":"9849891cd057bb4a13f52ee393d3f96a6372f2e9","sellTxId":"e22fe4e3fc96b708567522fcf7fe873969ad48b6"}
