{"_id":4156957,"type":"sell","buyer":"pjansen","seller":"mawit07","symbol":"SPT","quantity":"53.646272","price":"0.00150001","timestamp":1660801587,"volume":"0.08046994","buyTxId":"ff0f2add719865e3317230607085b2cb18a07c9e","sellTxId":"a4d132e69cf523998dd997171da9b2d39b3b29cb"},{"_id":4157006,"type":"sell","buyer":"pjansen","seller":"mango-juice","symbol":"SPT","quantity":"520.926127","price":"0.00150001","timestamp":1660802313,"volume":"0.78139440","buyTxId":"ff0f2add719865e3317230607085b2cb18a07c9e","sellTxId":"84f0c2b3865a81ec7cf8ea94aa40c0328d502e17"},{"_id":4157171,"type":"sell","buyer":"pjansen","seller":"mightyrocklee","symbol":"SPT","quantity":"809.573321","price":"0.00150102","timestamp":1660803939,"volume":"1.21518575","buyTxId":"34b3f45584fbb80571e1fb538b6bd0d488a75bec","sellTxId":"08c7a7d46b0ced51255ac4526c67561ce279e13a"},{"_id":4157225,"type":"sell","buyer":"pjansen","seller":"trinitylove","symbol":"SPT","quantity":"87.500000","price":"0.00150203","timestamp":1660804587,"volume":"0.13142763","buyTxId":"7ee354246b2ff999b61401e042af1b6531e516a5","sellTxId":"61b3e9286d2f14ffb5c36f62c918ee6b52a1569b"},{"_id":4157524,"type":"sell","buyer":"pjansen","seller":"anikekirsten","symbol":"SPT","quantity":"822.375490","price":"0.00150102","timestamp":1660807011,"volume":"1.23440206","buyTxId":"32da197da24abd575262ed9b4b12501153d0e472","sellTxId":"ace9e17830cdebb30bdbd18e2c43260229a11b48"},{"_id":4157851,"type":"sell","buyer":"pjansen","seller":"pompe72","symbol":"SPT","quantity":"84.832692","price":"0.00150001","timestamp":1660811547,"volume":"0.12724989","buyTxId":"329826573902490a0e5759fe50d856a7a550c56f","sellTxId":"ab85ce5ea81449bd7abbc717c2dc5feaaf6b8b8d"},{"_id":4158069,"type":"sell","buyer":"pjansen","seller":"quan-t","symbol":"SPT","quantity":"1703.000000","price":"0.00150001","timestamp":1660814604,"volume":"2.55451703","buyTxId":"329826573902490a0e5759fe50d856a7a550c56f","sellTxId":"685825515ae5073c68d4c98db30db54b59b86fb2"},{"_id":4158359,"type":"sell","buyer":"pjansen","seller":"dotwin1981","symbol":"SPT","quantity":"1110.624622","price":"0.00150001","timestamp":1660817901,"volume":"1.66594804","buyTxId":"329826573902490a0e5759fe50d856a7a550c56f","sellTxId":"5b6203a0af2341a0883c4364dfc8f2add7d52200"},{"_id":4158395,"type":"sell","buyer":"pjansen","seller":"franel2183","symbol":"SPT","quantity":"7.865420","price":"0.00150001","timestamp":1660818309,"volume":"0.01179821","buyTxId":"329826573902490a0e5759fe50d856a7a550c56f","sellTxId":"f440dbab05a583601715ae8143ff44d372a96cd0"},{"_id":4158812,"type":"sell","buyer":"pjansen","seller":"hatdogsensei","symbol":"SPT","quantity":"218.473094","price":"0.00150001","timestamp":1660823940,"volume":"0.32771183","buyTxId":"329826573902490a0e5759fe50d856a7a550c56f","sellTxId":"5db0cddf2f7d6bb99b736851d471a90660a4a5ae"},{"_id":4158885,"type":"sell","buyer":"pjansen","seller":"tanzil2024","symbol":"SPT","quantity":"2875.204172","price":"0.00150001","timestamp":1660824960,"volume":"4.31283501","buyTxId":"329826573902490a0e5759fe50d856a7a550c56f","sellTxId":"e4a77839fa9630c2bb81b1469e3d060d0b83cd5a"},{"_id":4158894,"type":"sell","buyer":"jayq069","seller":"tanzil2024","symbol":"SPT","quantity":"292.001673","price":"0.00150000","timestamp":1660824984,"volume":"0.43800251","buyTxId":"21ff93b9a4da0be1b3260286775aa0e651656201","sellTxId":"b10a704f4a43214c201baf02c349119e540edc61"},{"_id":4158903,"type":"sell","buyer":"kitsuki","seller":"robibasa","symbol":"SPT","quantity":"7.051954","price":"0.00147589","timestamp":1660825038,"volume":"0.01040791","buyTxId":"3fb1df21643a98085f7a3fcb9f82aa23005be0bd","sellTxId":"eb6330e548c2ee9ce9564cc237282586207074c2"},{"_id":4158904,"type":"sell","buyer":"kitsuki","seller":"tanzil2024","symbol":"SPT","quantity":"82.948046","price":"0.00147589","timestamp":1660825044,"volume":"0.12242219","buyTxId":"3fb1df21643a98085f7a3fcb9f82aa23005be0bd","sellTxId":"023aeb267cb2fa62945e3bb88417e0fba349ffc0"},{"_id":4158905,"type":"sell","buyer":"multifurcate","seller":"tanzil2024","symbol":"SPT","quantity":"213.383973","price":"0.00143040","timestamp":1660825044,"volume":"0.30522443","buyTxId":"9239e1404fa71a14eac0fbda128a1b5182d5ce67","sellTxId":"023aeb267cb2fa62945e3bb88417e0fba349ffc0"},{"_id":4159021,"type":"sell","buyer":"multifurcate","seller":"koleso","symbol":"SPT","quantity":"0.978516","price":"0.00143040","timestamp":1660826094,"volume":"0.00139967","buyTxId":"9239e1404fa71a14eac0fbda128a1b5182d5ce67","sellTxId":"35b4468c27870eb50cfda6ae713c97fa38f96a44"},{"_id":4159124,"type":"sell","buyer":"multifurcate","seller":"tjnew14","symbol":"SPT","quantity":"161.679889","price":"0.00143040","timestamp":1660827420,"volume":"0.23126691","buyTxId":"9239e1404fa71a14eac0fbda128a1b5182d5ce67","sellTxId":"e75b8c24b17d32cb5ba8774c116cd3d683e9a3f9"},{"_id":4159502,"type":"sell","buyer":"pjansen","seller":"kikero","symbol":"SPT","quantity":"6000.000000","price":"0.00146475","timestamp":1660831272,"volume":"8.78850000","buyTxId":"14d2189f832d3a756ce1bd813256b573d44f9ebb","sellTxId":"7cedfe59236b58b9b68ad517d55349712b52a6de"},{"_id":4159503,"type":"buy","buyer":"multifurcate","seller":"kikero","symbol":"SPT","quantity":"38786.402872","price":"0.00146474","timestamp":1660831308,"volume":"56.81199574","buyTxId":"25ff50f7b98ea67e148eba7996eba38c0254044a","sellTxId":"7cedfe59236b58b9b68ad517d55349712b52a6de"},{"_id":4159518,"type":"buy","buyer":"pjansen","seller":"jonnyla08","symbol":"SPT","quantity":"125.859355","price":"0.00146576","timestamp":1660831410,"volume":"0.18447961","buyTxId":"9d669bb480033a53de50dd03c56ff5faf63cfd9b","sellTxId":"5e9cf6937388834e4f1a53bf0d0a039d0ff0cdef"},{"_id":4159519,"type":"buy","buyer":"pjansen","seller":"thecuriousfool","symbol":"SPT","quantity":"0.012743","price":"0.00160000","timestamp":1660831410,"volume":"0.00002039","buyTxId":"9d669bb480033a53de50dd03c56ff5faf63cfd9b","sellTxId":"1ee7aaf01898795324180903ee7d2daea659f806"},{"_id":4159628,"type":"sell","buyer":"pjansen","seller":"eijibr","symbol":"SPT","quantity":"2480.265268","price":"0.00144859","timestamp":1660832922,"volume":"3.59288746","buyTxId":"0291f7bc6a95b3ae1cd6ece47a1841f3cca02b81","sellTxId":"42303f24168d2fb8fe41ba9a3f5df66b4980e001"},{"_id":4159643,"type":"sell","buyer":"pjansen","seller":"cliffagreen","symbol":"SPT","quantity":"21.091000","price":"0.00144960","timestamp":1660832985,"volume":"0.03057351","buyTxId":"74f7c6cf52e6ef61d6552556db1ea3fa6630882f","sellTxId":"4b1f0243d1f9386c57a99c148381ceb7243aebe6"},{"_id":4159723,"type":"sell","buyer":"multifurcate","seller":"brayan57","symbol":"SPT","quantity":"1062.832278","price":"0.00146373","timestamp":1660833963,"volume":"1.55569949","buyTxId":"f394d9815201e7bdd7aafa6394994474c97109de","sellTxId":"68e13a20f80f615fef8252d5001697d8ada9c681"},{"_id":4159780,"type":"sell","buyer":"pjansen","seller":"lucky-elephant","symbol":"SPT","quantity":"137.546453","price":"0.00147283","timestamp":1660834611,"volume":"0.20258254","buyTxId":"d7b34a7bd63fdc18e04594493f3d2d45c686d0d0","sellTxId":"63372e5d49783f4ba6a58aae6d0d32507caeb0de"},{"_id":4159930,"type":"buy","buyer":"solovey6o2","seller":"thecuriousfool","symbol":"SPT","quantity":"1.000000","price":"0.00160000","timestamp":1660836204,"volume":"0.00160000","buyTxId":"68b76a92c5b5f9c2c6e016805d82280bd78d5ab4","sellTxId":"1ee7aaf01898795324180903ee7d2daea659f806"},{"_id":4159953,"type":"sell","buyer":"pjansen","seller":"captainquack22","symbol":"SPT","quantity":"85","price":"0.00144556","timestamp":1660836420,"volume":"0.12287260","buyTxId":"f85e7d5a8df731db7533ac353c2b849838eacc3d","sellTxId":"150f7114b05bd3aa7fa5e086783ce1cdddf442c1"},{"_id":4159972,"type":"buy","buyer":"all.coin.hive","seller":"thecuriousfool","symbol":"SPT","quantity":"0.001000","price":"0.00160000","timestamp":1660836633,"volume":"0.00000160","buyTxId":"df37cfb66ecd4f6b819e3e1d53ebda741d91ca36","sellTxId":"1ee7aaf01898795324180903ee7d2daea659f806"},{"_id":4160222,"type":"sell","buyer":"pjansen","seller":"assassyn","symbol":"SPT","quantity":"7.122663","price":"0.00145971","timestamp":1660839318,"volume":"0.01039702","buyTxId":"d198ba5aa01b28f47ee16261d301192f96a050fc","sellTxId":"49a4b8182e32cff1d61579d3c750c9ff5e0c63fc"},{"_id":4160226,"type":"sell","buyer":"pjansen","seller":"catomoon","symbol":"SPT","quantity":"3.630079","price":"0.00146072","timestamp":1660839396,"volume":"0.00530253","buyTxId":"488654c1a1c14bcce56b2461230997803369c332","sellTxId":"f6d06134c36c9f0ba44396e81c30154bf70b2d64"},{"_id":4160491,"type":"sell","buyer":"pjansen","seller":"gank","symbol":"SPT","quantity":"815.840027","price":"0.00147081","timestamp":1660842960,"volume":"1.19994567","buyTxId":"4a033656c618b67f9e2129196142064b46b532a5","sellTxId":"ed1aa1aac6cc11ce383acd29c9a21d039e22079e"},{"_id":4160598,"type":"sell","buyer":"multifurcate","seller":"danideuder","symbol":"SPT","quantity":"3816.477552","price":"0.00144353","timestamp":1660844256,"volume":"5.50919984","buyTxId":"d020a0df21f0fb477d6b13e6964a220645f44e3f","sellTxId":"748ebd8b86eea551548220232dc6ee2b6110b144"},{"_id":4161332,"type":"sell","buyer":"pjansen","seller":"alexandrzombi","symbol":"SPT","quantity":"0.000012","price":"0.00147086","timestamp":1660852020,"volume":"0.00000002","buyTxId":"5c06a78701e05d0846137bd93bf4eabe456d860d","sellTxId":"e421f25536ab9efc4f5996285d636a577884a7aa"},{"_id":4161565,"type":"sell","buyer":"all.coin.hive","seller":"kuhnchun","symbol":"SPT","quantity":"677.632156","price":"0.00147175","timestamp":1660855653,"volume":"0.99730513","buyTxId":"a94eef6b8882868135dbc6fc4ba02384ffcb4ebf","sellTxId":"42cf89887d1a19cde297e94ca7571cfc90eabb1a"},{"_id":4161974,"type":"sell","buyer":"pjansen","seller":"dubble","symbol":"SPT","quantity":"37.075903","price":"0.00145275","timestamp":1660860228,"volume":"0.05386202","buyTxId":"e6b2e16f8e05c02edc8de59c8886f701d4c81c27","sellTxId":"9934d844b63b34141260b0481b574d9ce729e190"},{"_id":4162632,"type":"sell","buyer":"pjansen","seller":"themarkymark","symbol":"SPT","quantity":"8.974837","price":"0.00145063","timestamp":1660868322,"volume":"0.01301917","buyTxId":"de76b3df227b93d6d4af2bb532c29b603d09b360","sellTxId":"8ba88748cc138cf4d99cf7059d3e848be4d21a6d"},{"_id":4162769,"type":"sell","buyer":"pjansen","seller":"dswap","symbol":"SPT","quantity":"997.182402","price":"0.00143142","timestamp":1660868913,"volume":"1.42738683","buyTxId":"fb9bdbf7e7694eeb53757992dddf28f13b6a301b","sellTxId":"50b528da3e51b9454b7034f9d2fbe8aecfe28628"},{"_id":4163014,"type":"sell","buyer":"all.coin.hive","seller":"bitcoinflood","symbol":"SPT","quantity":"87.259954","price":"0.00142944","timestamp":1660870926,"volume":"0.12473287","buyTxId":"aab4f12992aa33559676c421b6028cca3649fbc0","sellTxId":"814571b716854f55741e4f553ee8affb9d6347c5"},{"_id":4163092,"type":"sell","buyer":"all.coin.hive","seller":"sonaker","symbol":"SPT","quantity":"4994.939035","price":"0.00142944","timestamp":1660871265,"volume":"7.13996565","buyTxId":"aab4f12992aa33559676c421b6028cca3649fbc0","sellTxId":"8971af78625a615d54c150b0fa379b5d60c0b1d2"},{"_id":4163146,"type":"sell","buyer":"all.coin.hive","seller":"dswap","symbol":"SPT","quantity":"354","price":"0.00142944","timestamp":1660871520,"volume":"0.50602176","buyTxId":"aab4f12992aa33559676c421b6028cca3649fbc0","sellTxId":"df6ca3f5a9f65a5517bb13a1ea565baa69b0e964"},{"_id":4163220,"type":"sell","buyer":"all.coin.hive","seller":"felipejoys","symbol":"SPT","quantity":"460.048606","price":"0.00142944","timestamp":1660872132,"volume":"0.65761188","buyTxId":"aab4f12992aa33559676c421b6028cca3649fbc0","sellTxId":"a29ed80c6601f84299cdb45eda42b9995ecdf4eb"},{"_id":4163436,"type":"sell","buyer":"all.coin.hive","seller":"captainquack22","symbol":"SPT","quantity":"26","price":"0.00142944","timestamp":1660874076,"volume":"0.03716544","buyTxId":"aab4f12992aa33559676c421b6028cca3649fbc0","sellTxId":"026523d70e42c9dcbd1719ae79bd56c7d0203e23"},{"_id":4163590,"type":"sell","buyer":"all.coin.hive","seller":"justingarcia","symbol":"SPT","quantity":"1984.743148","price":"0.00142944","timestamp":1660875936,"volume":"2.83707125","buyTxId":"aab4f12992aa33559676c421b6028cca3649fbc0","sellTxId":"8dbad434bd70d57f4049247faedfa062c62839dd"},{"_id":4163860,"type":"sell","buyer":"all.coin.hive","seller":"dswap","symbol":"SPT","quantity":"87.101","price":"0.00142944","timestamp":1660879188,"volume":"0.12450565","buyTxId":"aab4f12992aa33559676c421b6028cca3649fbc0","sellTxId":"06a92ba86e32bc3334880e5e463c680d8bd2c362"