{"jsonrpc":"2.0","id":1,"result":[{"_id":5427727,"type":"buy","buyer":"spt.bitcoinflood","seller":"onlydoge","symbol":"SPT","quantity":"1072.959116","price":"0.00038989","timestamp":1675569306,"volume":"0.41833603","buyTxId":"051a675b5342dcaf2f4f50909302a863c4bf1125","sellTxId":"d32efcdcb72f3fcf1a24b3aa4161faaf399fcd31"},{"_id":5428232,"type":"sell","buyer":"mcbot","seller":"mawit07","symbol":"SPT","quantity":"767.951470","price":"0.00035001","timestamp":1675577583,"volume":"0.26879069","buyTxId":"1b0547f0c750dc1e5303b83b8caee15fa08af39b","sellTxId":"de19b54b7215886bed6c2fa85923ea21204719b7"},{"_id":5428234,"type":"sell","buyer":"mcbot","seller":"mario89","symbol":"SPT","quantity":"20.485175","price":"0.00035001","timestamp":1675577646,"volume":"0.00717002","buyTxId":"1b0547f0c750dc1e5303b83b8caee15fa08af39b","sellTxId":"fa48022b2fa7506cb4a39e680c95f6ce6deb5ddf"},{"_id":5428240,"type":"sell","buyer":"mcbot","seller":"mightyrocklee","symbol":"SPT","quantity":"1425.370012","price":"0.00035001","timestamp":1675577679,"volume":"0.49889376","buyTxId":"1b0547f0c750dc1e5303b83b8caee15fa08af39b","sellTxId":"90d2161f84f2964df809b6ce7779a40f6c3a4d80"},{"_id":5428242,"type":"sell","buyer":"mcbot","seller":"cieliss","symbol":"SPT","quantity":"17297.803756","price":"0.00035001","timestamp":1675577811,"volume":"6.05440429","buyTxId":"b418b1824c773abf9846a697ff4a159a11da0a39-1","sellTxId":"8847d49d88715c47aa1b1068e0d891e1188110a8"},{"_id":5428300,"type":"sell","buyer":"mcbot","seller":"lipe100dedos","symbol":"SPT","quantity":"2776.580903","price":"0.00035001","timestamp":1675578720,"volume":"0.97183108","buyTxId":"b089c875457c6004991adbf578a37d489eec9582-1","sellTxId":"b367dee825c1ecd14b111640c93856301978c812"},{"_id":5428779,"type":"sell","buyer":"mcbot","seller":"engilhramn","symbol":"SPT","quantity":"213.099189","price":"0.00035001","timestamp":1675587207,"volume":"0.07458685","buyTxId":"e5c22330a78636d0594d8e3df08ea33f9675467c-1","sellTxId":"1a82c6bc3b269c35b03aa2eeb06c409c90fb07c2"},{"_id":5428837,"type":"buy","buyer":"gank","seller":"pedrobrito2004","symbol":"SPT","quantity":"6.815914","price":"0.00036000","timestamp":1675587909,"volume":"0.00245373","buyTxId":"59f4665baee850923437226307f3a197d627ca9f","sellTxId":"81a4416e276d06a0881fac111fb3080867d987a1"},{"_id":5428838,"type":"buy","buyer":"gank","seller":"onlydoge","symbol":"SPT","quantity":"56019.330570","price":"0.00038989","timestamp":1675587909,"volume":"21.84137680","buyTxId":"59f4665baee850923437226307f3a197d627ca9f","sellTxId":"d32efcdcb72f3fcf1a24b3aa4161faaf399fcd31"},{"_id":5428839,"type":"buy","buyer":"gank","seller":"master-lamps","symbol":"SPT","quantity":"2986.425521","price":"0.00038999","timestamp":1675587909,"volume":"1.16467609","buyTxId":"59f4665baee850923437226307f3a197d627ca9f","sellTxId":"7420198244f2c7292603622c310ceeae1ac34e3a"},{"_id":5428840,"type":"buy","buyer":"gank","seller":"bcarolan639","symbol":"SPT","quantity":"774.608211","price":"0.00038999","timestamp":1675587909,"volume":"0.30208946","buyTxId":"59f4665baee850923437226307f3a197d627ca9f","sellTxId":"09003290e7b08fd64de9213c1673d25164984124"},{"_id":5428841,"type":"buy","buyer":"gank","seller":"dk1trade","symbol":"SPT","quantity":"128.000000","price":"0.00038999","timestamp":1675587909,"volume":"0.04991872","buyTxId":"59f4665baee850923437226307f3a197d627ca9f","sellTxId":"3380d4f6f698896dd2765cbc284566484b785369"},{"_id":5428842,"type":"buy","buyer":"gank","seller":"hawks21","symbol":"SPT","quantity":"3639.552695","price":"0.00039000","timestamp":1675587909,"volume":"1.41942555","buyTxId":"59f4665baee850923437226307f3a197d627ca9f","sellTxId":"d7f3065b8c9734efdd8870331049588d0a1b54b1"},{"_id":5428843,"type":"buy","buyer":"gank","seller":"master-lamps","symbol":"SPT","quantity":"13065.882050","price":"0.00039894","timestamp":1675587909,"volume":"5.21250299","buyTxId":"59f4665baee850923437226307f3a197d627ca9f","sellTxId":"ebb73bf88843b8e835fce9d7d2211770edc3a475"},{"_id":5428844,"type":"buy","buyer":"gank","seller":"playagame","symbol":"SPT","quantity":"1851.591410","price":"0.00039895","timestamp":1675587909,"volume":"0.73869239","buyTxId":"59f4665baee850923437226307f3a197d627ca9f","sellTxId":"7508cddb2f36996d04abb595c0cb121b755a4dcf-1"},{"_id":5428845,"type":"buy","buyer":"gank","seller":"master-lamps","symbol":"SPT","quantity":"12713.741144","price":"0.00039898","timestamp":1675587909,"volume":"5.07252844","buyTxId":"59f4665baee850923437226307f3a197d627ca9f","sellTxId":"b3e6b8e7916461e731219c98682b6d1be5d4911d"},{"_id":5428846,"type":"buy","buyer":"gank","seller":"felipejoys","symbol":"SPT","quantity":"457.019323","price":"0.00039900","timestamp":1675587909,"volume":"0.18235071","buyTxId":"59f4665baee850923437226307f3a197d627ca9f","sellTxId":"65d3ad03dbe9fd986d29cea9b134b86aa7ddab59"},{"_id":5428912,"type":"sell","buyer":"mcbot","seller":"mango-juice","symbol":"SPT","quantity":"52.577535","price":"0.00032991","timestamp":1675588332,"volume":"0.01734585","buyTxId":"c264e886f10e2f5f52b0721124f6c18b0740b7d2","sellTxId":"ca6f01ab0f250ed52763698e691ca46289a9ff15"},{"_id":5429050,"type":"buy","buyer":"thewycher","seller":"braaiboy","symbol":"SPT","quantity":"0.107297","price":"0.00032992","timestamp":1675589538,"volume":"0.00003540","buyTxId":"ab43eb7a9da32148bef527d4508da759c4dc82a6","sellTxId":"ff9b4c8e7ca558eda6de484cc663ad7a0f7c4091"},{"_id":5430528,"type":"buy","buyer":"dswap","seller":"mypathtofire","symbol":"SPT","quantity":"17.681908","price":"0.00041400","timestamp":1675609011,"volume":"0.00732031","buyTxId":"512b699b3e60cb32a23d0017fed290ddecaf1a2d","sellTxId":"a14dd4d794dcfecb820e6f1bd615045ea820c130"},{"_id":5431026,"type":"sell","buyer":"mcbot","seller":"stickupcash","symbol":"SPT","quantity":"478.263564","price":"0.00035075","timestamp":1675615404,"volume":"0.16775095","buyTxId":"2e130cd53e389c90a15b282fd81baf59a00150f7-1","sellTxId":"307eba1376a22d3c0d80f14645ebfec26e4472f2"},{"_id":5431513,"type":"sell","buyer":"mcbot","seller":"oscurocactus","symbol":"SPT","quantity":"3325.660391","price":"0.00035077","timestamp":1675620774,"volume":"1.16654190","buyTxId":"a68c558ba9255f0029afc21c4c901c4c2ace400b-1","sellTxId":"b35eca570b1b9be6e7f24e3f106beaac4cef29ed"},{"_id":5432022,"type":"sell","buyer":"mcbot","seller":"eijibr","symbol":"SPT","quantity":"2431.118526","price":"0.00035085","timestamp":1675627317,"volume":"0.85295793","buyTxId":"53166c79d932f33f4525a6d9f8eaccb790c2de8b-1","sellTxId":"78e14899605c34253030869274e49821bb44a504"},{"_id":5432034,"type":"sell","buyer":"mcbot","seller":"catomoon","symbol":"SPT","quantity":"6.368068","price":"0.00035087","timestamp":1675627407,"volume":"0.00223436","buyTxId":"ffa3745eb32218cb4502ad9d2865b0c49abae6f8-1","sellTxId":"9c3bbfb320e52d177d25256c704c616e50ff9f8c"},{"_id":5432302,"type":"sell","buyer":"mcbot","seller":"xplosive","symbol":"SPT","quantity":"7775.427378","price":"0.00035087","timestamp":1675631187,"volume":"2.72816420","buyTxId":"58ba9412cd802f5eaca04386e8d54c8a0d112e06-1","sellTxId":"e57445a7505d4c08803c7c6d38993fb228334c77"},{"_id":5432363,"type":"sell","buyer":"mcbot","seller":"dswap","symbol":"SPT","quantity":"1.575","price":"0.00035087","timestamp":1675631748,"volume":"0.00055262","buyTxId":"385c09aef319b2d484bf752d5cbdbab66a51d0f6-1","sellTxId":"dde07a7c51cfc703a937da6fad7701ea2ec32605"},{"_id":5432639,"type":"sell","buyer":"mcbot","seller":"travelgirl","symbol":"SPT","quantity":"559.160823","price":"0.00036101","timestamp":1675635486,"volume":"0.20186265","buyTxId":"cf5aeeb9528360bf33437f11a66306306d08ed97-1","sellTxId":"baad8ef6b510924ddc5f6a7078bb893dc3832719"},{"_id":5432809,"type":"sell","buyer":"mcbot","seller":"hivecurious","symbol":"SPT","quantity":"0.641292","price":"0.00036103","timestamp":1675637454,"volume":"0.00023153","buyTxId":"f1f3ab6709570a9b10f2542226b4ee4e9867584b-1","sellTxId":"170de69156112d9406737965c268cb81f8cacd83"},{"_id":5432845,"type":"sell","buyer":"mcbot","seller":"mightyrocklee","symbol":"SPT","quantity":"46.865181","price":"0.00036120","timestamp":1675637700,"volume":"0.01692770","buyTxId":"f6b6f9003c8f1115756646edb48dccb0aa83af5d-1","sellTxId":"ed3778be2e75df995fc19a084d91741b6082c613"},{"_id":5433003,"type":"sell","buyer":"mcbot","seller":"desro","symbol":"SPT","quantity":"39.292213","price":"0.00036103","timestamp":1675640094,"volume":"0.01418567","buyTxId":"846676846b8b4ab7a1b179c6a264c2400321099d","sellTxId":"4c306a8cbe5c776d86bb7f11fbdc6ff8e1e4b735"},{"_id":5433264,"type":"sell","buyer":"mcbot","seller":"bloorinvestor","symbol":"SPT","quantity":"652.000000","price":"0.00036111","timestamp":1675643556,"volume":"0.23544372","buyTxId":"41bebfd102d3f96a4b0e0f0b030f5539289a39af-1","sellTxId":"247b7caaf97d0039a1bd351ec6c423cc7875d5e5"},{"_id":5433482,"type":"buy","buyer":"jnn10","seller":"jnn10","symbol":"SPT","quantity":"5.719171","price":"0.00037000","timestamp":1675646352,"volume":"0.00211609","buyTxId":"46c4ef6f549c17a45f96f1c227ca7c29d1ce86bd","sellTxId":"e44381819755ddfecb756f409367039239ed5e10"}]}