{"index": {"_index":"spt","_id":"4096456"}}
	{"id":4096456,"type":"buy","buyer":"multifurcate","seller":"rxhector","symbol":"SPT","quantity":"6000.000000","price":"0.00172343","timestamp":1660013112,"volume":"10.34058000","buyTxId":"03c7a71656570973acbe444eb3ca42e408ced8b0","sellTxId":"6185e0155dd8a4ac499553754b1c3dc56e347a78"}
{"index": {"_index":"spt","_id":"4096586"}}
	{"id":4096586,"type":"sell","buyer":"pjansen","seller":"phoenixrising1","symbol":"SPT","quantity":"1992.820887","price":"0.00170324","timestamp":1660014990,"volume":"3.39425225","buyTxId":"02fef3944a97d42286104c5e8af86e4edce2c864","sellTxId":"877d3b2774b6c50133a2c8438d94024d370a88f5"}
{"index": {"_index":"spt","_id":"4096615"}}
	{"id":4096615,"type":"sell","buyer":"pjansen","seller":"loboguara","symbol":"SPT","quantity":"46.866783","price":"0.00170728","timestamp":1660015224,"volume":"0.08001472","buyTxId":"8eb23d7abccec351c2575f4e0f5dae23269034f6","sellTxId":"157208e60b584336b3f75eb9916b782ee62cf15d"}
{"index": {"_index":"spt","_id":"4097011"}}
	{"id":4097011,"type":"sell","buyer":"pjansen","seller":"captainquack22","symbol":"SPT","quantity":"170","price":"0.00172142","timestamp":1660021776,"volume":"0.29264140","buyTxId":"77965af2c29319be68794400cff757caee8fd532","sellTxId":"5ec4d11af973f9b1129305078696f996d24ce205"}
{"index": {"_index":"spt","_id":"4097206"}}
	{"id":4097206,"type":"sell","buyer":"pjansen","seller":"splinter100dedos","symbol":"SPT","quantity":"225.174067","price":"0.00175677","timestamp":1660025085,"volume":"0.39557905","buyTxId":"7b69e6454b79cfca6856707c3894a6bb9aae0679","sellTxId":"986b8ea31b4fe578f98a985cbcaac28b5337dac2"}
{"index": {"_index":"spt","_id":"4097213"}}
	{"id":4097213,"type":"sell","buyer":"pjansen","seller":"relf87","symbol":"SPT","quantity":"100.000000","price":"0.00175778","timestamp":1660025163,"volume":"0.17577800","buyTxId":"f59985219c15fd709e9e5fcd2224b4b0af8eeb6e","sellTxId":"1760d323949a8a63755f50b65ea2c18d4aa48677"}
{"index": {"_index":"spt","_id":"4097506"}}
	{"id":4097506,"type":"sell","buyer":"pjansen","seller":"siberian12","symbol":"SPT","quantity":"80.776072","price":"0.00168203","timestamp":1660029699,"volume":"0.13586778","buyTxId":"e50a4bebaae6cf3e90397994b890299420bf4e77","sellTxId":"862dd825803caad033658f797d38665dbb006a80"}
{"index": {"_index":"spt","_id":"4097531"}}
	{"id":4097531,"type":"buy","buyer":"pjansen","seller":"gordon-goblins","symbol":"SPT","quantity":"0.034944","price":"0.00185000","timestamp":1660030224,"volume":"0.00006465","buyTxId":"627982f44777baa81f2606374bf64fd7de024162","sellTxId":"0322608713db6a2aeff072ea1d3f22a9747d8bf7"}
{"index": {"_index":"spt","_id":"4097532"}}
	{"id":4097532,"type":"buy","buyer":"pjansen","seller":"trinitylove","symbol":"SPT","quantity":"249.965054","price":"0.00185000","timestamp":1660030224,"volume":"0.46243535","buyTxId":"627982f44777baa81f2606374bf64fd7de024162","sellTxId":"4dd47bd03ae70027ab86cf13aac65cb167ce63ac"}
{"index": {"_index":"spt","_id":"4097643"}}
	{"id":4097643,"type":"sell","buyer":"multifurcate","seller":"splintercell-01","symbol":"SPT","quantity":"972.599711","price":"0.00170323","timestamp":1660032078,"volume":"1.65656101","buyTxId":"d1436736dcce0d50f85aea1169e2376e0d2a7b73","sellTxId":"20735605b141d05243e86d776787df6f91fd5f1f"}
{"index": {"_index":"spt","_id":"4097674"}}
	{"id":4097674,"type":"sell","buyer":"pjansen","seller":"assassyn","symbol":"SPT","quantity":"1.453094","price":"0.00171132","timestamp":1660032681,"volume":"0.00248671","buyTxId":"81e8a67d49b1b96110336e8606f22cf9290ff03b","sellTxId":"e8047e57961ac15e8c7bb136c857560090fde8a2"}
{"index": {"_index":"spt","_id":"4097862"}}
	{"id":4097862,"type":"sell","buyer":"multifurcate","seller":"dswap","symbol":"SPT","quantity":"3.72566","price":"0.00170323","timestamp":1660034979,"volume":"0.00634566","buyTxId":"a23349124f5e5599c4d573cf1defe2cc68b94e61","sellTxId":"2f92dd353d83717383496f94d15040b904b120f1"}
{"index": {"_index":"spt","_id":"4098019"}}
	{"id":4098019,"type":"buy","buyer":"thahodler","seller":"trinitylove","symbol":"SPT","quantity":"0.034946","price":"0.00185000","timestamp":1660038048,"volume":"0.00006465","buyTxId":"379f1cfc1c6800a03b7ead497cb21b84bb51f2c8","sellTxId":"4dd47bd03ae70027ab86cf13aac65cb167ce63ac"}
{"index": {"_index":"spt","_id":"4098079"}}
	{"id":4098079,"type":"buy","buyer":"eddqq","seller":"agglutinogenic","symbol":"SPT","quantity":"1300.000000","price":"0.00203360","timestamp":1660039425,"volume":"2.64368000","buyTxId":"83699832d545adddeebdd86f11693684a7ec40eb","sellTxId":"5c686658cba4cfc717881237c13dbb27bf1e9887"}
{"index": {"_index":"spt","_id":"4098095"}}
	{"id":4098095,"type":"sell","buyer":"thahodler","seller":"dotwin1981","symbol":"SPT","quantity":"112.306945","price":"0.00185000","timestamp":1660040040,"volume":"0.20776785","buyTxId":"379f1cfc1c6800a03b7ead497cb21b84bb51f2c8","sellTxId":"55eb78a3ba101f3584a87addca63bcef92d24e83"}
{"index": {"_index":"spt","_id":"4098096"}}
	{"id":4098096,"type":"sell","buyer":"multifurcate","seller":"dotwin1981","symbol":"SPT","quantity":"615.851677","price":"0.00168100","timestamp":1660040040,"volume":"1.03524667","buyTxId":"6d3e1bb05d91f8e67be41940f1f805139c73ffc2","sellTxId":"55eb78a3ba101f3584a87addca63bcef92d24e83"}
{"index": {"_index":"spt","_id":"4098195"}}
	{"id":4098195,"type":"sell","buyer":"multifurcate","seller":"laritheghost","symbol":"SPT","quantity":"4.088095","price":"0.00168100","timestamp":1660041594,"volume":"0.00687209","buyTxId":"8c1d836156a9d26abdb26112e0295edf09fbbcc5","sellTxId":"f2ae1fd53ac7fd6eb4554ff3dc2859d83cc76414"}
{"index": {"_index":"spt","_id":"4098202"}}
	{"id":4098202,"type":"sell","buyer":"multifurcate","seller":"alexandrzombi","symbol":"SPT","quantity":"0.000011","price":"0.00168100","timestamp":1660041675,"volume":"0.00000002","buyTxId":"8c1d836156a9d26abdb26112e0295edf09fbbcc5","sellTxId":"82ca459d01ed3f2740ab964792a2a2f09e651f8a"}
{"index": {"_index":"spt","_id":"4098268"}}
	{"id":4098268,"type":"sell","buyer":"multifurcate","seller":"captainquack22","symbol":"SPT","quantity":"109","price":"0.00168100","timestamp":1660042386,"volume":"0.18322900","buyTxId":"8c1d836156a9d26abdb26112e0295edf09fbbcc5","sellTxId":"75e89a3d9315d899f14f01668142efb802731089"}
{"index": {"_index":"spt","_id":"4098388"}}
	{"id":4098388,"type":"sell","buyer":"multifurcate","seller":"eijibr","symbol":"SPT","quantity":"4193.408311","price":"0.00168100","timestamp":1660044165,"volume":"7.04911937","buyTxId":"396f05e256fa73f74e32ea73059933795ca07d89","sellTxId":"a6df0972dcbf57b3f0c88b73bfaed2371e1ab544"}
{"index": {"_index":"spt","_id":"4098963"}}
	{"id":4098963,"type":"sell","buyer":"multifurcate","seller":"jdike","symbol":"SPT","quantity":"23.822982","price":"0.00168100","timestamp":1660054014,"volume":"0.04004643","buyTxId":"ed65f03d700a980628efcd2c5f72ad9178d796c4","sellTxId":"ed1b7bdd1bedd51d7da6f6fb1cbbe4317e609596"}
{"index": {"_index":"spt","_id":"4099019"}}
	{"id":4099019,"type":"sell","buyer":"multifurcate","seller":"vagabond42069","symbol":"SPT","quantity":"221.051183","price":"0.00168100","timestamp":1660054836,"volume":"0.37158704","buyTxId":"ed65f03d700a980628efcd2c5f72ad9178d796c4","sellTxId":"8877d12714d32f56c1b3b5808816f0d999512dab"}
{"index": {"_index":"spt","_id":"4099268"}}
	{"id":4099268,"type":"sell","buyer":"multifurcate","seller":"gank","symbol":"SPT","quantity":"473.979138","price":"0.00168100","timestamp":1660057899,"volume":"0.79675893","buyTxId":"b2e9ab7033e1cc30aea20b925d8205815487e9bb","sellTxId":"2721ef7d29c2fd5a4409af01dfe43c97da556201"}
{"index": {"_index":"spt","_id":"4099413"}}
	{"id":4099413,"type":"sell","buyer":"multifurcate","seller":"relf87","symbol":"SPT","quantity":"200.000000","price":"0.00168100","timestamp":1660059384,"volume":"0.33620000","buyTxId":"d7977b93ff923de75ba8a816ca2f30057c24e9c3","sellTxId":"d947803ee184433c02fb1d7d830fc61c5963255e"}
{"index": {"_index":"spt","_id":"4099537"}}
	{"id":4099537,"type":"sell","buyer":"multifurcate","seller":"captainquack22","symbol":"SPT","quantity":"85","price":"0.00168100","timestamp":1660061082,"volume":"0.14288500","buyTxId":"60b841dcbe0d709012371ce50f046ee331825453","sellTxId":"027eca1be8e7f02e3236d9c5eb2f5c040aee56e7"}
{"index": {"_index":"spt","_id":"4099598"}}
	{"id":4099598,"type":"buy","buyer":"multifurcate","seller":"karuna21","symbol":"SPT","quantity":"839.000000","price":"0.00168100","timestamp":1660062813,"volume":"1.41035900","buyTxId":"180df6ddd86fb2576e6fbcbbfa673cd079787044","sellTxId":"ad5079bfe0acfa0599c7261b1e203d9670c8f390"}
{"index": {"_index":"spt","_id":"4099697"}}
	{"id":4099697,"type":"sell","buyer":"multifurcate","seller":"ukyron3","symbol":"SPT","quantity":"3139.996557","price":"0.00168100","timestamp":1660064073,"volume":"5.27833421","buyTxId":"180df6ddd86fb2576e6fbcbbfa673cd079787044","sellTxId":"f66b9b827ed70558edd3dcc125850dbb01e7b0dd"}
{"index": {"_index":"spt","_id":"4099713"}}
	{"id":4099713,"type":"sell","buyer":"multifurcate","seller":"heutorybr","symbol":"SPT","quantity":"220.037643","price":"0.00168100","timestamp":1660064256,"volume":"0.36988328","buyTxId":"180df6ddd86fb2576e6fbcbbfa673cd079787044","sellTxId":"0f00dfdb11cae51af9e441377250f09f92ff76eb"}
{"index": {"_index":"spt","_id":"4100144"}}
	{"id":4100144,"type":"sell","buyer":"thranax","seller":"catomoon","symbol":"SPT","quantity":"3.957773","price":"0.00168130","timestamp":1660069140,"volume":"0.00665420","buyTxId":"ecbf28594f4e861c990113e43694156fecb09ac1","sellTxId":"6f1c23b0022a7d2b8d0a203b93c0176328ebea0e"}
{"index": {"_index":"spt","_id":"4100544"}}
	{"id":4100544,"type":"sell","buyer":"pjansen","seller":"kaunglay2","symbol":"SPT","quantity":"231.529393","price":"0.00169515","timestamp":1660072719,"volume":"0.39247705","buyTxId":"7c7c8f20bc30c46cb29c1b772a5f6437f938ecac","sellTxId":"efb16636aed378e6d04afb703747c788451c4c20"}
{"index": {"_index":"spt","_id":"4101088"}}
	{"id":4101088,"type":"sell","buyer":"pjansen","seller":"lordneroo","symbol":"SPT","quantity":"16.153402","price":"0.00169515","timestamp":1660081059,"volume":"0.02738244","buyTxId":"be5dc76b7861b720e31bad7be9fd02377ddcf772","sellTxId":"b02fb8bdb5fe9b93ed0f0e1d66d1e1bbdd8555ce"}
{"index": {"_index":"spt","_id":"4101317"}}
	{"id":4101317,"type":"sell","buyer":"pjansen","seller":"valor2s","symbol":"SPT","quantity":"2.257588","price":"0.00169818","timestamp":1660084440,"volume":"0.00383379","buyTxId":"8fa4b706367254bafd573ad931aeef1be5c829e4","sellTxId":"4fd4fb93be87b479559bc762e68ce1f3913b08c5"}
{"index": {"_index":"spt","_id":"4101355"}}
	{"id":4101355,"type":"sell","buyer":"pjansen","seller":"thatcryptodave","symbol":"SPT","quantity":"34.059102","price":"0.00168404","timestamp":1660084980,"volume":"0.05735689","buyTxId":"765b30aeeff8ee41ae1b6f369d59c890ac69a410","sellTxId":"ccc041647f8187223163fcb7d7636fa57fa3046d"}
{"index": {"_index":"spt","_id":"4101362"}}
	{"id":4101362,"type":"sell","buyer":"multifurcate","seller":"bitcoinflood","symbol":"SPT","quantity":"106.831599","price":"0.00168706","timestamp":1660085136,"volume":"0.18023132","buyTxId":"1eb7f8a3728056c8871b645f5c06ba24449d67a9","sellTxId":"1a3f5901b7f99fedfac475dea363bed977f87811"}
{"index": {"_index":"spt","_id":"4101491"}}
	{"id":4101491,"type":"buy","buyer":"uknowm3","seller":"agglutinogenic","symbol":"SPT","quantity":"1000.000000","price":"0.00203030","timestamp":1660087200,"volume":"2.03030000","buyTxId":"57f6717c5d5f5fa3c4bad354365e1f2516507483","sellTxId":"b381a67da7150b43769fe62f2795749e8c3f2db1"}
{"index": {"_index":"spt","_id":"4101506"}}
	{"id":4101506,"type":"sell","buyer":"pjansen","seller":"dswap","symbol":"SPT","quantity":"300","price":"0.00169212","timestamp":1660087422,"volume":"0.50763600","buyTxId":"87d48f989db075e025c13a2ba7d41f4b665cae41","sellTxId":"50e990cc2d5734ab42aae4085545d9abb82e43ce"}
{"index": {"_index":"spt","_id":"4101531"}}
	{"id":4101531,"type":"sell","buyer":"pjansen","seller":"dswap","symbol":"SPT","quantity":"100","price":"0.00169818","timestamp":1660087803,"volume":"0.16981800","buyTxId":"c78e1b140cbc042aa9e25d89a06d62d625e1117d","sellTxId":"4d10450548eec1bd3c1483ef7b76665758effa44"}
{"index": {"_index":"spt","_id":"4101542"}}
	{"id":4101542,"type":"sell","buyer":"pjansen","seller":"dswap","symbol":"SPT","quantity":"100","price":"0.00169919","timestamp":1660087881,"volume":"0.16991900","buyTxId":"b97e15892c5d6b8d1cb85d1d1906e510fd7ee0c1","sellTxId":"475859471cd1c1c7270b94c1907e871b3d78225a"}
{"index": {"_index":"spt","_id":"4101591"}}
	{"id":4101591,"type":"sell","buyer":"pjansen","seller":"andy4475","symbol":"SPT","quantity":"13.851575","price":"0.00170828","timestamp":1660088439,"volume":"0.02366237","buyTxId":"5878040d0d95b183832c894db224dc8cff3e6413","sellTxId":"acfd1ed3711b1ea0b75364e8c67a784d82d5ca52"}
{"index": {"_index":"spt","_id":"4101600"}}
	{"id":4101600,"type":"sell","buyer":"multifurcate","seller":"thranax","symbol":"SPT","quantity":"43.476143","price":"0.00171029","timestamp":1660088688,"volume":"0.07435681","buyTxId":"eb00c5c322b75a210778b649470b40b4e190c48a","sellTxId":"a485f6e88a53f7c3dee6adc5fad7673e3f2ef3a8"}
{"index": {"_index":"spt","_id":"4101641"}}
	{"id":4101641,"type":"sell","buyer":"multifurcate","seller":"lolz.devs","symbol":"SPT","quantity":"11.366559","price":"0.00171029","timestamp":1660089327,"volume":"0.01944011","buyTxId":"eb00c5c322b75a210778b649470b40b4e190c48a","sellTxId":"821086738482aca6cd253dc3929183c47178042e"}
{"index": {"_index":"spt","_id":"4101690"}}
	{"id":4101690,"type":"sell","buyer":"multifurcate","seller":"captaincryptic","symbol":"SPT","quantity":"0.114017","price":"0.00171029","timestamp":1660089513,"volume":"0.00019500","buyTxId":"eb00c5c322b75a210778b649470b40b4e190c48a","sellTxId":"0508bcb2ba61239c72ed1d7c342e3c89c94fdb32"}
{"index": {"_index":"spt","_id":"4101806"}}
	{"id":4101806,"type":"sell","buyer":"multifurcate","seller":"dswap","symbol":"SPT","quantity":"6.401876","price":"0.00171029","timestamp":1660090659,"volume":"0.01094906","buyTxId":"eb00c5c322b75a210778b649470b40b4e190c48a","sellTxId":"7a1f4edd4538713fdca8336c16adc7b92152f66c"}
{"index": {"_index":"spt","_id":"4101899"}}
	{"id":4101899,"type":"sell","buyer":"multifurcate","seller":"themarkymark","symbol":"SPT","quantity":"7.846763","price":"0.00168404","timestamp":1660092096,"volume":"0.01321426","buyTxId":"a5277a06f3be1624c27e7214a11a220537c74bf8","sellTxId":"ade4973570b330d895060c32b9ab2886a2700638"}
{"index": {"_index":"spt","_id":"4101976"}}
	{"id":4101976,"type":"sell","buyer":"multifurcate","seller":"josediccus","symbol":"SPT","quantity":"2186.000000","price":"0.00169414","timestamp":1660093377,"volume":"3.70339004","buyTxId":"36a72b1dfaadb7e7d83efe783842ff5b90d5224a","sellTxId":"43349d7b870fc6404c7b566a87ba5c5b11088582"}
{"index": {"_index":"spt","_id":"4102241"}}
	{"id":4102241,"type":"sell","buyer":"pjansen","seller":"teteuzinho","symbol":"SPT","quantity":"1423.805344","price":"0.00171738","timestamp":1660097280,"volume":"2.44521482","buyTxId":"c7bde1d6a605ca2a844fc8a62345c02ec53a9e4b","sellTxId":"a3205384b008fea797698b4a78be8cd066ac1406"}
{"index": {"_index":"spt","_id":"4102367"}}
	{"id":4102367,"type":"sell","buyer":"pjansen","seller":"dubble","symbol":"SPT","quantity":"37.271605","price":"0.00171438","timestamp":1660098972,"volume":"0.06389769","buyTxId":"9dabaac1263ba27a5c9be9ff37223dbf4045703b","sellTxId":"446d2e5932c0de1e5dd1f39fff108134bf15ace6"}
{"index": {"_index":"spt","_id":"4102400"}}
	{"id":4102400,"type":"sell","buyer":"pjansen","seller":"bitcoinflood","symbol":"SPT","quantity":"80.744292","price":"0.00172246","timestamp":1660099497,"volume":"0.13907881","buyTxId":"542f3bce1450f781bd08f6b48a1e8245e84a4966","sellTxId":"bc313863d673669984c60b03303902e6ab322299"}
