{"index": {"_index":"spt","_id":"3674978"}}
	{"id":3674978,"type":"sell","buyer":"multifurcate","seller":"lipe100dedos","symbol":"SPT","quantity":"230.608120","price":"0.00230100","timestamp":1655099466,"volume":"0.53062928","buyTxId":"72cdd1601ce5b5e342ce2fd8e9be10aa530bf431","sellTxId":"6f94c17396a6042c38d4b3e6d22e39eda1073d29"}
{"index": {"_index":"spt","_id":"3675291"}}
	{"id":3675291,"type":"sell","buyer":"multifurcate","seller":"ua-promoter","symbol":"SPT","quantity":"135.872308","price":"0.00230100","timestamp":1655102994,"volume":"0.31264218","buyTxId":"72cdd1601ce5b5e342ce2fd8e9be10aa530bf431","sellTxId":"9ae39165713cc5d811fdadac69483284bace7249"}
{"index": {"_index":"spt","_id":"3675326"}}
	{"id":3675326,"type":"sell","buyer":"multifurcate","seller":"arkasz","symbol":"SPT","quantity":"10000.000000","price":"0.00230100","timestamp":1655103870,"volume":"23.01000000","buyTxId":"72cdd1601ce5b5e342ce2fd8e9be10aa530bf431","sellTxId":"aa40276e03a73d4801bb9b82596322b0ac5414f8"}
{"index": {"_index":"spt","_id":"3676292"}}
	{"id":3676292,"type":"buy","buyer":"thecryptocoinkid","seller":"yameen","symbol":"SPT","quantity":"49.418195","price":"0.00248000","timestamp":1655115699,"volume":"0.12255712","buyTxId":"88bfd41e6273feaab7318e7a57fc0b906110c018","sellTxId":"e76238d81466bc7fb4dddf4f508e223d7de87e4e"}
{"index": {"_index":"spt","_id":"3676296"}}
	{"id":3676296,"type":"buy","buyer":"thecryptocoinkid","seller":"saachi","symbol":"SPT","quantity":"1044.481636","price":"0.00249000","timestamp":1655115726,"volume":"2.60075927","buyTxId":"1044da70c1853b759deee99c4cf43a34aa2f47ec","sellTxId":"c430cbc870bce1276cff3ed590ab80a95158673c"}
{"index": {"_index":"spt","_id":"3676297"}}
	{"id":3676297,"type":"buy","buyer":"thecryptocoinkid","seller":"saachi","symbol":"SPT","quantity":"110.000000","price":"0.00249000","timestamp":1655115726,"volume":"0.27390000","buyTxId":"1044da70c1853b759deee99c4cf43a34aa2f47ec","sellTxId":"dbd5cbd0e8cfc4801e945adb427570fd1e2ea770"}
{"index": {"_index":"spt","_id":"3676305"}}
	{"id":3676305,"type":"buy","buyer":"thecryptocoinkid","seller":"kryptofire","symbol":"SPT","quantity":"49.487268","price":"0.00249900","timestamp":1655115765,"volume":"0.12366868","buyTxId":"ddb6ddc32bb8d5224caf1e425758a796c07b7a86","sellTxId":"ea4736e75524e176308792138b4285117132386a"}
{"index": {"_index":"spt","_id":"3676306"}}
	{"id":3676306,"type":"buy","buyer":"thecryptocoinkid","seller":"thranax","symbol":"SPT","quantity":"50.000000","price":"0.00250000","timestamp":1655115765,"volume":"0.12500000","buyTxId":"ddb6ddc32bb8d5224caf1e425758a796c07b7a86","sellTxId":"1771f249ff30c4657996ed19534bde87fa9d0945"}
{"index": {"_index":"spt","_id":"3676307"}}
	{"id":3676307,"type":"buy","buyer":"thecryptocoinkid","seller":"muzehan","symbol":"SPT","quantity":"950.512732","price":"0.00250000","timestamp":1655115765,"volume":"2.37628183","buyTxId":"ddb6ddc32bb8d5224caf1e425758a796c07b7a86","sellTxId":"abcd7df9f38a023fd53e164ae053e2ad5ab78954"}
{"index": {"_index":"spt","_id":"3676310"}}
	{"id":3676310,"type":"buy","buyer":"thecryptocoinkid","seller":"muzehan","symbol":"SPT","quantity":"49.487268","price":"0.00250000","timestamp":1655115795,"volume":"0.12371817","buyTxId":"3fa562fccea2f0e76c4fb0e58a18b9b6f76187d7","sellTxId":"abcd7df9f38a023fd53e164ae053e2ad5ab78954"}
{"index": {"_index":"spt","_id":"3676476"}}
	{"id":3676476,"type":"sell","buyer":"thecryptocoinkid","seller":"jacksonizer","symbol":"SPT","quantity":"2326.961779","price":"0.00240100","timestamp":1655117946,"volume":"5.58703523","buyTxId":"ae59ab512ba19a37f8206cfac8d0c3ad90cf5ca3","sellTxId":"e571ea1964a1b77db080a6305cb026f120431481"}
{"index": {"_index":"spt","_id":"3676594"}}
	{"id":3676594,"type":"buy","buyer":"dbooster","seller":"thranax","symbol":"SPT","quantity":"50.000000","price":"0.00251999","timestamp":1655118483,"volume":"0.12599950","buyTxId":"200d64fd7125950d78f03e1cadfb82ad7f49b2ad","sellTxId":"206b1ba3236ebd6523d320eb77f62638b9dbf2c1"}
{"index": {"_index":"spt","_id":"3676595"}}
	{"id":3676595,"type":"buy","buyer":"dbooster","seller":"kitsuki","symbol":"SPT","quantity":"400.000000","price":"0.00257890","timestamp":1655118483,"volume":"1.03156000","buyTxId":"200d64fd7125950d78f03e1cadfb82ad7f49b2ad","sellTxId":"64cf882eaadc2da32af9039638071acf745feef6"}
{"index": {"_index":"spt","_id":"3676596"}}
	{"id":3676596,"type":"buy","buyer":"dbooster","seller":"kitsuki","symbol":"SPT","quantity":"50.000000","price":"0.00257890","timestamp":1655118483,"volume":"0.12894500","buyTxId":"200d64fd7125950d78f03e1cadfb82ad7f49b2ad","sellTxId":"e5241198cfe7805d14bca83dd2052596fdb9f3f1"}
{"index": {"_index":"spt","_id":"3676676"}}
	{"id":3676676,"type":"sell","buyer":"thecryptocoinkid","seller":"noblebright","symbol":"SPT","quantity":"5.595202","price":"0.00240100","timestamp":1655119311,"volume":"0.01343408","buyTxId":"ae59ab512ba19a37f8206cfac8d0c3ad90cf5ca3","sellTxId":"5e536809d2c37dcc5795b482dffa525dc17e9d44"}
{"index": {"_index":"spt","_id":"3677312"}}
	{"id":3677312,"type":"buy","buyer":"tanzil2024","seller":"kitsuki","symbol":"SPT","quantity":"166.532327","price":"0.00257890","timestamp":1655123274,"volume":"0.42947022","buyTxId":"7892c27988d12308c32003a253e9c63ee073ea3d","sellTxId":"e5241198cfe7805d14bca83dd2052596fdb9f3f1"}
{"index": {"_index":"spt","_id":"3677348"}}
	{"id":3677348,"type":"sell","buyer":"multifurcate","seller":"jnn10","symbol":"SPT","quantity":"2500.000000","price":"0.00240200","timestamp":1655123523,"volume":"6.00500000","buyTxId":"6e1aa9895233befc0306e1e2e88825108756d11b","sellTxId":"990ab685a297021d638a7db63b51ee4d5fd6a8b5"}
{"index": {"_index":"spt","_id":"3677559"}}
	{"id":3677559,"type":"sell","buyer":"multifurcate","seller":"luislrt","symbol":"SPT","quantity":"7.665344","price":"0.00240200","timestamp":1655124861,"volume":"0.01841216","buyTxId":"0b1bb3a1ddc230a74ab600f512d3a0914e687d11","sellTxId":"ee3089595187c293065901c56aca4a632db5451e"}
{"index": {"_index":"spt","_id":"3678197"}}
	{"id":3678197,"type":"sell","buyer":"multifurcate","seller":"bravetofu","symbol":"SPT","quantity":"6413","price":"0.00241100","timestamp":1655130447,"volume":"15.46174300","buyTxId":"c59b650028bee616aed35dd745aad5762ec63699","sellTxId":"2ca20f85a765aa5d89942acb6e272931eba830e8"}
{"index": {"_index":"spt","_id":"3678397"}}
	{"id":3678397,"type":"sell","buyer":"multifurcate","seller":"boscohage","symbol":"SPT","quantity":"0.630791","price":"0.00241100","timestamp":1655131365,"volume":"0.00152084","buyTxId":"c59b650028bee616aed35dd745aad5762ec63699","sellTxId":"77d0e25e52c1a5c81c9138dd572e98e4916540b3"}
{"index": {"_index":"spt","_id":"3678600"}}
	{"id":3678600,"type":"sell","buyer":"multifurcate","seller":"votebetting","symbol":"SPT","quantity":"7.549313","price":"0.00241100","timestamp":1655132343,"volume":"0.01820139","buyTxId":"c59b650028bee616aed35dd745aad5762ec63699","sellTxId":"8b1617e8eae47320931af1990f0cf82ba70ab5ef"}
{"index": {"_index":"spt","_id":"3679219"}}
	{"id":3679219,"type":"sell","buyer":"multifurcate","seller":"mawit07","symbol":"SPT","quantity":"3057.156400","price":"0.00242100","timestamp":1655137518,"volume":"7.40137564","buyTxId":"9887d2a162be0bb523e642921aed8148706cb380","sellTxId":"6d79850be6b0ca6b23095f1ed22d601a8202fb88"}
{"index": {"_index":"spt","_id":"3679400"}}
	{"id":3679400,"type":"sell","buyer":"onlydoge","seller":"mightyrocklee","symbol":"SPT","quantity":"773.092836","price":"0.00243000","timestamp":1655138931,"volume":"1.87861559","buyTxId":"bf02c95ce604c779422265edb5d388d4c31ba12c","sellTxId":"31d09283d2c4ff374c24300509e80ce917c05173"}
{"index": {"_index":"spt","_id":"3679786"}}
	{"id":3679786,"type":"sell","buyer":"multifurcate","seller":"catomoon","symbol":"SPT","quantity":"325.898082","price":"0.00243100","timestamp":1655141775,"volume":"0.79225824","buyTxId":"42ba495fdb341b29578b28ce9a67b0d307365f31","sellTxId":"418ec7e28138e0e13d51d2b37e6a9a44518d09dd"}
{"index": {"_index":"spt","_id":"3680090"}}
	{"id":3680090,"type":"sell","buyer":"multifurcate","seller":"wdougwatson","symbol":"SPT","quantity":"88.507928","price":"0.00243100","timestamp":1655145090,"volume":"0.21516277","buyTxId":"42ba495fdb341b29578b28ce9a67b0d307365f31","sellTxId":"ec34fecae71665c9c99fe39a346d1e2abc30f6db"}
{"index": {"_index":"spt","_id":"3680097"}}
	{"id":3680097,"type":"sell","buyer":"multifurcate","seller":"dswap","symbol":"SPT","quantity":"2500","price":"0.00243100","timestamp":1655145138,"volume":"6.07750000","buyTxId":"42ba495fdb341b29578b28ce9a67b0d307365f31","sellTxId":"1d488fe247a3048396e9dfe6730aca6b9b413050"}
{"index": {"_index":"spt","_id":"3680191"}}
	{"id":3680191,"type":"sell","buyer":"multifurcate","seller":"tillytots","symbol":"SPT","quantity":"11324.399290","price":"0.00243100","timestamp":1655146347,"volume":"27.52961467","buyTxId":"42ba495fdb341b29578b28ce9a67b0d307365f31","sellTxId":"1096a6235cbd7e5b1409986871af22fcbeeff8c6"}
{"index": {"_index":"spt","_id":"3680641"}}
	{"id":3680641,"type":"sell","buyer":"multifurcate","seller":"finguru","symbol":"SPT","quantity":"131.690283","price":"0.00240200","timestamp":1655150343,"volume":"0.31632006","buyTxId":"5c2402cf1f0883db72fe692153cd0ffc85dc0048","sellTxId":"bf062602a6dc4c0d538651aca39c32dba83195b1"}
{"index": {"_index":"spt","_id":"3680696"}}
	{"id":3680696,"type":"buy","buyer":"jongolson","seller":"onlydoge","symbol":"SPT","quantity":"773.092836","price":"0.00254000","timestamp":1655150829,"volume":"1.96365580","buyTxId":"927043e89c5b2f5abcb2438ec26e289f6b6e29ad","sellTxId":"fb44e8e8d366ee983fa2333c8bef21b1971c0398"}
{"index": {"_index":"spt","_id":"3680697"}}
	{"id":3680697,"type":"buy","buyer":"jongolson","seller":"saachi","symbol":"SPT","quantity":"154.000000","price":"0.00255000","timestamp":1655150829,"volume":"0.39270000","buyTxId":"927043e89c5b2f5abcb2438ec26e289f6b6e29ad","sellTxId":"58dea81cd712f3be8415b623d1ce8e8b1b36d8d4"}
{"index": {"_index":"spt","_id":"3680698"}}
	{"id":3680698,"type":"buy","buyer":"jongolson","seller":"shinoxl","symbol":"SPT","quantity":"72.907164","price":"0.00255000","timestamp":1655150829,"volume":"0.18591327","buyTxId":"927043e89c5b2f5abcb2438ec26e289f6b6e29ad","sellTxId":"b4a815904759e0550ce956bbb59669868bab9f32"}
{"index": {"_index":"spt","_id":"3680986"}}
	{"id":3680986,"type":"buy","buyer":"beersat","seller":"shinoxl","symbol":"SPT","quantity":"200.000000","price":"0.00255000","timestamp":1655153838,"volume":"0.51000000","buyTxId":"8916e52c65ecb1b2b6638b6715ec931246e3580a","sellTxId":"b4a815904759e0550ce956bbb59669868bab9f32"}
{"index": {"_index":"spt","_id":"3681048"}}
	{"id":3681048,"type":"buy","buyer":"thecryptocoinkid","seller":"shinoxl","symbol":"SPT","quantity":"541.614357","price":"0.00255000","timestamp":1655154402,"volume":"1.38111661","buyTxId":"1f3795775ab0f0375bd50e010112cf1762c0e5c6","sellTxId":"b4a815904759e0550ce956bbb59669868bab9f32"}
{"index": {"_index":"spt","_id":"3681056"}}
	{"id":3681056,"type":"buy","buyer":"thecryptocoinkid","seller":"agglutinogenic","symbol":"SPT","quantity":"6220.247912","price":"0.00257780","timestamp":1655154459,"volume":"16.03455507","buyTxId":"3c1daa34592294ac835342070ab8af75ff01c231","sellTxId":"419aeec12f66b2046b0edd2ff4ad4f62aea82d5c"}
{"index": {"_index":"spt","_id":"3681064"}}
	{"id":3681064,"type":"buy","buyer":"thecryptocoinkid","seller":"agglutinogenic","symbol":"SPT","quantity":"535.773376","price":"0.00257780","timestamp":1655154501,"volume":"1.38111661","buyTxId":"ecd31c702fda242380fd7d66d7670b018404158e","sellTxId":"419aeec12f66b2046b0edd2ff4ad4f62aea82d5c"}
{"index": {"_index":"spt","_id":"3682337"}}
	{"id":3682337,"type":"sell","buyer":"he-index","seller":"alexandrzombi","symbol":"SPT","quantity":"0.447326","price":"0.00257780","timestamp":1655162802,"volume":"0.00115312","buyTxId":"0a3138ee1d37a21a73268c01167595a84fad62aa","sellTxId":"b5415f8a4a1dfa5776b1b459f9ca37e30b0bd8c4"}
{"index": {"_index":"spt","_id":"3682488"}}
	{"id":3682488,"type":"sell","buyer":"he-index","seller":"boycharlieplays","symbol":"SPT","quantity":"5.371674","price":"0.00257780","timestamp":1655163732,"volume":"0.01384710","buyTxId":"0a3138ee1d37a21a73268c01167595a84fad62aa","sellTxId":"cc732f18ef67db6720515a25c4f68f047f2f81ad"}
{"index": {"_index":"spt","_id":"3682505"}}
	{"id":3682505,"type":"buy","buyer":"pjansen","seller":"boycharlieplays","symbol":"SPT","quantity":"79.451820","price":"0.00233726","timestamp":1655163870,"volume":"0.18569956","buyTxId":"b23fa04c8acae1926b5fcde4899d6422ade50f34","sellTxId":"cc732f18ef67db6720515a25c4f68f047f2f81ad"}
{"index": {"_index":"spt","_id":"3682506"}}
	{"id":3682506,"type":"buy","buyer":"pjansen","seller":"greengineer","symbol":"SPT","quantity":"0.038948","price":"0.00257880","timestamp":1655163870,"volume":"0.00010044","buyTxId":"b23fa04c8acae1926b5fcde4899d6422ade50f34","sellTxId":"5b1fbda7d84eac6a096231288a9ead1d27d0ac6e"}
{"index": {"_index":"spt","_id":"3682858"}}
	{"id":3682858,"type":"sell","buyer":"multifurcate","seller":"mightyrocklee","symbol":"SPT","quantity":"19.072014","price":"0.00232100","timestamp":1655166078,"volume":"0.04426614","buyTxId":"fc0e29ffbb6ec0e7fa53d79515767bf60e3f27fb","sellTxId":"9a11981495105ec2617c36e881a81e3167e498b9"}
{"index": {"_index":"spt","_id":"3683763"}}
	{"id":3683763,"type":"sell","buyer":"multifurcate","seller":"luckydude","symbol":"SPT","quantity":"85.527644","price":"0.00234100","timestamp":1655172339,"volume":"0.20022021","buyTxId":"4f2e90fabad0d465e98a1e74aaa09b9c9dcef84d","sellTxId":"e728614e3feb0ec5c3cfebb0edbdc398ed7ce0ee"}
{"index": {"_index":"spt","_id":"3683898"}}
	{"id":3683898,"type":"sell","buyer":"multifurcate","seller":"thercek","symbol":"SPT","quantity":"49.088832","price":"0.00234100","timestamp":1655173749,"volume":"0.11491696","buyTxId":"4f2e90fabad0d465e98a1e74aaa09b9c9dcef84d","sellTxId":"fbda9a5d6d03cdb13f9d5989e9014c762c3831dd"}
{"index": {"_index":"spt","_id":"3683925"}}
	{"id":3683925,"type":"sell","buyer":"multifurcate","seller":"bitcoinflood","symbol":"SPT","quantity":"114.174525","price":"0.00234100","timestamp":1655174193,"volume":"0.26728256","buyTxId":"4f2e90fabad0d465e98a1e74aaa09b9c9dcef84d","sellTxId":"3f2953060bf3fae8b58e360610d952d41efa7f7f"}
{"index": {"_index":"spt","_id":"3684155"}}
	{"id":3684155,"type":"buy","buyer":"pjansen","seller":"saachi","symbol":"SPT","quantity":"1960.784313","price":"0.00255000","timestamp":1655176020,"volume":"5.0000","buyTxId":"c99fe460aedbcb9817a5e176cd6d28ee00e3cf41","sellTxId":"90ad2a6f63c0a9279482a33e923d50adf45905fc"}
{"index": {"_index":"spt","_id":"3684162"}}
	{"id":3684162,"type":"buy","buyer":"pjansen","seller":"saachi","symbol":"SPT","quantity":"39.215687","price":"0.00255000","timestamp":1655176074,"volume":"0.10000000","buyTxId":"97c53ea45bcdbbbae91db0046327ca7eecf73fdc","sellTxId":"90ad2a6f63c0a9279482a33e923d50adf45905fc"}
{"index": {"_index":"spt","_id":"3684163"}}
	{"id":3684163,"type":"buy","buyer":"pjansen","seller":"kitsuki","symbol":"SPT","quantity":"0.038778","price":"0.00257878","timestamp":1655176074,"volume":"0.00010000","buyTxId":"97c53ea45bcdbbbae91db0046327ca7eecf73fdc","sellTxId":"c43dbcef8829de4ec7fe934a4777a7fa22169a85"}
{"index": {"_index":"spt","_id":"3684557"}}
	{"id":3684557,"type":"buy","buyer":"evernoticethat","seller":"dubble.eth","symbol":"SPT","quantity":"77.556354","price":"0.00257877","timestamp":1655178867,"volume":"0.2","buyTxId":"67456142458f1a35ae888275020415ef1c32a400","sellTxId":"9201448db547acd0cf48ac2d15e6bdc82395b9f7"}
{"index": {"_index":"spt","_id":"3684581"}}
	{"id":3684581,"type":"sell","buyer":"multifurcate","seller":"adrian1968","symbol":"SPT","quantity":"45.309530","price":"0.00235100","timestamp":1655179056,"volume":"0.10652271","buyTxId":"cc1773759ce3f2f9955f04ef3b3d10472c99d78e","sellTxId":"8b7a938ed7133d75c2300385a301781636fbf1b6"}
{"index": {"_index":"spt","_id":"3684776"}}
	{"id":3684776,"type":"sell","buyer":"multifurcate","seller":"jnn10","symbol":"SPT","quantity":"0.124627","price":"0.00236100","timestamp":1655181141,"volume":"0.00029424","buyTxId":"bf33211d1cd329b0140e609710fce7ebc761f13f","sellTxId":"9ddc2b04ab9d9a6ab0be2fbd77123a8d8dea373d"}
{"index": {"_index":"spt","_id":"3685033"}}
	{"id":3685033,"type":"sell","buyer":"onlydoge","seller":"kakakk","symbol":"SPT","quantity":"12368.302742","price":"0.00237000","timestamp":1655184171,"volume":"29.31287750","buyTxId":"f9b2b0e7d3932ae77c4477eae494fd6124434cef","sellTxId":"75d2540dab9bd86b38c15d644bfcb51dd50f35d4"}
