{"index": {"_index":"spt","_id":"3883173"}}
	{"id":3883173,"type":"sell","buyer":"multifurcate","seller":"bitcoinflood","symbol":"SPT","quantity":"65.502624","price":"0.00126100","timestamp":1657509744,"volume":"0.08259881","buyTxId":"8e5e1c695cd0607d54bde7476b2b13eb8412d675","sellTxId":"94da1001154d52934acd52dd5f0924cada74896c"}
{"index": {"_index":"spt","_id":"3883288"}}
	{"id":3883288,"type":"buy","buyer":"pjansen","seller":"koreaminer","symbol":"SPT","quantity":"154.695600","price":"0.00159900","timestamp":1657511694,"volume":"0.24735826","buyTxId":"2b2955e6eb6241af61e6847e80c33bb93fa74ed0","sellTxId":"4b54008137a198644f41689ec584b4f01d90450e"}
{"index": {"_index":"spt","_id":"3883289"}}
	{"id":3883289,"type":"buy","buyer":"pjansen","seller":"costanza","symbol":"SPT","quantity":"0.004775","price":"0.00170000","timestamp":1657511694,"volume":"0.00000812","buyTxId":"2b2955e6eb6241af61e6847e80c33bb93fa74ed0","sellTxId":"1148fee2ba5f4e5a9a96508ce68fa79963baf771"}
{"index": {"_index":"spt","_id":"3883290"}}
	{"id":3883290,"type":"buy","buyer":"pjansen","seller":"saachi","symbol":"SPT","quantity":"0.019211","price":"0.00175000","timestamp":1657511694,"volume":"0.00003362","buyTxId":"2b2955e6eb6241af61e6847e80c33bb93fa74ed0","sellTxId":"b95af57b9dcb32fc190b78015f072e66bf92dcbf"}
{"index": {"_index":"spt","_id":"3883437"}}
	{"id":3883437,"type":"buy","buyer":"glimpsytips.dex","seller":"saachi","symbol":"SPT","quantity":"100.000000","price":"0.00175000","timestamp":1657513986,"volume":"0.17500000","buyTxId":"1fc2e3ff57ffa885903fe24cb9c308f4071630b7","sellTxId":"b95af57b9dcb32fc190b78015f072e66bf92dcbf"}
{"index": {"_index":"spt","_id":"3883703"}}
	{"id":3883703,"type":"sell","buyer":"multifurcate","seller":"lipe100dedos","symbol":"SPT","quantity":"40.620335","price":"0.00129100","timestamp":1657517436,"volume":"0.05244085","buyTxId":"d63f6584eb96058349bfb94906049be423d9c97d","sellTxId":"81e68de782e725e2c0cd4fd810851c09b55f5e9f"}
{"index": {"_index":"spt","_id":"3883861"}}
	{"id":3883861,"type":"buy","buyer":"psychkrhoz","seller":"glimpsytips.dex","symbol":"SPT","quantity":"100.000000","price":"0.00174999","timestamp":1657519470,"volume":"0.17499900","buyTxId":"a029c7d48a5e1478e1be82197c36302fa7056bd7","sellTxId":"7a28f446fd1f0e07eebd139bc9b33e28c9689eb5"}
{"index": {"_index":"spt","_id":"3883862"}}
	{"id":3883862,"type":"buy","buyer":"psychkrhoz","seller":"glimpsytips.dex","symbol":"SPT","quantity":"100.000000","price":"0.00174999","timestamp":1657519470,"volume":"0.17499900","buyTxId":"a029c7d48a5e1478e1be82197c36302fa7056bd7","sellTxId":"3bee63ce10f89bcd874276975bad2185e8311e6d"}
{"index": {"_index":"spt","_id":"3883863"}}
	{"id":3883863,"type":"buy","buyer":"psychkrhoz","seller":"glimpsytips.dex","symbol":"SPT","quantity":"100.000000","price":"0.00174999","timestamp":1657519470,"volume":"0.17499900","buyTxId":"a029c7d48a5e1478e1be82197c36302fa7056bd7","sellTxId":"57478bac95335264169cfce340914daf154e3260"}
{"index": {"_index":"spt","_id":"3883864"}}
	{"id":3883864,"type":"buy","buyer":"psychkrhoz","seller":"glimpsytips.dex","symbol":"SPT","quantity":"100.000000","price":"0.00174999","timestamp":1657519470,"volume":"0.17499900","buyTxId":"a029c7d48a5e1478e1be82197c36302fa7056bd7","sellTxId":"d846e2f6ae8b5766254bda637cb64de40c349ff5"}
{"index": {"_index":"spt","_id":"3883868"}}
	{"id":3883868,"type":"buy","buyer":"psychkrhoz","seller":"saachi","symbol":"SPT","quantity":"1885.716571","price":"0.00175000","timestamp":1657519551,"volume":"3.30000400","buyTxId":"d48aa2c7ea59df743d9934baac6052947edffc2d","sellTxId":"b95af57b9dcb32fc190b78015f072e66bf92dcbf"}
{"index": {"_index":"spt","_id":"3884011"}}
	{"id":3884011,"type":"sell","buyer":"multifurcate","seller":"chrono.spt","symbol":"SPT","quantity":"39587.773748","price":"0.00130320","timestamp":1657522128,"volume":"51.59078675","buyTxId":"0855f4f412a5e821757af9e632ff01559a1c3eeb","sellTxId":"1ddde2e9da03136efc1598523d61ea37de5e8a0a"}
{"index": {"_index":"spt","_id":"3884137"}}
	{"id":3884137,"type":"sell","buyer":"multifurcate","seller":"pjansen","symbol":"SPT","quantity":"6293.127127","price":"0.00160100","timestamp":1657523496,"volume":"10.07529653","buyTxId":"a288d105d384448787374a6f7452c581677ed0db","sellTxId":"597f55d687da58bdf09353a826b5fdafec2555e0"}
{"index": {"_index":"spt","_id":"3884224"}}
	{"id":3884224,"type":"buy","buyer":"dswap","seller":"saachi","symbol":"SPT","quantity":"312.173714","price":"0.00175000","timestamp":1657524468,"volume":"0.54630400","buyTxId":"77fd4832ef596ef7634b1850f2f741dc88a4db82","sellTxId":"b95af57b9dcb32fc190b78015f072e66bf92dcbf"}
{"index": {"_index":"spt","_id":"3884451"}}
	{"id":3884451,"type":"sell","buyer":"multifurcate","seller":"pjansen","symbol":"SPT","quantity":"908.932654","price":"0.00162100","timestamp":1657528098,"volume":"1.47337983","buyTxId":"ab2e0e6ae8196c77de39eee775b7d994d861912d","sellTxId":"0ca6e73349a946098fc8971b86e67a310fc11892"}
{"index": {"_index":"spt","_id":"3884575"}}
	{"id":3884575,"type":"buy","buyer":"gidlark","seller":"glimpsytips.dex","symbol":"SPT","quantity":"150.000000","price":"0.00174799","timestamp":1657530021,"volume":"0.26219850","buyTxId":"fdfc3be620cadb6aef0ed8c91627b7bc0b532ee3","sellTxId":"3537e01d30b19d7aeda133f8844b2c1d8d4e1f37"}
{"index": {"_index":"spt","_id":"3884576"}}
	{"id":3884576,"type":"buy","buyer":"gidlark","seller":"glimpsytips.dex","symbol":"SPT","quantity":"150.000000","price":"0.00174799","timestamp":1657530021,"volume":"0.26219850","buyTxId":"fdfc3be620cadb6aef0ed8c91627b7bc0b532ee3","sellTxId":"2738ee16cf94f171dd5450296fe278396a501246"}
{"index": {"_index":"spt","_id":"3884577"}}
	{"id":3884577,"type":"buy","buyer":"gidlark","seller":"glimpsytips.dex","symbol":"SPT","quantity":"150.000000","price":"0.00174799","timestamp":1657530021,"volume":"0.26219850","buyTxId":"fdfc3be620cadb6aef0ed8c91627b7bc0b532ee3","sellTxId":"74287ba820a737792d0d5988d33f2dc0052ec682"}
{"index": {"_index":"spt","_id":"3884578"}}
	{"id":3884578,"type":"buy","buyer":"gidlark","seller":"yameen","symbol":"SPT","quantity":"133.216445","price":"0.00174800","timestamp":1657530021,"volume":"0.23286235","buyTxId":"fdfc3be620cadb6aef0ed8c91627b7bc0b532ee3","sellTxId":"bbab819742dd9f3f48f6cc89df3e4506c18c77b3"}
{"index": {"_index":"spt","_id":"3884579"}}
	{"id":3884579,"type":"buy","buyer":"gidlark","seller":"glimpsytips.dex","symbol":"SPT","quantity":"133.216445","price":"0.00174800","timestamp":1657530021,"volume":"0.23286235","buyTxId":"fdfc3be620cadb6aef0ed8c91627b7bc0b532ee3","sellTxId":"38e88c3d3e8d2b8efd71846895f3fd657b31cbed"}
{"index": {"_index":"spt","_id":"3884580"}}
	{"id":3884580,"type":"buy","buyer":"gidlark","seller":"glimpsytips.dex","symbol":"SPT","quantity":"133.216445","price":"0.00174800","timestamp":1657530021,"volume":"0.23286235","buyTxId":"fdfc3be620cadb6aef0ed8c91627b7bc0b532ee3","sellTxId":"5e3142220edcb17477b5bcdef2245dbd1022d18f"}
{"index": {"_index":"spt","_id":"3884581"}}
	{"id":3884581,"type":"buy","buyer":"gidlark","seller":"glimpsytips.dex","symbol":"SPT","quantity":"150.000000","price":"0.00174899","timestamp":1657530021,"volume":"0.26234850","buyTxId":"fdfc3be620cadb6aef0ed8c91627b7bc0b532ee3","sellTxId":"54ab0ea92d9866058d37428638e46c6f7562ead3"}
{"index": {"_index":"spt","_id":"3884582"}}
	{"id":3884582,"type":"buy","buyer":"gidlark","seller":"glimpsytips.dex","symbol":"SPT","quantity":"150.000000","price":"0.00174899","timestamp":1657530021,"volume":"0.26234850","buyTxId":"fdfc3be620cadb6aef0ed8c91627b7bc0b532ee3","sellTxId":"32d86042f701abee0d0642a93e71fcb7a6741a00"}
{"index": {"_index":"spt","_id":"3884583"}}
	{"id":3884583,"type":"buy","buyer":"gidlark","seller":"glimpsytips.dex","symbol":"SPT","quantity":"150.000000","price":"0.00174999","timestamp":1657530021,"volume":"0.26249850","buyTxId":"fdfc3be620cadb6aef0ed8c91627b7bc0b532ee3","sellTxId":"22880bc2463f455cc2cf66ea4a1de4f24a45c6da"}
{"index": {"_index":"spt","_id":"3884584"}}
	{"id":3884584,"type":"buy","buyer":"gidlark","seller":"glimpsytips.dex","symbol":"SPT","quantity":"150.000000","price":"0.00174999","timestamp":1657530021,"volume":"0.26249850","buyTxId":"fdfc3be620cadb6aef0ed8c91627b7bc0b532ee3","sellTxId":"4e30d36f781c1a06bb72067d6eb21bf00e99fa42"}
{"index": {"_index":"spt","_id":"3884585"}}
	{"id":3884585,"type":"buy","buyer":"gidlark","seller":"saachi","symbol":"SPT","quantity":"1702.090504","price":"0.00175000","timestamp":1657530021,"volume":"2.97865838","buyTxId":"fdfc3be620cadb6aef0ed8c91627b7bc0b532ee3","sellTxId":"b95af57b9dcb32fc190b78015f072e66bf92dcbf"}
{"index": {"_index":"spt","_id":"3884586"}}
	{"id":3884586,"type":"buy","buyer":"gidlark","seller":"glimpsytips.dex","symbol":"SPT","quantity":"150.000000","price":"0.00175010","timestamp":1657530021,"volume":"0.26251500","buyTxId":"fdfc3be620cadb6aef0ed8c91627b7bc0b532ee3","sellTxId":"325a9944fa4c1d45b806227f53206b898b4e21b0"}
{"index": {"_index":"spt","_id":"3884587"}}
	{"id":3884587,"type":"buy","buyer":"gidlark","seller":"glimpsytips.dex","symbol":"SPT","quantity":"150.000000","price":"0.00175010","timestamp":1657530021,"volume":"0.26251500","buyTxId":"fdfc3be620cadb6aef0ed8c91627b7bc0b532ee3","sellTxId":"e90947a6a9a1a15a44d79e6042dcb72f1a545ff0"}
{"index": {"_index":"spt","_id":"3884588"}}
	{"id":3884588,"type":"buy","buyer":"gidlark","seller":"glimpsytips.dex","symbol":"SPT","quantity":"150.000000","price":"0.00178889","timestamp":1657530021,"volume":"0.26833350","buyTxId":"fdfc3be620cadb6aef0ed8c91627b7bc0b532ee3","sellTxId":"d76dc32d19d7cd6453c522802acd812f6f65b26b"}
{"index": {"_index":"spt","_id":"3884589"}}
	{"id":3884589,"type":"buy","buyer":"gidlark","seller":"glimpsytips.dex","symbol":"SPT","quantity":"150.000000","price":"0.00178889","timestamp":1657530021,"volume":"0.26833350","buyTxId":"fdfc3be620cadb6aef0ed8c91627b7bc0b532ee3","sellTxId":"14de6ab22ca5ce882ce8edb6e67834a0813143ca"}
{"index": {"_index":"spt","_id":"3884590"}}
	{"id":3884590,"type":"buy","buyer":"gidlark","seller":"glimpsytips.dex","symbol":"SPT","quantity":"150.000000","price":"0.00179889","timestamp":1657530021,"volume":"0.26983350","buyTxId":"fdfc3be620cadb6aef0ed8c91627b7bc0b532ee3","sellTxId":"8263d188698d4a9f37fa0ff29035c2c68546d6e5"}
{"index": {"_index":"spt","_id":"3884591"}}
	{"id":3884591,"type":"buy","buyer":"gidlark","seller":"glimpsytips.dex","symbol":"SPT","quantity":"150.000000","price":"0.00179889","timestamp":1657530021,"volume":"0.26983350","buyTxId":"fdfc3be620cadb6aef0ed8c91627b7bc0b532ee3","sellTxId":"048267219d64c5ffaafd36f35495683f6f6188f8"}
{"index": {"_index":"spt","_id":"3884592"}}
	{"id":3884592,"type":"buy","buyer":"gidlark","seller":"glimpsytips.dex","symbol":"SPT","quantity":"150.000000","price":"0.00179989","timestamp":1657530021,"volume":"0.26998350","buyTxId":"fdfc3be620cadb6aef0ed8c91627b7bc0b532ee3","sellTxId":"eed055dc41f8cdd9633f11cf5fd804e6049bcc0a"}
{"index": {"_index":"spt","_id":"3884593"}}
	{"id":3884593,"type":"buy","buyer":"gidlark","seller":"glimpsytips.dex","symbol":"SPT","quantity":"150.000000","price":"0.00179989","timestamp":1657530021,"volume":"0.26998350","buyTxId":"fdfc3be620cadb6aef0ed8c91627b7bc0b532ee3","sellTxId":"524c892165f891cf7266ef12cccb01341dfc9920"}
{"index": {"_index":"spt","_id":"3884594"}}
	{"id":3884594,"type":"buy","buyer":"gidlark","seller":"greengineer","symbol":"SPT","quantity":"6208.442227","price":"0.00179990","timestamp":1657530021,"volume":"11.17457516","buyTxId":"fdfc3be620cadb6aef0ed8c91627b7bc0b532ee3","sellTxId":"3941c7c7c264b5e4aa0f3b7b07cc85d65de4dbad"}
{"index": {"_index":"spt","_id":"3884595"}}
	{"id":3884595,"type":"buy","buyer":"gidlark","seller":"mauriciolimax","symbol":"SPT","quantity":"390.032727","price":"0.00180000","timestamp":1657530021,"volume":"0.70205891","buyTxId":"fdfc3be620cadb6aef0ed8c91627b7bc0b532ee3","sellTxId":"e6a9fd1f249f983a35731eec219b5148adc67d68"}
{"index": {"_index":"spt","_id":"3884741"}}
	{"id":3884741,"type":"sell","buyer":"glimpsytips.dex","seller":"pjansen","symbol":"SPT","quantity":"150.000000","price":"0.00163101","timestamp":1657531875,"volume":"0.24465150","buyTxId":"68cbbdb41628761fc8457d49a5fd4407f5803429","sellTxId":"35ca67887e6572c75978681a2575ea6e4eae627c"}
{"index": {"_index":"spt","_id":"3884742"}}
	{"id":3884742,"type":"sell","buyer":"glimpsytips.dex","seller":"pjansen","symbol":"SPT","quantity":"150.000000","price":"0.00163101","timestamp":1657531875,"volume":"0.24465150","buyTxId":"016da14219c9d81fefb9602a75b02fc1b92007d4","sellTxId":"35ca67887e6572c75978681a2575ea6e4eae627c"}
{"index": {"_index":"spt","_id":"3884743"}}
	{"id":3884743,"type":"sell","buyer":"glimpsytips.dex","seller":"pjansen","symbol":"SPT","quantity":"150.000000","price":"0.00163101","timestamp":1657531875,"volume":"0.24465150","buyTxId":"88f5b21924e5b6cb4ef9d8c9f04381aac9c51754","sellTxId":"35ca67887e6572c75978681a2575ea6e4eae627c"}
{"index": {"_index":"spt","_id":"3884744"}}
	{"id":3884744,"type":"sell","buyer":"multifurcate","seller":"pjansen","symbol":"SPT","quantity":"228.396401","price":"0.00163100","timestamp":1657531875,"volume":"0.37251453","buyTxId":"d607ac719654945ea8e04fa9f71bce2e94b3828c","sellTxId":"35ca67887e6572c75978681a2575ea6e4eae627c"}
{"index": {"_index":"spt","_id":"3885014"}}
	{"id":3885014,"type":"buy","buyer":"samarek69","seller":"glimpsytips.dex","symbol":"SPT","quantity":"0.159723","price":"0.00179999","timestamp":1657535391,"volume":"0.00028750","buyTxId":"19b2e34552a83bcf373d7a491bdb005be41f37fe","sellTxId":"93ec3d24414a194362c2775b733e320f3086b630"}
{"index": {"_index":"spt","_id":"3885055"}}
	{"id":3885055,"type":"sell","buyer":"multifurcate","seller":"pjansen","symbol":"SPT","quantity":"870.786712","price":"0.00165100","timestamp":1657536192,"volume":"1.43766886","buyTxId":"3f422ce9662a01a3f10fcb149081a535e5ceed38","sellTxId":"93d6fc32ab2b4c6b11cfa926389527b4e83e8809"}
{"index": {"_index":"spt","_id":"3885368"}}
	{"id":3885368,"type":"buy","buyer":"dbooster","seller":"glimpsytips.dex","symbol":"SPT","quantity":"124.840277","price":"0.00179999","timestamp":1657541979,"volume":"0.22471125","buyTxId":"dd089822e918fcedc3b1d48b62f50e2b2336f50b","sellTxId":"93ec3d24414a194362c2775b733e320f3086b630"}
{"index": {"_index":"spt","_id":"3885369"}}
	{"id":3885369,"type":"buy","buyer":"dbooster","seller":"glimpsytips.dex","symbol":"SPT","quantity":"125.000000","price":"0.00179999","timestamp":1657541979,"volume":"0.22499875","buyTxId":"dd089822e918fcedc3b1d48b62f50e2b2336f50b","sellTxId":"288368e6f58544f964c04c34a774d92fefc3659d"}
{"index": {"_index":"spt","_id":"3885370"}}
	{"id":3885370,"type":"buy","buyer":"dbooster","seller":"glimpsytips.dex","symbol":"SPT","quantity":"100.000000","price":"0.00179999","timestamp":1657541979,"volume":"0.17999900","buyTxId":"dd089822e918fcedc3b1d48b62f50e2b2336f50b","sellTxId":"ae11612596f87e4884f1c024b5f671f86e21b6da"}
{"index": {"_index":"spt","_id":"3885371"}}
	{"id":3885371,"type":"buy","buyer":"dbooster","seller":"glimpsytips.dex","symbol":"SPT","quantity":"100.000000","price":"0.00179999","timestamp":1657541979,"volume":"0.17999900","buyTxId":"dd089822e918fcedc3b1d48b62f50e2b2336f50b","sellTxId":"235f626ff23f01b73b78c865c72f7381e77a777e"}
{"index": {"_index":"spt","_id":"3885372"}}
	{"id":3885372,"type":"buy","buyer":"dbooster","seller":"mauriciolimax","symbol":"SPT","quantity":"50.159723","price":"0.00180000","timestamp":1657541979,"volume":"0.09028750","buyTxId":"dd089822e918fcedc3b1d48b62f50e2b2336f50b","sellTxId":"e6a9fd1f249f983a35731eec219b5148adc67d68"}
{"index": {"_index":"spt","_id":"3885376"}}
	{"id":3885376,"type":"sell","buyer":"multifurcate","seller":"pjansen","symbol":"SPT","quantity":"516.830734","price":"0.00167100","timestamp":1657542069,"volume":"0.86362416","buyTxId":"d062b8cfc2e8565080828de4c752c9317937c386","sellTxId":"ee38405a1b6b56f7b6847ea5a491644b0ee46e2e"}
{"index": {"_index":"spt","_id":"3885488"}}
	{"id":3885488,"type":"sell","buyer":"multifurcate","seller":"shiftrox","symbol":"SPT","quantity":"2063.929562","price":"0.00167100","timestamp":1657543749,"volume":"3.44882630","buyTxId":"d062b8cfc2e8565080828de4c752c9317937c386","sellTxId":"c00b0a2184b3e3007a6005f3e1e5985faaa765be"}
{"index": {"_index":"spt","_id":"3885581"}}
	{"id":3885581,"type":"sell","buyer":"multifurcate","seller":"pjansen","symbol":"SPT","quantity":"500.304882","price":"0.00168100","timestamp":1657544958,"volume":"0.84101251","buyTxId":"955806ac7be1a297cd7eb5a89b1b221c9f92a980","sellTxId":"df56513eda328fddb1d2b204d9364c3530e97126"}
{"index": {"_index":"spt","_id":"3885630"}}
	{"id":3885630,"type":"buy","buyer":"borgito","seller":"mauriciolimax","symbol":"SPT","quantity":"141.543388","price":"0.00180000","timestamp":1657545714,"volume":"0.25477810","buyTxId":"15a512f6939e62ee8f3fe15075ae79f25e8afbb3","sellTxId":"e6a9fd1f249f983a35731eec219b5148adc67d68"}
{"index": {"_index":"spt","_id":"3886057"}}
	{"id":3886057,"type":"sell","buyer":"multifurcate","seller":"tanzil2024","symbol":"SPT","quantity":"8558.553355","price":"0.00170100","timestamp":1657550769,"volume":"14.55809926","buyTxId":"309061e0f7c0975061bf041690963429131c8ecc","sellTxId":"2c2e9ae1c116fcfba94cfdef3958a31fa56f0707"}
{"index": {"_index":"spt","_id":"3886058"}}
	{"id":3886058,"type":"sell","buyer":"multifurcate","seller":"pjansen","symbol":"SPT","quantity":"844.530735","price":"0.00170100","timestamp":1657550784,"volume":"1.43654678","buyTxId":"309061e0f7c0975061bf041690963429131c8ecc","sellTxId":"6946117525a462f2866d9623062c2d7e202fbee3"}
{"index": {"_index":"spt","_id":"3886106"}}
	{"id":3886106,"type":"sell","buyer":"multifurcate","seller":"pjansen","symbol":"SPT","quantity":"5.890871","price":"0.00170100","timestamp":1657551399,"volume":"0.01002037","buyTxId":"309061e0f7c0975061bf041690963429131c8ecc","sellTxId":"a31e1c9ccac83b5c7bae3812e25eb32c609e3753"}
{"index": {"_index":"spt","_id":"3886305"}}
	{"id":3886305,"type":"buy","buyer":"grimmazrael","seller":"rosmiapure","symbol":"SPT","quantity":"273.690000","price":"0.00179000","timestamp":1657553544,"volume":"0.48990510","buyTxId":"f9fadb383e2dca93135b588b49343fd622b9cd8d","sellTxId":"63f0fd5ae09acaeee711a97b0ed15553e9caaef0"}
{"index": {"_index":"spt","_id":"3886454"}}
	{"id":3886454,"type":"buy","buyer":"evernoticethat","seller":"mauriciolimax","symbol":"SPT","quantity":"372.946694","price":"0.00180000","timestamp":1657555206,"volume":"0.67130405","buyTxId":"724c57905ad1086a01e713d5509196097f25d80d","sellTxId":"e6a9fd1f249f983a35731eec219b5148adc67d68"}
{"index": {"_index":"spt","_id":"3886478"}}
	{"id":3886478,"type":"sell","buyer":"grimmazrael","seller":"pjansen","symbol":"SPT","quantity":"65.310000","price":"0.00179000","timestamp":1657555521,"volume":"0.11690490","buyTxId":"f9fadb383e2dca93135b588b49343fd622b9cd8d","sellTxId":"bbf5838aecf9289cee7efd5075082e50d32545ce"}
{"index": {"_index":"spt","_id":"3886479"}}
	{"id":3886479,"type":"sell","buyer":"onlydoge","seller":"pjansen","symbol":"SPT","quantity":"0.115844","price":"0.00170000","timestamp":1657555521,"volume":"0.00019693","buyTxId":"566cfa9f1dc162bbec0948d104e1b18fdcf32cd8","sellTxId":"bbf5838aecf9289cee7efd5075082e50d32545ce"}
{"index": {"_index":"spt","_id":"3886489"}}
	{"id":3886489,"type":"buy","buyer":"evernoticethat","seller":"mauriciolimax","symbol":"SPT","quantity":"439.444444","price":"0.00180000","timestamp":1657555617,"volume":"0.791","buyTxId":"35fb50ab1decbde59fcc471805274e9ce4ecbc33","sellTxId":"e6a9fd1f249f983a35731eec219b5148adc67d68"}
{"index": {"_index":"spt","_id":"3886528"}}
	{"id":3886528,"type":"buy","buyer":"jongolson","seller":"mauriciolimax","symbol":"SPT","quantity":"751.363056","price":"0.00180000","timestamp":1657556361,"volume":"1.35245350","buyTxId":"2e8339dbdb97d64b064ce63411bd57820f8dacfc","sellTxId":"e6a9fd1f249f983a35731eec219b5148adc67d68"}
{"index": {"_index":"spt","_id":"3886529"}}
	{"id":3886529,"type":"buy","buyer":"jongolson","seller":"dubble.eth","symbol":"SPT","quantity":"209.543657","price":"0.00188999","timestamp":1657556361,"volume":"0.39603542","buyTxId":"2e8339dbdb97d64b064ce63411bd57820f8dacfc","sellTxId":"415ca72c9c2ef089c8114db8149311bd70d74cd4"}
{"index": {"_index":"spt","_id":"3886530"}}
	{"id":3886530,"type":"buy","buyer":"jongolson","seller":"glimpsytips.dex","symbol":"SPT","quantity":"2.327800","price":"0.00188999","timestamp":1657556361,"volume":"0.00439952","buyTxId":"2e8339dbdb97d64b064ce63411bd57820f8dacfc","sellTxId":"89afb61e1c8b27b46ad57168a5ca09e563736c69"}
{"index": {"_index":"spt","_id":"3886531"}}
	{"id":3886531,"type":"buy","buyer":"jongolson","seller":"abcor","symbol":"SPT","quantity":"36.765487","price":"0.00190000","timestamp":1657556361,"volume":"0.06985443","buyTxId":"2e8339dbdb97d64b064ce63411bd57820f8dacfc","sellTxId":"35bf747d8bf4840559b6d1c5fe8c9003a46b51b4"}
{"index": {"_index":"spt","_id":"3886817"}}
	{"id":3886817,"type":"sell","buyer":"onlydoge","seller":"durlan","symbol":"SPT","quantity":"13.405847","price":"0.00170000","timestamp":1657559574,"volume":"0.02278994","buyTxId":"566cfa9f1dc162bbec0948d104e1b18fdcf32cd8","sellTxId":"3e236fb21855b25fdbdc858c70709da22721ebcc"}
{"index": {"_index":"spt","_id":"3887418"}}
	{"id":3887418,"type":"buy","buyer":"evernoticethat","seller":"abcor","symbol":"SPT","quantity":"25.344163","price":"0.00190000","timestamp":1657566201,"volume":"0.04815391","buyTxId":"5a3a2a2b2a620dbfde5e32ab2071346d8d5b1d66","sellTxId":"35bf747d8bf4840559b6d1c5fe8c9003a46b51b4"}
{"index": {"_index":"spt","_id":"3887762"}}
	{"id":3887762,"type":"sell","buyer":"onlydoge","seller":"davideazul","symbol":"SPT","quantity":"4626.975985","price":"0.00170000","timestamp":1657571577,"volume":"7.86585917","buyTxId":"566cfa9f1dc162bbec0948d104e1b18fdcf32cd8","sellTxId":"04d260e375bc14d2f54883e3dcedb4e991497cbc"}
{"index": {"_index":"spt","_id":"3888051"}}
	{"id":3888051,"type":"sell","buyer":"onlydoge","seller":"dswap","symbol":"SPT","quantity":"2000","price":"0.00170000","timestamp":1657575336,"volume":"3.40000000","buyTxId":"566cfa9f1dc162bbec0948d104e1b18fdcf32cd8","sellTxId":"abe863207eaa3972eb13ee4a51a4b01724431dc6"}
{"index": {"_index":"spt","_id":"3888469"}}
	{"id":3888469,"type":"buy","buyer":"lovelust","seller":"droida","symbol":"SPT","quantity":"0.180000","price":"0.00188979","timestamp":1657577067,"volume":"0.00034016","buyTxId":"db3e2eed665d1171c0104b2c725eee7fe641a36c","sellTxId":"0f4ebbb27cdb46bf6320d9f8b3dd5fb8933daf99"}
{"index": {"_index":"spt","_id":"3888557"}}
	{"id":3888557,"type":"sell","buyer":"onlydoge","seller":"andy4475","symbol":"SPT","quantity":"4.818499","price":"0.00170000","timestamp":1657578009,"volume":"0.00819145","buyTxId":"566cfa9f1dc162bbec0948d104e1b18fdcf32cd8","sellTxId":"fcd198ca1a05a4bca8c9390b009a8f2b95856897"}
{"index": {"_index":"spt","_id":"3888616"}}
	{"id":3888616,"type":"sell","buyer":"onlydoge","seller":"sazzad-sm","symbol":"SPT","quantity":"34.851127","price":"0.00170000","timestamp":1657578624,"volume":"0.05924692","buyTxId":"566cfa9f1dc162bbec0948d104e1b18fdcf32cd8","sellTxId":"5b03ab0452fd96c399cd0955c41d92635b4dbc04"}
{"index": {"_index":"spt","_id":"3888698"}}
	{"id":3888698,"type":"sell","buyer":"onlydoge","seller":"mariya21","symbol":"SPT","quantity":"34.327874","price":"0.00170000","timestamp":1657580121,"volume":"0.05835739","buyTxId":"566cfa9f1dc162bbec0948d104e1b18fdcf32cd8","sellTxId":"aced5c70251471dc6f4a8e05a9ee4089ea1b9ecd"}
{"index": {"_index":"spt","_id":"3889622"}}
	{"id":3889622,"type":"sell","buyer":"he-index","seller":"themarkymark","symbol":"SPT","quantity":"3.097792","price":"0.00170000","timestamp":1657586838,"volume":"0.00526625","buyTxId":"40fc95800db4d52f577bb32255c758972fc4f5ad","sellTxId":"2bdb8c4e469d9bd6a25951755593fd70e3f03fa1"}
{"index": {"_index":"spt","_id":"3889829"}}
	{"id":3889829,"type":"sell","buyer":"he-index","seller":"crypto-futurist","symbol":"SPT","quantity":"19.977485","price":"0.00170000","timestamp":1657591401,"volume":"0.03396172","buyTxId":"40fc95800db4d52f577bb32255c758972fc4f5ad","sellTxId":"48099efdf432343e107ab54a41a87f3cd95c218d"}
{"index": {"_index":"spt","_id":"3889870"}}
	{"id":3889870,"type":"buy","buyer":"xplosive","seller":"onlydoge","symbol":"SPT","quantity":"25.000000","price":"0.00188000","timestamp":1657592028,"volume":"0.04700000","buyTxId":"577225352e49a71da76d5df862c70d28886a4a85","sellTxId":"cc07292e3ebc45c49478134fec1f75d67553277f"}
{"index": {"_index":"spt","_id":"3889902"}}
	{"id":3889902,"type":"sell","buyer":"he-index","seller":"zakludick","symbol":"SPT","quantity":"0.453723","price":"0.00170000","timestamp":1657592604,"volume":"0.00077133","buyTxId":"40fc95800db4d52f577bb32255c758972fc4f5ad","sellTxId":"8541b294b618aec37801fc403e62cb0eaadf3247"}
{"index": {"_index":"spt","_id":"3889903"}}
	{"id":3889903,"type":"sell","buyer":"multifurcate","seller":"zakludick","symbol":"SPT","quantity":"327.973947","price":"0.00160100","timestamp":1657592604,"volume":"0.52508629","buyTxId":"2d8e21bfb2b29c9e384ad8eaf82218376b6df980","sellTxId":"8541b294b618aec37801fc403e62cb0eaadf3247"}
{"index": {"_index":"spt","_id":"3889915"}}
	{"id":3889915,"type":"sell","buyer":"multifurcate","seller":"aftersound","symbol":"SPT","quantity":"28.127483","price":"0.00160100","timestamp":1657592754,"volume":"0.04503210","buyTxId":"2d8e21bfb2b29c9e384ad8eaf82218376b6df980","sellTxId":"75e388b5b7c2cb5288597a32738bfadc12695a85"}
{"index": {"_index":"spt","_id":"3889959"}}
	{"id":3889959,"type":"sell","buyer":"multifurcate","seller":"bitcoinflood","symbol":"SPT","quantity":"44.833529","price":"0.00160100","timestamp":1657593348,"volume":"0.07177848","buyTxId":"2d8e21bfb2b29c9e384ad8eaf82218376b6df980","sellTxId":"cb8a1a2ecdf0145da56429722631254af14dcd3a"}
