{"index": {"_index":"spt","_id":"2113410"}}
	{"id":2113410,"type":"sell","buyer":"granddaddies","seller":"brofi-market","symbol":"SPT","quantity":"0.012764","price":"0.00330001","timestamp":1637899863,"volume":"0.00004212","buyTxId":"70071f2c615b520932f939a65fb55907a0ca67cc","sellTxId":"00e220f93faa711bec915264ea5862507dc3990e"}
{"index": {"_index":"spt","_id":"2113627"}}
	{"id":2113627,"type":"sell","buyer":"granddaddies","seller":"khanza.aulia","symbol":"SPT","quantity":"26.705299","price":"0.00330001","timestamp":1637902284,"volume":"0.08812775","buyTxId":"70071f2c615b520932f939a65fb55907a0ca67cc","sellTxId":"6ff04744dbd9b70cd9736f4565fc464a254683a3"}
{"index": {"_index":"spt","_id":"2113698"}}
	{"id":2113698,"type":"buy","buyer":"egistar","seller":"laundrywoman","symbol":"SPT","quantity":"271.357465","price":"0.00397999","timestamp":1637903223,"volume":"1.08","buyTxId":"2990a88cba32cff0b954db44bddcb3e665cc1098","sellTxId":"91e6bf6bf773e373bc5bcc5fd7aa3484b97326d9"}
{"index": {"_index":"spt","_id":"2113791"}}
	{"id":2113791,"type":"buy","buyer":"egistar","seller":"laundrywoman","symbol":"SPT","quantity":"1185.681371","price":"0.00397999","timestamp":1637904240,"volume":"4.719","buyTxId":"40ad1a77aa6439f2346531a2722c8e6ed2f0c6ff","sellTxId":"91e6bf6bf773e373bc5bcc5fd7aa3484b97326d9"}
{"index": {"_index":"spt","_id":"2114165"}}
	{"id":2114165,"type":"sell","buyer":"granddaddies","seller":"dhedge-drips","symbol":"SPT","quantity":"0.001196","price":"0.00330001","timestamp":1637909151,"volume":"0.00000395","buyTxId":"70071f2c615b520932f939a65fb55907a0ca67cc","sellTxId":"89082919f60325e15db099b70eda09bec05c442e"}
{"index": {"_index":"spt","_id":"2114225"}}
	{"id":2114225,"type":"sell","buyer":"muzehan","seller":"knightsunited","symbol":"SPT","quantity":"480.893000","price":"0.00340000","timestamp":1637909907,"volume":"1.63503620","buyTxId":"5ca119e087f0bc59e52f5d7c27cffcf225b75dca","sellTxId":"48db58e69351600092dad6ab91cf188d8a6e2adc"}
{"index": {"_index":"spt","_id":"2114276"}}
	{"id":2114276,"type":"buy","buyer":"dswap","seller":"laundrywoman","symbol":"SPT","quantity":"90.632674","price":"0.00397999","timestamp":1637910408,"volume":"0.36071714","buyTxId":"1b40468acdb2d54e46aa2497b2a6b164979a96a5","sellTxId":"91e6bf6bf773e373bc5bcc5fd7aa3484b97326d9"}
{"index": {"_index":"spt","_id":"2114421"}}
	{"id":2114421,"type":"buy","buyer":"jongolson","seller":"laundrywoman","symbol":"SPT","quantity":"2500.000000","price":"0.00397999","timestamp":1637911392,"volume":"9.94997500","buyTxId":"cea40d6b141c4ec778e0ab55b34862197231950a","sellTxId":"91e6bf6bf773e373bc5bcc5fd7aa3484b97326d9"}
{"index": {"_index":"spt","_id":"2114445"}}
	{"id":2114445,"type":"buy","buyer":"dswap","seller":"laundrywoman","symbol":"SPT","quantity":"114.045555","price":"0.00397999","timestamp":1637911752,"volume":"0.45390017","buyTxId":"e003521ad80ebdade24214f7b6a16d817ecc43a6","sellTxId":"91e6bf6bf773e373bc5bcc5fd7aa3484b97326d9"}
{"index": {"_index":"spt","_id":"2114491"}}
	{"id":2114491,"type":"buy","buyer":"shebe","seller":"laundrywoman","symbol":"SPT","quantity":"0.231382","price":"0.00397999","timestamp":1637912349,"volume":"0.0009209","buyTxId":"6eb7a1b3ce69565070873af0d5cf83ab4d1a0cee","sellTxId":"91e6bf6bf773e373bc5bcc5fd7aa3484b97326d9"}
{"index": {"_index":"spt","_id":"2114723"}}
	{"id":2114723,"type":"sell","buyer":"muzehan","seller":"valerianis","symbol":"SPT","quantity":"14.638844","price":"0.00340000","timestamp":1637914353,"volume":"0.04977207","buyTxId":"5ca119e087f0bc59e52f5d7c27cffcf225b75dca","sellTxId":"1c458a4a9e6b147f05347a6deab436cd2d7a45f9"}
{"index": {"_index":"spt","_id":"2115254"}}
	{"id":2115254,"type":"sell","buyer":"muzehan","seller":"dswap","symbol":"SPT","quantity":"34.655578","price":"0.00340000","timestamp":1637918970,"volume":"0.11782897","buyTxId":"5ca119e087f0bc59e52f5d7c27cffcf225b75dca","sellTxId":"f49cede64f794ba2407bf143a98df5ba2e0ba7bc"}
{"index": {"_index":"spt","_id":"2115428"}}
	{"id":2115428,"type":"sell","buyer":"muzehan","seller":"onealfa.leo","symbol":"SPT","quantity":"1.478497","price":"0.00340000","timestamp":1637921352,"volume":"0.00502689","buyTxId":"5ca119e087f0bc59e52f5d7c27cffcf225b75dca","sellTxId":"0abe2b2287dd2ad28d16651535400f54f5aac37b"}
{"index": {"_index":"spt","_id":"2115609"}}
	{"id":2115609,"type":"sell","buyer":"muzehan","seller":"chekohler","symbol":"SPT","quantity":"0.161488","price":"0.00340000","timestamp":1637924547,"volume":"0.00054906","buyTxId":"5ca119e087f0bc59e52f5d7c27cffcf225b75dca","sellTxId":"3f9eea57736b1fe4886c362a4487eb6f2bf2d782"}
{"index": {"_index":"spt","_id":"2115696"}}
	{"id":2115696,"type":"buy","buyer":"nyxlabs","seller":"laundrywoman","symbol":"SPT","quantity":"300.000000","price":"0.00397999","timestamp":1637925600,"volume":"1.19399700","buyTxId":"b98a3b9b2173572d64e5e410104edbd5061270a6","sellTxId":"91e6bf6bf773e373bc5bcc5fd7aa3484b97326d9"}
{"index": {"_index":"spt","_id":"2115963"}}
	{"id":2115963,"type":"sell","buyer":"muzehan","seller":"eforucom","symbol":"SPT","quantity":"3.551273","price":"0.00340000","timestamp":1637929335,"volume":"0.01207433","buyTxId":"5ca119e087f0bc59e52f5d7c27cffcf225b75dca","sellTxId":"fce33bb1467744b567d63ab2b2a02c930327b784"}
{"index": {"_index":"spt","_id":"2116039"}}
	{"id":2116039,"type":"buy","buyer":"nyxlabs","seller":"laundrywoman","symbol":"SPT","quantity":"1200.000000","price":"0.00359999","timestamp":1637930325,"volume":"4.31998800","buyTxId":"13887b66d3939814e3190860717ec3cff8bce321","sellTxId":"be2044943685f11362e0411a2882b720c6fdb02f"}
{"index": {"_index":"spt","_id":"2116074"}}
	{"id":2116074,"type":"buy","buyer":"dswap","seller":"laundrywoman","symbol":"SPT","quantity":"1.410698","price":"0.00359999","timestamp":1637930631,"volume":"0.00507850","buyTxId":"6f8e3d701177fed7fc47c8d4e24007163882607e","sellTxId":"be2044943685f11362e0411a2882b720c6fdb02f"}
{"index": {"_index":"spt","_id":"2116443"}}
	{"id":2116443,"type":"sell","buyer":"muzehan","seller":"dswap","symbol":"SPT","quantity":"100","price":"0.00340000","timestamp":1637934966,"volume":"0.34000000","buyTxId":"5ca119e087f0bc59e52f5d7c27cffcf225b75dca","sellTxId":"379223c4cb7aaaade6cd5480cc675bf732ec8df5"}
{"index": {"_index":"spt","_id":"2116480"}}
	{"id":2116480,"type":"sell","buyer":"muzehan","seller":"mcgilli","symbol":"SPT","quantity":"209.115814","price":"0.00340000","timestamp":1637935557,"volume":"0.71099377","buyTxId":"5ca119e087f0bc59e52f5d7c27cffcf225b75dca","sellTxId":"625ed55597d2fccd1f6bdc76ac9379deb76a566b"}
{"index": {"_index":"spt","_id":"2116497"}}
	{"id":2116497,"type":"sell","buyer":"muzehan","seller":"iceman23","symbol":"SPT","quantity":"2.485657","price":"0.00340000","timestamp":1637935752,"volume":"0.00845123","buyTxId":"5ca119e087f0bc59e52f5d7c27cffcf225b75dca","sellTxId":"b4d9da4b85997167818fc5dcb8dba97914271209"}
{"index": {"_index":"spt","_id":"2116578"}}
	{"id":2116578,"type":"sell","buyer":"muzehan","seller":"dhedge-drips","symbol":"SPT","quantity":"2.029368","price":"0.00340000","timestamp":1637936610,"volume":"0.00689985","buyTxId":"5ca119e087f0bc59e52f5d7c27cffcf225b75dca","sellTxId":"1e98764576e324206beeea68c1e8716580da23b6"}
{"index": {"_index":"spt","_id":"2116604"}}
	{"id":2116604,"type":"sell","buyer":"muzehan","seller":"zeruxanime","symbol":"SPT","quantity":"150.990481","price":"0.00340000","timestamp":1637936925,"volume":"0.51336763","buyTxId":"5ca119e087f0bc59e52f5d7c27cffcf225b75dca","sellTxId":"3a35170af4ea47fc22a6142b2585a17505e8233f"}
{"index": {"_index":"spt","_id":"2117052"}}
	{"id":2117052,"type":"buy","buyer":"positive77","seller":"zeruxanime","symbol":"SPT","quantity":"1200.000000","price":"0.00340000","timestamp":1637941455,"volume":"4.08000000","buyTxId":"44c560221a93f06543b7606eb640fb8c2f649e94","sellTxId":"3a35170af4ea47fc22a6142b2585a17505e8233f"}
{"index": {"_index":"spt","_id":"2117059"}}
	{"id":2117059,"type":"buy","buyer":"positive77","seller":"zeruxanime","symbol":"SPT","quantity":"70.792896","price":"0.00340000","timestamp":1637941497,"volume":"0.24069585","buyTxId":"09e707419acaf4afce146f41623eca2c29f00ce5","sellTxId":"3a35170af4ea47fc22a6142b2585a17505e8233f"}
{"index": {"_index":"spt","_id":"2117060"}}
	{"id":2117060,"type":"buy","buyer":"positive77","seller":"olympicdragon","symbol":"SPT","quantity":"299.207104","price":"0.00340000","timestamp":1637941497,"volume":"1.01730415","buyTxId":"09e707419acaf4afce146f41623eca2c29f00ce5","sellTxId":"4d34d6e74d17a8a671a7daa943671e2b3d369970"}
{"index": {"_index":"spt","_id":"2117066"}}
	{"id":2117066,"type":"buy","buyer":"positive77","seller":"olympicdragon","symbol":"SPT","quantity":"10.790000","price":"0.00340000","timestamp":1637941527,"volume":"0.03668600","buyTxId":"671e4a1e4967938eb9dab78db36f7cfb6cf34fc9","sellTxId":"4d34d6e74d17a8a671a7daa943671e2b3d369970"}
{"index": {"_index":"spt","_id":"2117076"}}
	{"id":2117076,"type":"sell","buyer":"granddaddies","seller":"dlmmqb","symbol":"SPT","quantity":"868","price":"0.00330001","timestamp":1637941614,"volume":"2.86440868","buyTxId":"3083222e67522ee12a16568dcbf890658d308388","sellTxId":"3383279be51bbb73ebd37fa66a23ef933ca5c1a2"}
{"index": {"_index":"spt","_id":"2117167"}}
	{"id":2117167,"type":"sell","buyer":"granddaddies","seller":"aweee","symbol":"SPT","quantity":"46.204715","price":"0.00330001","timestamp":1637942250,"volume":"0.15247602","buyTxId":"3083222e67522ee12a16568dcbf890658d308388","sellTxId":"ba2cf7552e456abbed5152ae7fa45014864c01d8"}
{"index": {"_index":"spt","_id":"2117168"}}
	{"id":2117168,"type":"buy","buyer":"positive77","seller":"olympicdragon","symbol":"SPT","quantity":"0.002896","price":"0.00340000","timestamp":1637942259,"volume":"0.00000985","buyTxId":"58e9eee1509416070ea0a0ca951c1968a1674d40","sellTxId":"4d34d6e74d17a8a671a7daa943671e2b3d369970"}
{"index": {"_index":"spt","_id":"2117169"}}
	{"id":2117169,"type":"buy","buyer":"positive77","seller":"laundrywoman","symbol":"SPT","quantity":"239.997104","price":"0.00358998","timestamp":1637942259,"volume":"0.86158480","buyTxId":"58e9eee1509416070ea0a0ca951c1968a1674d40","sellTxId":"98ae41298f935e0a7e5b82fb5c99273cf069c719"}
{"index": {"_index":"spt","_id":"2117219"}}
	{"id":2117219,"type":"buy","buyer":"dswap","seller":"dhedge-drips","symbol":"SPT","quantity":"2.029368","price":"0.00358999","timestamp":1637942859,"volume":"0.00728541","buyTxId":"0dbb8288f637ff6fb5cc88e94b7ee82b2898e2d1","sellTxId":"3abf9a21d0127855a3b9df91167489673f8e43a2"}
{"index": {"_index":"spt","_id":"2117220"}}
	{"id":2117220,"type":"buy","buyer":"dswap","seller":"dubble.eth","symbol":"SPT","quantity":"12.112261","price":"0.00359000","timestamp":1637942859,"volume":"0.04348302","buyTxId":"0dbb8288f637ff6fb5cc88e94b7ee82b2898e2d1","sellTxId":"bf77627ffcadd206f56f0577e597955742eda632"}
{"index": {"_index":"spt","_id":"2117221"}}
	{"id":2117221,"type":"buy","buyer":"dswap","seller":"laundrywoman","symbol":"SPT","quantity":"17.871221","price":"0.00359999","timestamp":1637942859,"volume":"0.06433622","buyTxId":"0dbb8288f637ff6fb5cc88e94b7ee82b2898e2d1","sellTxId":"6a856bc15c41b8ba400bd89647f91fe9fc7454aa"}
{"index": {"_index":"spt","_id":"2117280"}}
	{"id":2117280,"type":"sell","buyer":"granddaddies","seller":"brofi-market","symbol":"SPT","quantity":"0.101338","price":"0.00330001","timestamp":1637943264,"volume":"0.00033442","buyTxId":"3083222e67522ee12a16568dcbf890658d308388","sellTxId":"e18e28b8707e2c4929a3d946ffc6304646087b42"}
{"index": {"_index":"spt","_id":"2117517"}}
	{"id":2117517,"type":"sell","buyer":"granddaddies","seller":"chekohler","symbol":"SPT","quantity":"2.700520","price":"0.00330001","timestamp":1637944647,"volume":"0.00891174","buyTxId":"3083222e67522ee12a16568dcbf890658d308388","sellTxId":"71d2bed1290e11afd17845a257da4e534ca0aef4"}
{"index": {"_index":"spt","_id":"2117546"}}
	{"id":2117546,"type":"buy","buyer":"catomoon","seller":"olympicdragon","symbol":"SPT","quantity":"8.860000","price":"0.00360000","timestamp":1637944890,"volume":"0.03189600","buyTxId":"2a0737a7ed38ccdf898b521d0a1f001d4a0be11f","sellTxId":"10a7e4840df7091249ec797fad8794f5ae8c2608"}
{"index": {"_index":"spt","_id":"2117644"}}
	{"id":2117644,"type":"sell","buyer":"granddaddies","seller":"hiveexplorers","symbol":"SPT","quantity":"928.108388","price":"0.00330001","timestamp":1637945505,"volume":"3.06276696","buyTxId":"3083222e67522ee12a16568dcbf890658d308388","sellTxId":"c560b97ddea21652782d25f371c6077a4975e2ef"}
{"index": {"_index":"spt","_id":"2117676"}}
	{"id":2117676,"type":"sell","buyer":"granddaddies","seller":"hiveexplorers","symbol":"SPT","quantity":"326.930692","price":"0.00330001","timestamp":1637945730,"volume":"1.07887455","buyTxId":"3083222e67522ee12a16568dcbf890658d308388","sellTxId":"7c6b2790852cf92859f2abe56c1b2a1b685ecd5c"}
{"index": {"_index":"spt","_id":"2117690"}}
	{"id":2117690,"type":"sell","buyer":"granddaddies","seller":"bipl","symbol":"SPT","quantity":"380","price":"0.00330001","timestamp":1637945868,"volume":"1.25400380","buyTxId":"3083222e67522ee12a16568dcbf890658d308388","sellTxId":"39fc7ce29324766bbd65c9eaa0b8c9f5253acc4b"}
{"index": {"_index":"spt","_id":"2117707"}}
	{"id":2117707,"type":"sell","buyer":"granddaddies","seller":"chireerocks","symbol":"SPT","quantity":"86.820644","price":"0.00330001","timestamp":1637946030,"volume":"0.28650899","buyTxId":"3083222e67522ee12a16568dcbf890658d308388","sellTxId":"94616135fb7da1232f748e30d1486f3d34ac43ed"}
{"index": {"_index":"spt","_id":"2117818"}}
	{"id":2117818,"type":"sell","buyer":"granddaddies","seller":"olympicdragon","symbol":"SPT","quantity":"546","price":"0.00330001","timestamp":1637946891,"volume":"1.80180546","buyTxId":"3083222e67522ee12a16568dcbf890658d308388","sellTxId":"e671975bbe294f261717e173a62143c079dbddd8"}
{"index": {"_index":"spt","_id":"2117983"}}
	{"id":2117983,"type":"buy","buyer":"jongolson","seller":"olympicdragon","symbol":"SPT","quantity":"291.140000","price":"0.00360000","timestamp":1637948292,"volume":"1.04810400","buyTxId":"2812515d247dce770d0cececc0fd0aec0cabda42","sellTxId":"10a7e4840df7091249ec797fad8794f5ae8c2608"}
{"index": {"_index":"spt","_id":"2117984"}}
	{"id":2117984,"type":"buy","buyer":"jongolson","seller":"brofi-market","symbol":"SPT","quantity":"0.101338","price":"0.00360000","timestamp":1637948292,"volume":"0.00036482","buyTxId":"2812515d247dce770d0cececc0fd0aec0cabda42","sellTxId":"8a5a8407473d4daff6c6b91673b7bf9e544a7886"}
{"index": {"_index":"spt","_id":"2117985"}}
	{"id":2117985,"type":"buy","buyer":"jongolson","seller":"dhedge-drips","symbol":"SPT","quantity":"0.001196","price":"0.00397999","timestamp":1637948292,"volume":"0.00000476","buyTxId":"2812515d247dce770d0cececc0fd0aec0cabda42","sellTxId":"bfe1f33dc9ddc45d597a42e42c027b649b361964"}
{"index": {"_index":"spt","_id":"2117986"}}
	{"id":2117986,"type":"buy","buyer":"jongolson","seller":"laundrywoman","symbol":"SPT","quantity":"708.757466","price":"0.00397999","timestamp":1637948292,"volume":"2.82084763","buyTxId":"2812515d247dce770d0cececc0fd0aec0cabda42","sellTxId":"eac7f47c64a97405bba3f959b1c6e9424a24c38c"}
{"index": {"_index":"spt","_id":"2118068"}}
	{"id":2118068,"type":"sell","buyer":"granddaddies","seller":"eforucom","symbol":"SPT","quantity":"50.072276","price":"0.00330001","timestamp":1637949213,"volume":"0.16523901","buyTxId":"3083222e67522ee12a16568dcbf890658d308388","sellTxId":"897843f04f4620317d45cf73a65642e045064bfd"}
{"index": {"_index":"spt","_id":"2118232"}}
	{"id":2118232,"type":"buy","buyer":"captainquack22","seller":"laundrywoman","symbol":"SPT","quantity":"78.972354","price":"0.00397999","timestamp":1637950722,"volume":"0.31430918","buyTxId":"d17e087ce4990fb7b1aec5fb74f43c462e2f9541","sellTxId":"eac7f47c64a97405bba3f959b1c6e9424a24c38c"}
{"index": {"_index":"spt","_id":"2118359"}}
	{"id":2118359,"type":"sell","buyer":"granddaddies","seller":"karuna21","symbol":"SPT","quantity":"650","price":"0.00330001","timestamp":1637951772,"volume":"2.14500650","buyTxId":"3083222e67522ee12a16568dcbf890658d308388","sellTxId":"b7511a5326f005b87f90e7e2b2d8b0276a1ee3a8"}
{"index": {"_index":"spt","_id":"2118377"}}
	{"id":2118377,"type":"sell","buyer":"granddaddies","seller":"brofi-market","symbol":"SPT","quantity":"0.553576","price":"0.00330001","timestamp":1637951874,"volume":"0.00182681","buyTxId":"3083222e67522ee12a16568dcbf890658d308388","sellTxId":"cef8e33abd3c17f25588801fb4bb78c6e1a87e01"}
{"index": {"_index":"spt","_id":"2118442"}}
	{"id":2118442,"type":"sell","buyer":"granddaddies","seller":"dhedge-drips","symbol":"SPT","quantity":"0.061401","price":"0.00330001","timestamp":1637952366,"volume":"0.00020262","buyTxId":"3083222e67522ee12a16568dcbf890658d308388","sellTxId":"6467a5b5cbd43224cd2c5563dc35b3d2788dca19"}
{"index": {"_index":"spt","_id":"2118450"}}
	{"id":2118450,"type":"sell","buyer":"granddaddies","seller":"nathu1","symbol":"SPT","quantity":"42","price":"0.00330001","timestamp":1637952420,"volume":"0.13860042","buyTxId":"3083222e67522ee12a16568dcbf890658d308388","sellTxId":"08aac58f938e9af04b292c34ed077692e4f09a79"}
{"index": {"_index":"spt","_id":"2118696"}}
	{"id":2118696,"type":"sell","buyer":"granddaddies","seller":"brofi-market","symbol":"SPT","quantity":"0.046010","price":"0.00330001","timestamp":1637954343,"volume":"0.00015183","buyTxId":"3083222e67522ee12a16568dcbf890658d308388","sellTxId":"a4befe6787f28b63b3151532a07f1147b64252ee"}
{"index": {"_index":"spt","_id":"2118747"}}
	{"id":2118747,"type":"sell","buyer":"granddaddies","seller":"dswap","symbol":"SPT","quantity":"1100","price":"0.00330001","timestamp":1637954865,"volume":"3.63001100","buyTxId":"3083222e67522ee12a16568dcbf890658d308388","sellTxId":"96b6ebc7c273fe714a1bf0025b98906ca91d10e0"}
{"index": {"_index":"spt","_id":"2119036"}}
	{"id":2119036,"type":"sell","buyer":"granddaddies","seller":"dswap","symbol":"SPT","quantity":"151.932478","price":"0.00330001","timestamp":1637957556,"volume":"0.50137870","buyTxId":"9aae83cacddcc74451ef1dca27bacca489fabbfb","sellTxId":"b8b70ec052774532bdf4de19e22f1c6dca0806dc"}
{"index": {"_index":"spt","_id":"2119208"}}
	{"id":2119208,"type":"buy","buyer":"captainquack22","seller":"laundrywoman","symbol":"SPT","quantity":"122.653441","price":"0.00397999","timestamp":1637959065,"volume":"0.48815947","buyTxId":"52407a1d35b45b0308324fb7dc67bb4e8d3885a9","sellTxId":"eac7f47c64a97405bba3f959b1c6e9424a24c38c"}
{"index": {"_index":"spt","_id":"2119421"}}
	{"id":2119421,"type":"buy","buyer":"brykhan","seller":"ravenmus1c","symbol":"SPT","quantity":"3.951696","price":"0.00340000","timestamp":1637960910,"volume":"0.01343577","buyTxId":"c60a4ee6732a8427822fdbd45ecec1d5c4abed88","sellTxId":"7578e4ffbdc03c9b078c5a0eba37585541f578d1"}
{"index": {"_index":"spt","_id":"2119783"}}
	{"id":2119783,"type":"sell","buyer":"granddaddies","seller":"stever82","symbol":"SPT","quantity":"6447.816805","price":"0.00340001","timestamp":1637965620,"volume":"21.92264162","buyTxId":"97e3fc131515c57b5010ed63d378b770282e83ab","sellTxId":"b414b07c6d49ecb6f0f236c5ea6fc8b316f9daa3"}
{"index": {"_index":"spt","_id":"2120185"}}
	{"id":2120185,"type":"sell","buyer":"granddaddies","seller":"he-index","symbol":"SPT","quantity":"0.005000","price":"0.00350001","timestamp":1637970366,"volume":"0.00001750","buyTxId":"af686b78eb1ba97d3a226d24943a3b2adbd38b5a","sellTxId":"1a8041c20dd5e4b7f1332e99b0f937ae0d08d992"}
{"index": {"_index":"spt","_id":"2120366"}}
	{"id":2120366,"type":"buy","buyer":"shebe","seller":"brofi-market","symbol":"SPT","quantity":"0.553576","price":"0.00397999","timestamp":1637972019,"volume":"0.00220323","buyTxId":"2015cc4e490a8d71961a2aa4158ec644a5e6dc64","sellTxId":"c30fbaa1b319ed9ae02ecda2f0b438c7395c975c"}
{"index": {"_index":"spt","_id":"2120367"}}
	{"id":2120367,"type":"buy","buyer":"shebe","seller":"dhedge-drips","symbol":"SPT","quantity":"0.061401","price":"0.00397999","timestamp":1637972019,"volume":"0.00024438","buyTxId":"2015cc4e490a8d71961a2aa4158ec644a5e6dc64","sellTxId":"39810ed21e35a19d48052d215e908cdc49a6912f"}
{"index": {"_index":"spt","_id":"2120368"}}
	{"id":2120368,"type":"buy","buyer":"shebe","seller":"brofi-market","symbol":"SPT","quantity":"0.046010","price":"0.00397999","timestamp":1637972019,"volume":"0.00018312","buyTxId":"2015cc4e490a8d71961a2aa4158ec644a5e6dc64","sellTxId":"ce672a63310614cb82872cf17b80a5c9096ab8f5"}
{"index": {"_index":"spt","_id":"2120369"}}
	{"id":2120369,"type":"buy","buyer":"shebe","seller":"koreaminer","symbol":"SPT","quantity":"2.412155","price":"0.00398000","timestamp":1637972019,"volume":"0.00960038","buyTxId":"2015cc4e490a8d71961a2aa4158ec644a5e6dc64","sellTxId":"7089293b8f3b709f1d2d86431f7e73e18c2c626b"}
{"index": {"_index":"spt","_id":"2120401"}}
	{"id":2120401,"type":"sell","buyer":"granddaddies","seller":"brofi-market","symbol":"SPT","quantity":"3.047557","price":"0.00350001","timestamp":1637972106,"volume":"0.01066648","buyTxId":"af686b78eb1ba97d3a226d24943a3b2adbd38b5a","sellTxId":"0f2ed5ff8347bd9b8f0572351393fe3c522ff5b5"}
{"index": {"_index":"spt","_id":"2120560"}}
	{"id":2120560,"type":"sell","buyer":"granddaddies","seller":"iceman23","symbol":"SPT","quantity":"0.619301","price":"0.00350001","timestamp":1637973585,"volume":"0.00216756","buyTxId":"af686b78eb1ba97d3a226d24943a3b2adbd38b5a","sellTxId":"bc55314dcc2fce89cc7a6d8c77c82c0bab47b433"}
{"index": {"_index":"spt","_id":"2120586"}}
	{"id":2120586,"type":"sell","buyer":"granddaddies","seller":"dhedge-drips","symbol":"SPT","quantity":"0.027428","price":"0.00350001","timestamp":1637973990,"volume":"0.00009600","buyTxId":"af686b78eb1ba97d3a226d24943a3b2adbd38b5a","sellTxId":"7c8da20f45a6104cb6620bcf61f6f5f3378156c9"}
{"index": {"_index":"spt","_id":"2120832"}}
	{"id":2120832,"type":"sell","buyer":"allfabeta","seller":"abcor","symbol":"SPT","quantity":"1553.233788","price":"0.00350000","timestamp":1637975358,"volume":"5.43631826","buyTxId":"49a7f07b4cb4930dc123873bdb0bd8e1731b07d9","sellTxId":"a17e0de81b9078a161155044515fc8419e509594"}
{"index": {"_index":"spt","_id":"2120848"}}
	{"id":2120848,"type":"sell","buyer":"allfabeta","seller":"dswap","symbol":"SPT","quantity":"1","price":"0.00350000","timestamp":1637975463,"volume":"0.00350000","buyTxId":"49a7f07b4cb4930dc123873bdb0bd8e1731b07d9","sellTxId":"dac121fd633c7c2a6728a5dc0793cbfa0c21c770"}
{"index": {"_index":"spt","_id":"2120889"}}
	{"id":2120889,"type":"buy","buyer":"dswap","seller":"laundrywoman","symbol":"SPT","quantity":"200.000526","price":"0.00379999","timestamp":1637975862,"volume":"0.76","buyTxId":"85bd824496c83b46d1cb0323568a062c29c89522","sellTxId":"d6a54019bddea152b037ab792b41b46a93efdf3f"}
{"index": {"_index":"spt","_id":"2121162"}}
	{"id":2121162,"type":"sell","buyer":"allfabeta","seller":"greyskey64899","symbol":"SPT","quantity":"365.805658","price":"0.00350000","timestamp":1637978814,"volume":"1.28031980","buyTxId":"49a7f07b4cb4930dc123873bdb0bd8e1731b07d9","sellTxId":"a49e90c9e10b8a855cb999563a32a47f7f152172"}
{"index": {"_index":"spt","_id":"2121173"}}
	{"id":2121173,"type":"sell","buyer":"allfabeta","seller":"jearand","symbol":"SPT","quantity":"559.000000","price":"0.00350000","timestamp":1637978943,"volume":"1.95650000","buyTxId":"49a7f07b4cb4930dc123873bdb0bd8e1731b07d9","sellTxId":"3558ad0ea50a74a1c0c444ba49512d7daab2e48a"}
{"index": {"_index":"spt","_id":"2121294"}}
	{"id":2121294,"type":"sell","buyer":"allfabeta","seller":"nrg","symbol":"SPT","quantity":"20.960554","price":"0.00350000","timestamp":1637981001,"volume":"0.07336194","buyTxId":"49a7f07b4cb4930dc123873bdb0bd8e1731b07d9","sellTxId":"c8a4a72541f710b158e5af3fd389d5012390e110-10"}
{"index": {"_index":"spt","_id":"2121295"}}
	{"id":2121295,"type":"sell","buyer":"granddaddies","seller":"nrg","symbol":"SPT","quantity":"978.689609","price":"0.00340001","timestamp":1637981001,"volume":"3.32755446","buyTxId":"85d33e31b9bf70f3c42c65c624136a501634d5a3","sellTxId":"c8a4a72541f710b158e5af3fd389d5012390e110-10"}
{"index": {"_index":"spt","_id":"2121358"}}
	{"id":2121358,"type":"sell","buyer":"granddaddies","seller":"valor2s","symbol":"SPT","quantity":"0.990299","price":"0.00340001","timestamp":1637982519,"volume":"0.00336703","buyTxId":"85d33e31b9bf70f3c42c65c624136a501634d5a3","sellTxId":"c25b77294c687d17543a547828b4950e645e6964"}
{"index": {"_index":"spt","_id":"2121445"}}
	{"id":2121445,"type":"sell","buyer":"granddaddies","seller":"magnacarta","symbol":"SPT","quantity":"0.02","price":"0.00340001","timestamp":1637983668,"volume":"0.00006800","buyTxId":"85d33e31b9bf70f3c42c65c624136a501634d5a3","sellTxId":"82d40881575994d0b2894fd1966cf072fd0418ea"}
{"index": {"_index":"spt","_id":"2121464"}}
	{"id":2121464,"type":"sell","buyer":"granddaddies","seller":"dudeontheweb","symbol":"SPT","quantity":"39.500000","price":"0.00340001","timestamp":1637983983,"volume":"0.13430040","buyTxId":"85d33e31b9bf70f3c42c65c624136a501634d5a3","sellTxId":"71f3a8e715eb1f83947eee925cf60bf4f1f47aa8"}
{"index": {"_index":"spt","_id":"2121566"}}
	{"id":2121566,"type":"sell","buyer":"granddaddies","seller":"rahmot","symbol":"SPT","quantity":"19.072520","price":"0.00340001","timestamp":1637985294,"volume":"0.06484676","buyTxId":"85d33e31b9bf70f3c42c65c624136a501634d5a3","sellTxId":"c6e56375acc5f00c5d77e9894cdaca0a7a2f3bf5"}
