{"index": {"_index":"spt","_id":"3499829"}}
	{"id":3499829,"type":"buy","buyer":"pjansen","seller":"myothuzar","symbol":"SPT","quantity":"1065.696022","price":"0.00281600","timestamp":1653278118,"volume":"3.001","buyTxId":"dc5639724c2cceb5ec42758bc60f938862afa9c0","sellTxId":"c2d00775ebd4d1a991ba8ba30ebee3491cde5d91"}
{"index": {"_index":"spt","_id":"3499833"}}
	{"id":3499833,"type":"buy","buyer":"pjansen","seller":"myothuzar","symbol":"SPT","quantity":"1065.696022","price":"0.00281600","timestamp":1653278163,"volume":"3.001","buyTxId":"5124a51c10a1737c5bede28cca1d9479fc1a1853","sellTxId":"c2d00775ebd4d1a991ba8ba30ebee3491cde5d91"}
{"index": {"_index":"spt","_id":"3499835"}}
	{"id":3499835,"type":"buy","buyer":"pjansen","seller":"myothuzar","symbol":"SPT","quantity":"1065.696022","price":"0.00281600","timestamp":1653278208,"volume":"3.001","buyTxId":"80a0837e112088644c22a8267ec83bf159b64e44","sellTxId":"c2d00775ebd4d1a991ba8ba30ebee3491cde5d91"}
{"index": {"_index":"spt","_id":"3499838"}}
	{"id":3499838,"type":"buy","buyer":"pjansen","seller":"myothuzar","symbol":"SPT","quantity":"1065.696022","price":"0.00281600","timestamp":1653278256,"volume":"3.001","buyTxId":"81d119df1cc6cac8ddf31d572ac5708b396300e9","sellTxId":"c2d00775ebd4d1a991ba8ba30ebee3491cde5d91"}
{"index": {"_index":"spt","_id":"3499843"}}
	{"id":3499843,"type":"buy","buyer":"pjansen","seller":"myothuzar","symbol":"SPT","quantity":"1065.696022","price":"0.00281600","timestamp":1653278301,"volume":"3.001","buyTxId":"e800964f9699fd13ca308bd626c5956123cb923d","sellTxId":"c2d00775ebd4d1a991ba8ba30ebee3491cde5d91"}
{"index": {"_index":"spt","_id":"3499848"}}
	{"id":3499848,"type":"buy","buyer":"pjansen","seller":"myothuzar","symbol":"SPT","quantity":"1065.696022","price":"0.00281600","timestamp":1653278346,"volume":"3.001","buyTxId":"124c7c80b62f59de0cf5120836a42c9b89871ddb","sellTxId":"c2d00775ebd4d1a991ba8ba30ebee3491cde5d91"}
{"index": {"_index":"spt","_id":"3499859"}}
	{"id":3499859,"type":"buy","buyer":"pjansen","seller":"myothuzar","symbol":"SPT","quantity":"1065.696022","price":"0.00281600","timestamp":1653278391,"volume":"3.001","buyTxId":"702f7775e9b1b90266fced5515a4ea567ccfd393","sellTxId":"c2d00775ebd4d1a991ba8ba30ebee3491cde5d91"}
{"index": {"_index":"spt","_id":"3499863"}}
	{"id":3499863,"type":"buy","buyer":"pjansen","seller":"myothuzar","symbol":"SPT","quantity":"1065.696022","price":"0.00281600","timestamp":1653278436,"volume":"3.001","buyTxId":"7b042e413850b74e22f2cde9cb28cc8ab054f2e8","sellTxId":"c2d00775ebd4d1a991ba8ba30ebee3491cde5d91"}
{"index": {"_index":"spt","_id":"3499867"}}
	{"id":3499867,"type":"buy","buyer":"pjansen","seller":"myothuzar","symbol":"SPT","quantity":"1065.696022","price":"0.00281600","timestamp":1653278484,"volume":"3.001","buyTxId":"cd9d9ac7dd7b9d5654140829df89f41c0164f7d4","sellTxId":"c2d00775ebd4d1a991ba8ba30ebee3491cde5d91"}
{"index": {"_index":"spt","_id":"3499870"}}
	{"id":3499870,"type":"buy","buyer":"pjansen","seller":"myothuzar","symbol":"SPT","quantity":"1065.696022","price":"0.00281600","timestamp":1653278529,"volume":"3.001","buyTxId":"43b1c9027aacdfa657b4d16ea6b07581be46eb10","sellTxId":"c2d00775ebd4d1a991ba8ba30ebee3491cde5d91"}
{"index": {"_index":"spt","_id":"3499873"}}
	{"id":3499873,"type":"buy","buyer":"pjansen","seller":"myothuzar","symbol":"SPT","quantity":"1065.696022","price":"0.00281600","timestamp":1653278574,"volume":"3.001","buyTxId":"562915ff9f5988efc1dc3091ef6f504ec760c6f5","sellTxId":"c2d00775ebd4d1a991ba8ba30ebee3491cde5d91"}
{"index": {"_index":"spt","_id":"3499884"}}
	{"id":3499884,"type":"buy","buyer":"pjansen","seller":"myothuzar","symbol":"SPT","quantity":"713.850370","price":"0.00281600","timestamp":1653278619,"volume":"2.01020264","buyTxId":"b4dba07e01f021f36f5c500703a3def7007bf391","sellTxId":"c2d00775ebd4d1a991ba8ba30ebee3491cde5d91"}
{"index": {"_index":"spt","_id":"3499885"}}
	{"id":3499885,"type":"buy","buyer":"pjansen","seller":"dhedge-drips","symbol":"SPT","quantity":"0.010500","price":"0.00281600","timestamp":1653278619,"volume":"0.00002957","buyTxId":"b4dba07e01f021f36f5c500703a3def7007bf391","sellTxId":"c252e2092ad454ccbf99c10cb6470b3da5da65cf"}
{"index": {"_index":"spt","_id":"3499886"}}
	{"id":3499886,"type":"buy","buyer":"pjansen","seller":"beffeater","symbol":"SPT","quantity":"347.881948","price":"0.00284800","timestamp":1653278619,"volume":"0.99076779","buyTxId":"b4dba07e01f021f36f5c500703a3def7007bf391","sellTxId":"f99374ecc2ea0b039b2108c29fdb384024fbe423"}
{"index": {"_index":"spt","_id":"3499888"}}
	{"id":3499888,"type":"buy","buyer":"pjansen","seller":"beffeater","symbol":"SPT","quantity":"1053.721910","price":"0.00284800","timestamp":1653278664,"volume":"3.001","buyTxId":"0986563f79b1fdd503f289feaa9c0de2e82fcf82","sellTxId":"f99374ecc2ea0b039b2108c29fdb384024fbe423"}
{"index": {"_index":"spt","_id":"3499893"}}
	{"id":3499893,"type":"buy","buyer":"pjansen","seller":"beffeater","symbol":"SPT","quantity":"1053.721910","price":"0.00284800","timestamp":1653278712,"volume":"3.001","buyTxId":"0d8bb62d3fd21e8e497f0f39a14e3eeb7344eeb6","sellTxId":"f99374ecc2ea0b039b2108c29fdb384024fbe423"}
{"index": {"_index":"spt","_id":"3499899"}}
	{"id":3499899,"type":"buy","buyer":"pjansen","seller":"beffeater","symbol":"SPT","quantity":"544.674232","price":"0.00284800","timestamp":1653278760,"volume":"1.55123221","buyTxId":"ac70de687934bf013f2bc09bd2debd2ee471c87c","sellTxId":"f99374ecc2ea0b039b2108c29fdb384024fbe423"}
{"index": {"_index":"spt","_id":"3499900"}}
	{"id":3499900,"type":"buy","buyer":"pjansen","seller":"kakakk","symbol":"SPT","quantity":"509.047679","price":"0.00284800","timestamp":1653278760,"volume":"1.44976779","buyTxId":"ac70de687934bf013f2bc09bd2debd2ee471c87c","sellTxId":"68add02009db49b129f53f7593fae7ee1b5f7720"}
{"index": {"_index":"spt","_id":"3499901"}}
	{"id":3499901,"type":"buy","buyer":"pjansen","seller":"kakakk","symbol":"SPT","quantity":"1053.721910","price":"0.00284800","timestamp":1653278802,"volume":"3.001","buyTxId":"0a6a3de4f664ec1569c32e10d2bfce5f3ae83c5e","sellTxId":"68add02009db49b129f53f7593fae7ee1b5f7720"}
{"index": {"_index":"spt","_id":"3499906"}}
	{"id":3499906,"type":"buy","buyer":"pjansen","seller":"kakakk","symbol":"SPT","quantity":"835.230411","price":"0.00284800","timestamp":1653278847,"volume":"2.37873621","buyTxId":"bdd817b8c296afe9c4e635ccd0f1c4274e0d7ef7","sellTxId":"68add02009db49b129f53f7593fae7ee1b5f7720"}
{"index": {"_index":"spt","_id":"3499907"}}
	{"id":3499907,"type":"buy","buyer":"pjansen","seller":"kitsuki","symbol":"SPT","quantity":"0.421263","price":"0.00300000","timestamp":1653278847,"volume":"0.00126379","buyTxId":"bdd817b8c296afe9c4e635ccd0f1c4274e0d7ef7","sellTxId":"64a5de535365f739c647c8476abd04d733618006"}
{"index": {"_index":"spt","_id":"3500005"}}
	{"id":3500005,"type":"buy","buyer":"he-index","seller":"kitsuki","symbol":"SPT","quantity":"24.333000","price":"0.00300000","timestamp":1653279741,"volume":"0.07299900","buyTxId":"94d321ed3b6864ce93c94c18d625d67dbf286437","sellTxId":"64a5de535365f739c647c8476abd04d733618006"}
{"index": {"_index":"spt","_id":"3500616"}}
	{"id":3500616,"type":"sell","buyer":"multifurcate","seller":"photosnap","symbol":"SPT","quantity":"41.069711","price":"0.00262100","timestamp":1653287064,"volume":"0.10764371","buyTxId":"4bc5f48dd6ccef725168ff03488290e1ea2eb45d","sellTxId":"0d5dae36b0e5229c5fab90a9ade90402aaa46aa1"}
{"index": {"_index":"spt","_id":"3500993"}}
	{"id":3500993,"type":"sell","buyer":"multifurcate","seller":"theia7","symbol":"SPT","quantity":"114.477384","price":"0.00262100","timestamp":1653288135,"volume":"0.30004522","buyTxId":"4bc5f48dd6ccef725168ff03488290e1ea2eb45d","sellTxId":"9cc55d7599344b1258c80450b9255b0aa4d3b8d2"}
{"index": {"_index":"spt","_id":"3501082"}}
	{"id":3501082,"type":"sell","buyer":"multifurcate","seller":"jacksonizer","symbol":"SPT","quantity":"2509.666822","price":"0.00262100","timestamp":1653288798,"volume":"6.57783674","buyTxId":"4bc5f48dd6ccef725168ff03488290e1ea2eb45d","sellTxId":"1e41d0608c97a179578f83f09b5107a00a6380a0"}
{"index": {"_index":"spt","_id":"3501739"}}
	{"id":3501739,"type":"buy","buyer":"pjansen","seller":"kyo-gaming","symbol":"SPT","quantity":"1034.827586","price":"0.00290000","timestamp":1653295758,"volume":"3.001","buyTxId":"b2f44b6c4cd6e1087e35ccc965250eb42b0bd83d","sellTxId":"237976f4bb32d62e90d44a9ed8bb4d7328980ce7"}
{"index": {"_index":"spt","_id":"3501742"}}
	{"id":3501742,"type":"buy","buyer":"pjansen","seller":"kyo-gaming","symbol":"SPT","quantity":"1034.827586","price":"0.00290000","timestamp":1653295809,"volume":"3.001","buyTxId":"49f805bd4d782f5ab11d000414346809a2d501f4","sellTxId":"237976f4bb32d62e90d44a9ed8bb4d7328980ce7"}
{"index": {"_index":"spt","_id":"3501749"}}
	{"id":3501749,"type":"buy","buyer":"pjansen","seller":"kyo-gaming","symbol":"SPT","quantity":"978.980979","price":"0.00290000","timestamp":1653295857,"volume":"2.83904484","buyTxId":"a6f7b785f7792c49e3b8b3f696dfc060c5fe5cfb","sellTxId":"237976f4bb32d62e90d44a9ed8bb4d7328980ce7"}
{"index": {"_index":"spt","_id":"3501750"}}
	{"id":3501750,"type":"buy","buyer":"pjansen","seller":"yameen","symbol":"SPT","quantity":"0.318492","price":"0.00299900","timestamp":1653295857,"volume":"0.00095516","buyTxId":"a6f7b785f7792c49e3b8b3f696dfc060c5fe5cfb","sellTxId":"7e13e25ad3dfab4e0a72f2aa2d2d52a0e2a6a0cf"}
{"index": {"_index":"spt","_id":"3501831"}}
	{"id":3501831,"type":"sell","buyer":"thewycher","seller":"mrlelouch00","symbol":"SPT","quantity":"32.199834","price":"0.00263101","timestamp":1653296793,"volume":"0.08471809","buyTxId":"ba76635cd6a4f3011e32b39bc6680c5583d8f2c0","sellTxId":"c56b90113dc7c19b99bb1eecbeefb11421206acc"}
{"index": {"_index":"spt","_id":"3502322"}}
	{"id":3502322,"type":"sell","buyer":"thewycher","seller":"anderssinho","symbol":"SPT","quantity":"0.450000","price":"0.00264101","timestamp":1653302604,"volume":"0.00118845","buyTxId":"41e344fd9e46d414ca817f2068ba7b71bbe6af5e","sellTxId":"1dd530def13a74963260ecdb0c26fb4f8552f272"}
{"index": {"_index":"spt","_id":"3502345"}}
	{"id":3502345,"type":"sell","buyer":"thewycher","seller":"jnn10","symbol":"SPT","quantity":"0.092262","price":"0.00264101","timestamp":1653302889,"volume":"0.00024366","buyTxId":"41e344fd9e46d414ca817f2068ba7b71bbe6af5e","sellTxId":"4b290385012ff5e05839a35dabbbda86849caea1"}
{"index": {"_index":"spt","_id":"3502451"}}
	{"id":3502451,"type":"buy","buyer":"dbooster","seller":"yameen","symbol":"SPT","quantity":"25.234952","price":"0.00299900","timestamp":1653304797,"volume":"0.07567962","buyTxId":"a707acf1c98fe1945b340781b96341891ebd405a","sellTxId":"7e13e25ad3dfab4e0a72f2aa2d2d52a0e2a6a0cf"}
{"index": {"_index":"spt","_id":"3502452"}}
	{"id":3502452,"type":"buy","buyer":"dbooster","seller":"kitsuki","symbol":"SPT","quantity":"474.765048","price":"0.00300000","timestamp":1653304797,"volume":"1.42429514","buyTxId":"a707acf1c98fe1945b340781b96341891ebd405a","sellTxId":"64a5de535365f739c647c8476abd04d733618006"}
{"index": {"_index":"spt","_id":"3502856"}}
	{"id":3502856,"type":"sell","buyer":"multifurcate","seller":"ultm8x","symbol":"SPT","quantity":"7062.269209","price":"0.00265100","timestamp":1653309570,"volume":"18.72207567","buyTxId":"e1230a142a19492af51f0e008b90e07c950b6c0c","sellTxId":"8c5002da8631a0a2f0e69335ee4dc63fd0f19a7e"}
{"index": {"_index":"spt","_id":"3503085"}}
	{"id":3503085,"type":"sell","buyer":"kitsuki","seller":"captainquack22","symbol":"SPT","quantity":"32","price":"0.00265102","timestamp":1653311838,"volume":"0.08483264","buyTxId":"17234d8c5ce06a5b2bd5378df9218e30ddd942a0","sellTxId":"da1384735664aa2a6fe9accaaad298318fb888ba"}
{"index": {"_index":"spt","_id":"3503372"}}
	{"id":3503372,"type":"sell","buyer":"multifurcate","seller":"papacrusher","symbol":"SPT","quantity":"281.196099","price":"0.00266100","timestamp":1653314967,"volume":"0.74826282","buyTxId":"4207150dc277b730f0aa9f65b890a827994baed7","sellTxId":"739acf22964bfcaadd694b154deb43135618af7a"}
{"index": {"_index":"spt","_id":"3503453"}}
	{"id":3503453,"type":"buy","buyer":"rzc24-nftbbg","seller":"beffeater","symbol":"SPT","quantity":"400.000000","price":"0.00301101","timestamp":1653315612,"volume":"1.20440400","buyTxId":"7738d2f7a2ee36d1945c8eb50b5bc740caf8cf3f","sellTxId":"26b205ee968cce76486f8fb61c64d8a3efdeac86"}
{"index": {"_index":"spt","_id":"3503562"}}
	{"id":3503562,"type":"sell","buyer":"multifurcate","seller":"khazrakh","symbol":"SPT","quantity":"328.802815","price":"0.00266100","timestamp":1653316665,"volume":"0.87494429","buyTxId":"4207150dc277b730f0aa9f65b890a827994baed7","sellTxId":"c58c591e558ab9a1f134943e5b5d92d7efb16400"}
{"index": {"_index":"spt","_id":"3503653"}}
	{"id":3503653,"type":"buy","buyer":"reconnectnature","seller":"beffeater","symbol":"SPT","quantity":"2100.485256","price":"0.00301101","timestamp":1653317625,"volume":"6.32458211","buyTxId":"512f43ca92908f800cb3bc0eb54f0510aad4deb6","sellTxId":"26b205ee968cce76486f8fb61c64d8a3efdeac86"}
{"index": {"_index":"spt","_id":"3503689"}}
	{"id":3503689,"type":"sell","buyer":"reconnectnature","seller":"pjansen","symbol":"SPT","quantity":"1006.095633","price":"0.00300000","timestamp":1653318048,"volume":"3.01828690","buyTxId":"10b43e45426256b9dc1af43b1b7c2522f1387202","sellTxId":"96a968b492b5339f1ea9c9333a1dfa0bcca211ed"}
{"index": {"_index":"spt","_id":"3503692"}}
	{"id":3503692,"type":"sell","buyer":"reconnectnature","seller":"pjansen","symbol":"SPT","quantity":"1005.997305","price":"0.00300000","timestamp":1653318093,"volume":"3.01799192","buyTxId":"10b43e45426256b9dc1af43b1b7c2522f1387202","sellTxId":"fa3aee25e83779edd438d30a2ac7d8ee7dbb901e"}
{"index": {"_index":"spt","_id":"3503697"}}
	{"id":3503697,"type":"sell","buyer":"reconnectnature","seller":"pjansen","symbol":"SPT","quantity":"337.907062","price":"0.00300000","timestamp":1653318144,"volume":"1.01372118","buyTxId":"10b43e45426256b9dc1af43b1b7c2522f1387202","sellTxId":"3532b35ac6c7cec8505a8a3133100cb8ddf27e98"}
{"index": {"_index":"spt","_id":"3503698"}}
	{"id":3503698,"type":"sell","buyer":"multifurcate","seller":"pjansen","symbol":"SPT","quantity":"0.308520","price":"0.00266100","timestamp":1653318144,"volume":"0.00082097","buyTxId":"4207150dc277b730f0aa9f65b890a827994baed7","sellTxId":"3532b35ac6c7cec8505a8a3133100cb8ddf27e98"}
{"index": {"_index":"spt","_id":"3503876"}}
	{"id":3503876,"type":"sell","buyer":"thewycher","seller":"splinterbin","symbol":"SPT","quantity":"212.000000","price":"0.00266101","timestamp":1653319101,"volume":"0.56413412","buyTxId":"03fb9363efe92dec29d88ae0bbf895c577454e67","sellTxId":"64fe6e00850fff99e4e3c9594c9aa60bb0aae292"}
{"index": {"_index":"spt","_id":"3503967"}}
	{"id":3503967,"type":"sell","buyer":"thewycher","seller":"themarkymark","symbol":"SPT","quantity":"35.863429","price":"0.00266101","timestamp":1653319719,"volume":"0.09543294","buyTxId":"03fb9363efe92dec29d88ae0bbf895c577454e67","sellTxId":"8f062a38bf621306c3ac0646535ab289738301c5"}
{"index": {"_index":"spt","_id":"3503971"}}
	{"id":3503971,"type":"sell","buyer":"thewycher","seller":"zdigital222","symbol":"SPT","quantity":"252.136570","price":"0.00266101","timestamp":1653319749,"volume":"0.67093793","buyTxId":"03fb9363efe92dec29d88ae0bbf895c577454e67","sellTxId":"f646e6b7783373cb98c68330d6471fa522241fc7"}
{"index": {"_index":"spt","_id":"3503972"}}
	{"id":3503972,"type":"sell","buyer":"thewycher","seller":"zdigital222","symbol":"SPT","quantity":"23.863430","price":"0.00266101","timestamp":1653319749,"volume":"0.06350083","buyTxId":"54e5943100d2b13a84d7b4a8e9bdfed29376d7f9","sellTxId":"f646e6b7783373cb98c68330d6471fa522241fc7"}
{"index": {"_index":"spt","_id":"3504646"}}
	{"id":3504646,"type":"sell","buyer":"thewycher","seller":"mawit07","symbol":"SPT","quantity":"499.999999","price":"0.00267101","timestamp":1653325605,"volume":"1.33550500","buyTxId":"3a61a3fde074d1b38a739a4ca1befd8988978a95","sellTxId":"56265c7aa4b9ce8793962809a418fb843ca239a9"}
{"index": {"_index":"spt","_id":"3504647"}}
	{"id":3504647,"type":"sell","buyer":"thewycher","seller":"mawit07","symbol":"SPT","quantity":"337.819226","price":"0.00267101","timestamp":1653325605,"volume":"0.90231853","buyTxId":"2d090a58b8ecf5c57fb1e9cb932095dd96b7fb51","sellTxId":"56265c7aa4b9ce8793962809a418fb843ca239a9"}
{"index": {"_index":"spt","_id":"3504770"}}
	{"id":3504770,"type":"buy","buyer":"tmk1974","seller":"thewycher","symbol":"SPT","quantity":"811.275649","price":"0.00369788","timestamp":1653326406,"volume":"3","buyTxId":"b745a5bcf4bc839687161d4cb3c12810b85f3468","sellTxId":"517d24f979381b504d6cde8341863d5fa0f73928"}
{"index": {"_index":"spt","_id":"3504987"}}
	{"id":3504987,"type":"sell","buyer":"thewycher","seller":"splinter100dedos","symbol":"SPT","quantity":"18.322739","price":"0.00267101","timestamp":1653328545,"volume":"0.04894022","buyTxId":"2d090a58b8ecf5c57fb1e9cb932095dd96b7fb51","sellTxId":"7fb1bd205a29ea92c6d3de3465b87683a4f1e177"}
{"index": {"_index":"spt","_id":"3505310"}}
	{"id":3505310,"type":"sell","buyer":"thewycher","seller":"voxmortis","symbol":"SPT","quantity":"499.999999","price":"0.00268101","timestamp":1653330822,"volume":"1.34050500","buyTxId":"6930c1d9e17c396d623bbf03fed8fbce19124ed4","sellTxId":"607d1d68520b41602642bed72610601b5a28e6e2"}
{"index": {"_index":"spt","_id":"3505311"}}
	{"id":3505311,"type":"sell","buyer":"thewycher","seller":"voxmortis","symbol":"SPT","quantity":"82.528658","price":"0.00268101","timestamp":1653330822,"volume":"0.22126016","buyTxId":"75689f3b8d76bcb4eded4d6f23d1ab13953f0f84","sellTxId":"607d1d68520b41602642bed72610601b5a28e6e2"}
{"index": {"_index":"spt","_id":"3505320"}}
	{"id":3505320,"type":"sell","buyer":"thewycher","seller":"splinterlandshq","symbol":"SPT","quantity":"417.471341","price":"0.00268101","timestamp":1653330918,"volume":"1.11924484","buyTxId":"75689f3b8d76bcb4eded4d6f23d1ab13953f0f84","sellTxId":"adec89c1e252a0d5a4f7171f4f8fb0d8b50663e8"}
{"index": {"_index":"spt","_id":"3505321"}}
	{"id":3505321,"type":"sell","buyer":"thewycher","seller":"splinterlandshq","symbol":"SPT","quantity":"499.999999","price":"0.00268101","timestamp":1653330918,"volume":"1.34050500","buyTxId":"54cb0125a3f3e0bd4e7621438955b2963a412cde","sellTxId":"adec89c1e252a0d5a4f7171f4f8fb0d8b50663e8"}
{"index": {"_index":"spt","_id":"3505322"}}
	{"id":3505322,"type":"sell","buyer":"thewycher","seller":"splinterlandshq","symbol":"SPT","quantity":"499.999999","price":"0.00268101","timestamp":1653330918,"volume":"1.34050500","buyTxId":"e3b1ce8c767451e4bcb7aa8ef1b4f21867ab457d","sellTxId":"adec89c1e252a0d5a4f7171f4f8fb0d8b50663e8"}
{"index": {"_index":"spt","_id":"3505323"}}
	{"id":3505323,"type":"sell","buyer":"thewycher","seller":"splinterlandshq","symbol":"SPT","quantity":"145.764039","price":"0.00268101","timestamp":1653330918,"volume":"0.39079485","buyTxId":"8d450fbd26eb050c0d811a575c1f898c1ab02b7b","sellTxId":"adec89c1e252a0d5a4f7171f4f8fb0d8b50663e8"}
{"index": {"_index":"spt","_id":"3505383"}}
	{"id":3505383,"type":"sell","buyer":"thewycher","seller":"giacomone","symbol":"SPT","quantity":"113.312545","price":"0.00268101","timestamp":1653331206,"volume":"0.30379207","buyTxId":"8d450fbd26eb050c0d811a575c1f898c1ab02b7b","sellTxId":"24aeb1d1fe8fe529bd8d6afa2b7d6e1daec4969d"}
{"index": {"_index":"spt","_id":"3505576"}}
	{"id":3505576,"type":"sell","buyer":"thewycher","seller":"lipe100dedos","symbol":"SPT","quantity":"23.416116","price":"0.00268101","timestamp":1653333126,"volume":"0.06277884","buyTxId":"8d450fbd26eb050c0d811a575c1f898c1ab02b7b","sellTxId":"aaa563ea30c7f29e9aee9ff1e4eded08df632a82"}
{"index": {"_index":"spt","_id":"3505725"}}
	{"id":3505725,"type":"buy","buyer":"jongolson","seller":"blitzzzz","symbol":"SPT","quantity":"23.652050","price":"0.00369787","timestamp":1653334347,"volume":"0.08746221","buyTxId":"6415e1b16eec7152102123c48c66114eb749eac3","sellTxId":"b1f61d25c33bc2b3cd2b0d1eec276c8a8fa702b1"}
{"index": {"_index":"spt","_id":"3505726"}}
	{"id":3505726,"type":"buy","buyer":"jongolson","seller":"thewycher","symbol":"SPT","quantity":"188.724350","price":"0.00369788","timestamp":1653334347,"volume":"0.69788000","buyTxId":"6415e1b16eec7152102123c48c66114eb749eac3","sellTxId":"517d24f979381b504d6cde8341863d5fa0f73928"}
{"index": {"_index":"spt","_id":"3505727"}}
	{"id":3505727,"type":"buy","buyer":"jongolson","seller":"thewycher","symbol":"SPT","quantity":"256.000001","price":"0.00369788","timestamp":1653334347,"volume":"0.94665728","buyTxId":"6415e1b16eec7152102123c48c66114eb749eac3","sellTxId":"1797f263b7add508abcc2e1be712a10dd68270e7"}
{"index": {"_index":"spt","_id":"3505728"}}
	{"id":3505728,"type":"buy","buyer":"jongolson","seller":"thewycher","symbol":"SPT","quantity":"18.322739","price":"0.00369788","timestamp":1653334347,"volume":"0.06775529","buyTxId":"6415e1b16eec7152102123c48c66114eb749eac3","sellTxId":"488bd2112a68c462d2b25563ed9bb512decd26be"}
{"index": {"_index":"spt","_id":"3505729"}}
	{"id":3505729,"type":"buy","buyer":"jongolson","seller":"thewycher","symbol":"SPT","quantity":"513.300860","price":"0.00369788","timestamp":1653334347,"volume":"1.89812498","buyTxId":"6415e1b16eec7152102123c48c66114eb749eac3","sellTxId":"bf9911d96992b8aaa4ba1daf6a21d08ee5a821b1"}
{"index": {"_index":"spt","_id":"3505890"}}
	{"id":3505890,"type":"sell","buyer":"thewycher","seller":"mightyrocklee","symbol":"SPT","quantity":"217.507299","price":"0.00268101","timestamp":1653335457,"volume":"0.58313924","buyTxId":"8d450fbd26eb050c0d811a575c1f898c1ab02b7b","sellTxId":"731227e17950745c4e176c29afad97450304e0c0"}
{"index": {"_index":"spt","_id":"3505891"}}
	{"id":3505891,"type":"sell","buyer":"thewycher","seller":"mightyrocklee","symbol":"SPT","quantity":"499.999999","price":"0.00268101","timestamp":1653335457,"volume":"1.34050500","buyTxId":"21aa2fab98b7d29729eba75b846cf262c7445e25","sellTxId":"731227e17950745c4e176c29afad97450304e0c0"}
{"index": {"_index":"spt","_id":"3505892"}}
	{"id":3505892,"type":"sell","buyer":"thewycher","seller":"mightyrocklee","symbol":"SPT","quantity":"115.801026","price":"0.00268101","timestamp":1653335457,"volume":"0.31046371","buyTxId":"4ec98ce031edbdd1708447b941cea74e89154e8a","sellTxId":"731227e17950745c4e176c29afad97450304e0c0"}
{"index": {"_index":"spt","_id":"3506413"}}
	{"id":3506413,"type":"sell","buyer":"thewycher","seller":"durlan","symbol":"SPT","quantity":"29.233686","price":"0.00269101","timestamp":1653339828,"volume":"0.07866814","buyTxId":"340e0f7f559b108f7934fa995f586df0a50519a7","sellTxId":"09af5efaed43ac1209bb42b7de2250ac39532837"}
{"index": {"_index":"spt","_id":"3506498"}}
	{"id":3506498,"type":"sell","buyer":"kitsuki","seller":"deadsparrow","symbol":"SPT","quantity":"100.000000","price":"0.00269103","timestamp":1653340488,"volume":"0.26910300","buyTxId":"3ef5063a57b6084abd08647f9f6f97c655d79a1a","sellTxId":"d2653b7888c3ce86f92855a7b9f9f79cf5fd63e7"}
{"index": {"_index":"spt","_id":"3506499"}}
	{"id":3506499,"type":"sell","buyer":"thewycher","seller":"deadsparrow","symbol":"SPT","quantity":"470.766313","price":"0.00269101","timestamp":1653340488,"volume":"1.26683686","buyTxId":"340e0f7f559b108f7934fa995f586df0a50519a7","sellTxId":"d2653b7888c3ce86f92855a7b9f9f79cf5fd63e7"}
{"index": {"_index":"spt","_id":"3506500"}}
	{"id":3506500,"type":"sell","buyer":"thewycher","seller":"deadsparrow","symbol":"SPT","quantity":"499.999999","price":"0.00269101","timestamp":1653340488,"volume":"1.34550500","buyTxId":"b1766879a8f8b00ec3b60f9b08548248786a08c0","sellTxId":"d2653b7888c3ce86f92855a7b9f9f79cf5fd63e7"}
{"index": {"_index":"spt","_id":"3506501"}}
	{"id":3506501,"type":"sell","buyer":"thewycher","seller":"deadsparrow","symbol":"SPT","quantity":"499.999999","price":"0.00269101","timestamp":1653340488,"volume":"1.34550500","buyTxId":"2b6bde69ab7ae60247edc727b535e2a6d7d321b7","sellTxId":"d2653b7888c3ce86f92855a7b9f9f79cf5fd63e7"}
{"index": {"_index":"spt","_id":"3506502"}}
	{"id":3506502,"type":"sell","buyer":"thewycher","seller":"deadsparrow","symbol":"SPT","quantity":"499.999999","price":"0.00269101","timestamp":1653340488,"volume":"1.34550500","buyTxId":"c51dfff4a94cf5ddd92c45ad90fd1e9a0e7c297b","sellTxId":"d2653b7888c3ce86f92855a7b9f9f79cf5fd63e7"}
{"index": {"_index":"spt","_id":"3506503"}}
	{"id":3506503,"type":"sell","buyer":"thewycher","seller":"deadsparrow","symbol":"SPT","quantity":"499.999999","price":"0.00269101","timestamp":1653340488,"volume":"1.34550500","buyTxId":"36d71b2a4207d7542cd7bb79ead77b0e6b043324","sellTxId":"d2653b7888c3ce86f92855a7b9f9f79cf5fd63e7"}
{"index": {"_index":"spt","_id":"3506504"}}
	{"id":3506504,"type":"sell","buyer":"thewycher","seller":"deadsparrow","symbol":"SPT","quantity":"499.999999","price":"0.00269101","timestamp":1653340488,"volume":"1.34550500","buyTxId":"5be8724b1cc3e8af4fffa1367bb2266aaf4b72af","sellTxId":"d2653b7888c3ce86f92855a7b9f9f79cf5fd63e7"}
{"index": {"_index":"spt","_id":"3506505"}}
	{"id":3506505,"type":"sell","buyer":"thewycher","seller":"deadsparrow","symbol":"SPT","quantity":"499.999999","price":"0.00269101","timestamp":1653340488,"volume":"1.34550500","buyTxId":"01d57bfcfe7e1101899dbcc789a9e132e25e2787","sellTxId":"d2653b7888c3ce86f92855a7b9f9f79cf5fd63e7"}
{"index": {"_index":"spt","_id":"3506506"}}
	{"id":3506506,"type":"sell","buyer":"thewycher","seller":"deadsparrow","symbol":"SPT","quantity":"499.999999","price":"0.00269101","timestamp":1653340488,"volume":"1.34550500","buyTxId":"3c1a66f98ec8eb2db2a51fea46a82db692711395","sellTxId":"d2653b7888c3ce86f92855a7b9f9f79cf5fd63e7"}
{"index": {"_index":"spt","_id":"3506507"}}
	{"id":3506507,"type":"sell","buyer":"multifurcate","seller":"deadsparrow","symbol":"SPT","quantity":"522.500972","price":"0.00269100","timestamp":1653340488,"volume":"1.40605012","buyTxId":"ff68dbf919c3f50de70476bfb4a2c9f8892921ec","sellTxId":"d2653b7888c3ce86f92855a7b9f9f79cf5fd63e7"}
{"index": {"_index":"spt","_id":"3506646"}}
	{"id":3506646,"type":"sell","buyer":"thewycher","seller":"limfao","symbol":"SPT","quantity":"10.752342","price":"0.00269101","timestamp":1653341895,"volume":"0.02893466","buyTxId":"f4ebb36c5ddc4eb96d4b95635be740ea55dca668","sellTxId":"3123575298ec3098e6bd7b2e5efc779040fd0e9a"}
{"index": {"_index":"spt","_id":"3506821"}}
	{"id":3506821,"type":"sell","buyer":"thewycher","seller":"he-index","symbol":"SPT","quantity":"0.028000","price":"0.00269101","timestamp":1653343326,"volume":"0.00007535","buyTxId":"f4ebb36c5ddc4eb96d4b95635be740ea55dca668","sellTxId":"fd1f633ff1b3b20c0f123fc6d654c6c8d58ce7e5"}
{"index": {"_index":"spt","_id":"3506877"}}
	{"id":3506877,"type":"sell","buyer":"thewycher","seller":"cheto90","symbol":"SPT","quantity":"1.244543","price":"0.00269101","timestamp":1653343602,"volume":"0.00334908","buyTxId":"f4ebb36c5ddc4eb96d4b95635be740ea55dca668","sellTxId":"d6587df5e4be9315a2eada21d8db673ae4866341"}
{"index": {"_index":"spt","_id":"3507060"}}
	{"id":3507060,"type":"sell","buyer":"thewycher","seller":"nrg","symbol":"SPT","quantity":"499.999999","price":"0.00270101","timestamp":1653345063,"volume":"1.35050500","buyTxId":"09e5da7387e630d9094ec83e6dd2e5c5b07a64e2","sellTxId":"76dc7cdb521f6d2d3bcb0803d5cd9ddf86d2c547-10"}
{"index": {"_index":"spt","_id":"3507061"}}
	{"id":3507061,"type":"sell","buyer":"thewycher","seller":"nrg","symbol":"SPT","quantity":"499.999999","price":"0.00270101","timestamp":1653345063,"volume":"1.35050500","buyTxId":"6070401a49c5bca3f387879b7c8e233a5903fc7a","sellTxId":"76dc7cdb521f6d2d3bcb0803d5cd9ddf86d2c547-10"}
{"index": {"_index":"spt","_id":"3507062"}}
	{"id":3507062,"type":"sell","buyer":"thewycher","seller":"nrg","symbol":"SPT","quantity":"499.999999","price":"0.00270101","timestamp":1653345063,"volume":"1.35050500","buyTxId":"510979f80d58779e94319212e06b6f26d2cf982f","sellTxId":"76dc7cdb521f6d2d3bcb0803d5cd9ddf86d2c547-10"}
{"index": {"_index":"spt","_id":"3507063"}}
	{"id":3507063,"type":"sell","buyer":"thewycher","seller":"nrg","symbol":"SPT","quantity":"499.999999","price":"0.00270101","timestamp":1653345063,"volume":"1.35050500","buyTxId":"eaa85acb9d2d57d38f57275d15044ae63a5026ce","sellTxId":"76dc7cdb521f6d2d3bcb0803d5cd9ddf86d2c547-10"}
{"index": {"_index":"spt","_id":"3507064"}}
	{"id":3507064,"type":"sell","buyer":"thewycher","seller":"nrg","symbol":"SPT","quantity":"499.999999","price":"0.00270101","timestamp":1653345063,"volume":"1.35050500","buyTxId":"dcc1a988a97941ddab05afd11996d51a7bb54c73","sellTxId":"76dc7cdb521f6d2d3bcb0803d5cd9ddf86d2c547-10"}
{"index": {"_index":"spt","_id":"3507065"}}
	{"id":3507065,"type":"sell","buyer":"thewycher","seller":"nrg","symbol":"SPT","quantity":"499.999999","price":"0.00270101","timestamp":1653345063,"volume":"1.35050500","buyTxId":"4431c566d8abb6e9428d573291e36275fb264b5c","sellTxId":"76dc7cdb521f6d2d3bcb0803d5cd9ddf86d2c547-10"}
{"index": {"_index":"spt","_id":"3507066"}}
	{"id":3507066,"type":"sell","buyer":"thewycher","seller":"nrg","symbol":"SPT","quantity":"499.999999","price":"0.00270101","timestamp":1653345063,"volume":"1.35050500","buyTxId":"58ae5de0bf8f9115a3c74b8983c249f239200eed","sellTxId":"76dc7cdb521f6d2d3bcb0803d5cd9ddf86d2c547-10"}
{"index": {"_index":"spt","_id":"3507067"}}
	{"id":3507067,"type":"sell","buyer":"thewycher","seller":"nrg","symbol":"SPT","quantity":"194.247007","price":"0.00270101","timestamp":1653345063,"volume":"0.52466311","buyTxId":"cfeba9b04b773162098ff3a31efa4e694b9b93a3","sellTxId":"76dc7cdb521f6d2d3bcb0803d5cd9ddf86d2c547-10"}
{"index": {"_index":"spt","_id":"3507068"}}
	{"id":3507068,"type":"sell","buyer":"multifurcate","seller":"nrg","symbol":"SPT","quantity":"12245.433397","price":"0.00270100","timestamp":1653345063,"volume":"33.07491561","buyTxId":"8aaa781017cde13a5427f0e7867a468a2ad0c955","sellTxId":"76dc7cdb521f6d2d3bcb0803d5cd9ddf86d2c547-10"}
{"index": {"_index":"spt","_id":"3507164"}}
	{"id":3507164,"type":"sell","buyer":"multifurcate","seller":"liuke96player","symbol":"SPT","quantity":"110.405984","price":"0.00270100","timestamp":1653345573,"volume":"0.29820656","buyTxId":"8aaa781017cde13a5427f0e7867a468a2ad0c955","sellTxId":"9c59dd41f344e680cc50072d07aa2fbb62d639c1"}
{"index": {"_index":"spt","_id":"3507347"}}
	{"id":3507347,"type":"sell","buyer":"thewycher","seller":"thisisawesome","symbol":"SPT","quantity":"0.213675","price":"0.00270101","timestamp":1653346947,"volume":"0.00057714","buyTxId":"36b89ad6381b959009e7c5aec7b64adcfc89cf29","sellTxId":"3f15171c1d060a8267f7f079797f3a63d483c74a"}
{"index": {"_index":"spt","_id":"3508067"}}
	{"id":3508067,"type":"sell","buyer":"multifurcate","seller":"splinterlandshq","symbol":"SPT","quantity":"379.977009","price":"0.00271100","timestamp":1653352866,"volume":"1.03011767","buyTxId":"6fc3639be2c3a1b1dc3cc870b3222d74db6c8b08","sellTxId":"91d233c00c16b1c1aeee4bbbfdb5b7feaf6a3442"}
{"index": {"_index":"spt","_id":"3508112"}}
	{"id":3508112,"type":"sell","buyer":"multifurcate","seller":"dhedge-drips","symbol":"SPT","quantity":"0.011500","price":"0.00271100","timestamp":1653353166,"volume":"0.00003118","buyTxId":"6fc3639be2c3a1b1dc3cc870b3222d74db6c8b08","sellTxId":"ab7bf4df386ae8ae7905655742087fa09f89bea5"}
{"index": {"_index":"spt","_id":"3508925"}}
	{"id":3508925,"type":"sell","buyer":"multifurcate","seller":"ratanali","symbol":"SPT","quantity":"16.340526","price":"0.00272100","timestamp":1653360888,"volume":"0.04446257","buyTxId":"0d4c3199b22ef9e2e1e3075f075d3f4564d027fa","sellTxId":"ced6c4fb889703ee3e462ea55872a4b9a8964cd8"}
