{"index": {"_index":"spt","_id":"2145082"}}
	{"id":2145082,"type":"sell","buyer":"pi-trader","seller":"brofi-market","symbol":"SPT","quantity":"0.106731","price":"0.00160009","timestamp":1638245523,"volume":"0.00017078","buyTxId":"d97b5757575c5077fc330d4b76623fd0df3f1015-3","sellTxId":"bb49c21fbed316051c7b7fa1793889e9b78718d3"}
{"index": {"_index":"spt","_id":"2145151"}}
	{"id":2145151,"type":"buy","buyer":"evernoticethat","seller":"laundrywoman","symbol":"SPT","quantity":"15.100000","price":"0.00328999","timestamp":1638246732,"volume":"0.04967885","buyTxId":"f7b80f9169ecc7bf1ebbca5ebb4e9e7b9a5ce504","sellTxId":"05b1e756451c3ff275e8c74d9cfc7d7fce1455b7"}
{"index": {"_index":"spt","_id":"2145168"}}
	{"id":2145168,"type":"sell","buyer":"pi-trader","seller":"eforucom","symbol":"SPT","quantity":"7.335988","price":"0.00160007","timestamp":1638246957,"volume":"0.01173809","buyTxId":"8e8adbae8f965c1b349f7741d09c29267f2654aa-3","sellTxId":"0942538ac161c82cc5449e67b2c2ecc3a4365e65"}
{"index": {"_index":"spt","_id":"2145194"}}
	{"id":2145194,"type":"buy","buyer":"ralts00","seller":"laundrywoman","symbol":"SPT","quantity":"6510.658087","price":"0.00328999","timestamp":1638247329,"volume":"21.42000000","buyTxId":"80344ae0c71172b8ab8194969f3c76d24de0a8cd","sellTxId":"05b1e756451c3ff275e8c74d9cfc7d7fce1455b7"}
{"index": {"_index":"spt","_id":"2145253"}}
	{"id":2145253,"type":"sell","buyer":"pi-trader","seller":"votebetting","symbol":"SPT","quantity":"2.505000","price":"0.00160009","timestamp":1638248181,"volume":"0.00400823","buyTxId":"67ce5e6ef1716839a5d181ffe35620803409d589-3","sellTxId":"a4d1444a3543076d4f4d5dce1dec816be8216a0d"}
{"index": {"_index":"spt","_id":"2145327"}}
	{"id":2145327,"type":"sell","buyer":"pi-trader","seller":"chekohler","symbol":"SPT","quantity":"0.236158","price":"0.00250001","timestamp":1638249453,"volume":"0.00059040","buyTxId":"f2f72ab9d5230fc3c95f8835e5c4dec558f72139-5","sellTxId":"6838df92695d44829527e806e3dcd300b6d0066e"}
{"index": {"_index":"spt","_id":"2145366"}}
	{"id":2145366,"type":"sell","buyer":"granddaddies","seller":"shaddrak","symbol":"SPT","quantity":"6.436898","price":"0.00250013","timestamp":1638249990,"volume":"0.01609308","buyTxId":"27932509b07fcd482cbe649f3bbce9b0e43f1f93","sellTxId":"4c95fcdbb7fa09c68c2d143d65cbf9fb9080a4f1"}
{"index": {"_index":"spt","_id":"2145367"}}
	{"id":2145367,"type":"buy","buyer":"ralts00","seller":"laundrywoman","symbol":"SPT","quantity":"4232.548526","price":"0.00328998","timestamp":1638250017,"volume":"13.92500000","buyTxId":"d7813126c0e31f250aafb648e2ae70da426c1066","sellTxId":"4e676948db04044a177f750746a3f2f573b966a1"}
{"index": {"_index":"spt","_id":"2145385"}}
	{"id":2145385,"type":"buy","buyer":"betelzeusnz","seller":"laundrywoman","symbol":"SPT","quantity":"12912.000000","price":"0.00328998","timestamp":1638250317,"volume":"42.48022176","buyTxId":"50cd40ed598c47bc95367281d86c00b1d5f9f3d6","sellTxId":"4e676948db04044a177f750746a3f2f573b966a1"}
{"index": {"_index":"spt","_id":"2145429"}}
	{"id":2145429,"type":"sell","buyer":"pi-trader","seller":"aweee","symbol":"SPT","quantity":"3.477078","price":"0.00160015","timestamp":1638251397,"volume":"0.00556385","buyTxId":"5523a19e452029ca53b9abd9a35e90a814582c33-3","sellTxId":"552d92f0234b4d69276f335ef82210861109984f"}
{"index": {"_index":"spt","_id":"2145430"}}
	{"id":2145430,"type":"sell","buyer":"granddaddies","seller":"dswap","symbol":"SPT","quantity":"805","price":"0.00160004","timestamp":1638251403,"volume":"1.28803220","buyTxId":"32c1ce1a508de60a51fcd393196f346f22497b0c","sellTxId":"69c0e40ef3a2555273cf031e2f78b1dd590e421d"}
{"index": {"_index":"spt","_id":"2145497"}}
	{"id":2145497,"type":"buy","buyer":"petertag","seller":"laundrywoman","symbol":"SPT","quantity":"29.950498","price":"0.00328998","timestamp":1638252555,"volume":"0.09853654","buyTxId":"61acc4da42a0319cc532fd5d52fc028caaa9fa19","sellTxId":"4e676948db04044a177f750746a3f2f573b966a1"}
{"index": {"_index":"spt","_id":"2145531"}}
	{"id":2145531,"type":"sell","buyer":"pi-trader","seller":"eforucom","symbol":"SPT","quantity":"5.891186","price":"0.00161001","timestamp":1638253194,"volume":"0.00948487","buyTxId":"928fcd80462fb7ea60db80a6a32d8c0e69f0396f-3","sellTxId":"9a6e0e1cfccba3809d50c8f6e1c3903a11e10511"}
{"index": {"_index":"spt","_id":"2145643"}}
	{"id":2145643,"type":"sell","buyer":"granddaddies","seller":"dhedge-drips","symbol":"SPT","quantity":"0.010006","price":"0.00161006","timestamp":1638254754,"volume":"0.00001611","buyTxId":"953120ef933c5eacf5c0e7aa81824b01b0587755","sellTxId":"c378db2a29345201b461ce2b9397453732e0c563"}
{"index": {"_index":"spt","_id":"2145844"}}
	{"id":2145844,"type":"sell","buyer":"granddaddies","seller":"solaito","symbol":"SPT","quantity":"500.000000","price":"0.00161006","timestamp":1638257931,"volume":"0.80503000","buyTxId":"3a5db5403cd2735c37b82bc0eb3b08b347d22f8c","sellTxId":"4bf8ccfcc959e66257930c79be85d3c7204c18f0"}
{"index": {"_index":"spt","_id":"2145884"}}
	{"id":2145884,"type":"buy","buyer":"dswap","seller":"laundrywoman","symbol":"SPT","quantity":"80.306095","price":"0.00326999","timestamp":1638258447,"volume":"0.26260013","buyTxId":"a47e7948b5280d5404470203066f66eaa38c604d","sellTxId":"1fc5ebf6f226de4b0396bda902c293ea8fce5784"}
{"index": {"_index":"spt","_id":"2145964"}}
	{"id":2145964,"type":"sell","buyer":"pi-trader","seller":"brofi-market","symbol":"SPT","quantity":"0.070956","price":"0.00161001","timestamp":1638259863,"volume":"0.00011424","buyTxId":"47d9b2d5e6b757dbade2dfef7f847888745075f5-5","sellTxId":"e958512a6cfb136138988294722d830dafddffdc"}
{"index": {"_index":"spt","_id":"2146091"}}
	{"id":2146091,"type":"buy","buyer":"captainquack22","seller":"laundrywoman","symbol":"SPT","quantity":"21.321260","price":"0.00326999","timestamp":1638261141,"volume":"0.06972031","buyTxId":"3776a687ae26d22518fa7b88b8d917bbbfe0b929","sellTxId":"1fc5ebf6f226de4b0396bda902c293ea8fce5784"}
{"index": {"_index":"spt","_id":"2146141"}}
	{"id":2146141,"type":"buy","buyer":"shebe","seller":"laundrywoman","symbol":"SPT","quantity":"0.377065","price":"0.00326999","timestamp":1638261897,"volume":"0.001233","buyTxId":"585fda167ccd506f3bb54cc87bbac9686d924b34","sellTxId":"1fc5ebf6f226de4b0396bda902c293ea8fce5784"}
{"index": {"_index":"spt","_id":"2146282"}}
	{"id":2146282,"type":"buy","buyer":"shebe","seller":"laundrywoman","symbol":"SPT","quantity":"19.775051","price":"0.00326999","timestamp":1638263931,"volume":"0.06466422","buyTxId":"f2519aac4ebd1f2726edc1dd8189a4106f482c81","sellTxId":"1fc5ebf6f226de4b0396bda902c293ea8fce5784"}
{"index": {"_index":"spt","_id":"2146393"}}
	{"id":2146393,"type":"buy","buyer":"ralle268","seller":"laundrywoman","symbol":"SPT","quantity":"700.000000","price":"0.00299999","timestamp":1638265779,"volume":"2.09999300","buyTxId":"b77c3475e51f43dd8ea01d6a1b588f532aa6f19f","sellTxId":"e947017826f033b25b0a2a67b19ed893cb8ebec1"}
{"index": {"_index":"spt","_id":"2146463"}}
	{"id":2146463,"type":"buy","buyer":"roger.remix","seller":"laundrywoman","symbol":"SPT","quantity":"10000.000000","price":"0.00299999","timestamp":1638267024,"volume":"29.99990000","buyTxId":"4caff4c25181b6656358eabbd4ab8f5ce37097ce","sellTxId":"e947017826f033b25b0a2a67b19ed893cb8ebec1"}
{"index": {"_index":"spt","_id":"2146483"}}
	{"id":2146483,"type":"buy","buyer":"dswap","seller":"laundrywoman","symbol":"SPT","quantity":"29.534618","price":"0.00299999","timestamp":1638267240,"volume":"0.08860356","buyTxId":"9359c45778c0ffa18089b0845cdfd86594b90465","sellTxId":"e947017826f033b25b0a2a67b19ed893cb8ebec1"}
{"index": {"_index":"spt","_id":"2146507"}}
	{"id":2146507,"type":"buy","buyer":"dswap","seller":"laundrywoman","symbol":"SPT","quantity":"520.042666","price":"0.00299999","timestamp":1638268053,"volume":"1.56012280","buyTxId":"a5f8eb6dbb50a07202a3b3608224e5261c6808c8","sellTxId":"e947017826f033b25b0a2a67b19ed893cb8ebec1"}
{"index": {"_index":"spt","_id":"2146514"}}
	{"id":2146514,"type":"buy","buyer":"titus-vivant","seller":"laundrywoman","symbol":"SPT","quantity":"1000.003333","price":"0.00299999","timestamp":1638268155,"volume":"3","buyTxId":"6c1fe9a32956b370d9955e7f8e95057f2433948f","sellTxId":"e947017826f033b25b0a2a67b19ed893cb8ebec1"}
{"index": {"_index":"spt","_id":"2146663"}}
	{"id":2146663,"type":"sell","buyer":"pi-trader","seller":"mightyrocklee","symbol":"SPT","quantity":"890.518021","price":"0.00170003","timestamp":1638270507,"volume":"1.51390735","buyTxId":"1a5e91ab8f1e7e6d2ab00414b5f5363790aca6e6-2","sellTxId":"b5b8df2a2904019fb07f94bf73c37514c5ecfc03"}
{"index": {"_index":"spt","_id":"2146902"}}
	{"id":2146902,"type":"sell","buyer":"granddaddies","seller":"esperosh1ve","symbol":"SPT","quantity":"11.336971","price":"0.00170012","timestamp":1638273750,"volume":"0.01927421","buyTxId":"436f1acf119ecb3f919f3e9f906e12ace7fff297","sellTxId":"3bab5781d8d82904a5a2a3f18df7b8faa9c8a3cd"}
{"index": {"_index":"spt","_id":"2146947"}}
	{"id":2146947,"type":"sell","buyer":"pi-trader","seller":"brofi-market","symbol":"SPT","quantity":"0.053433","price":"0.00170009","timestamp":1638274305,"volume":"0.00009084","buyTxId":"402c1efee20ac0bb88a78c11cd5a76c3938d5377-7","sellTxId":"817be5e1a08d566148d98ff3a413bd3bdb1d11e2"}
{"index": {"_index":"spt","_id":"2147127"}}
	{"id":2147127,"type":"sell","buyer":"granddaddies","seller":"dhedge-drips","symbol":"SPT","quantity":"0.011661","price":"0.00170010","timestamp":1638276363,"volume":"0.00001982","buyTxId":"af1f7b9c8583c3dc2682297c49dff0f005fc6472","sellTxId":"c9d917633fe6d690a191816d9159809c0b6b98d3"}
{"index": {"_index":"spt","_id":"2147148"}}
	{"id":2147148,"type":"sell","buyer":"pi-trader","seller":"eforucom","symbol":"SPT","quantity":"7.911810","price":"0.00170011","timestamp":1638276417,"volume":"0.01345095","buyTxId":"c68eb41f56f73a6a52b41abee75e72ec13d5a918-7","sellTxId":"882ce0e6edeed3c8ff5864e841cf90bad2af4007"}
{"index": {"_index":"spt","_id":"2147157"}}
	{"id":2147157,"type":"buy","buyer":"maxwell95","seller":"laundrywoman","symbol":"SPT","quantity":"68.808756","price":"0.00299999","timestamp":1638276549,"volume":"0.20642558","buyTxId":"b1df459e634c4a8085ed0788ba15406692b3c86a","sellTxId":"e947017826f033b25b0a2a67b19ed893cb8ebec1"}
{"index": {"_index":"spt","_id":"2147169"}}
	{"id":2147169,"type":"buy","buyer":"hazmatic","seller":"laundrywoman","symbol":"SPT","quantity":"100.829443","price":"0.00299999","timestamp":1638276729,"volume":"0.30248732","buyTxId":"496d979e3d335d1af0105e26a19e7df2a050c94a","sellTxId":"e947017826f033b25b0a2a67b19ed893cb8ebec1"}
{"index": {"_index":"spt","_id":"2147346"}}
	{"id":2147346,"type":"buy","buyer":"hazmatic","seller":"laundrywoman","symbol":"SPT","quantity":"111.489578","price":"0.00299999","timestamp":1638277488,"volume":"0.33446762","buyTxId":"cbcefe320a83785ee45dcded67800e5c16223282","sellTxId":"e947017826f033b25b0a2a67b19ed893cb8ebec1"}
{"index": {"_index":"spt","_id":"2147417"}}
	{"id":2147417,"type":"sell","buyer":"pi-trader","seller":"aweee","symbol":"SPT","quantity":"0.157771","price":"0.00173013","timestamp":1638278736,"volume":"0.00027296","buyTxId":"49b1038e7e7286802255e28388a44e035eefe46a-7","sellTxId":"823f24ea9549c71d96e4a7fa3e5090b15f80115c"}
{"index": {"_index":"spt","_id":"2147436"}}
	{"id":2147436,"type":"sell","buyer":"pi-trader","seller":"chekohler","symbol":"SPT","quantity":"0.111883","price":"0.00173013","timestamp":1638279255,"volume":"0.00019357","buyTxId":"16d058a309b64bb703df57a839c65cbbcd54a5fe-3","sellTxId":"b3116c6aa4c7cccce565bd1aaaa431b7e00481e3"}
{"index": {"_index":"spt","_id":"2147519"}}
	{"id":2147519,"type":"sell","buyer":"pi-trader","seller":"dswap","symbol":"SPT","quantity":"1260","price":"0.00173005","timestamp":1638280956,"volume":"2.17986300","buyTxId":"32cfb7385b7f8e6f745687a697113bbcbf1c04b4-7","sellTxId":"60395c8d02109cc07a688dfa8dc88ef71393245f"}
{"index": {"_index":"spt","_id":"2147590"}}
	{"id":2147590,"type":"sell","buyer":"pi-trader","seller":"magnacarta","symbol":"SPT","quantity":"0.039","price":"0.00173005","timestamp":1638282060,"volume":"0.00006747","buyTxId":"96328b3c20da92712ab98b28afdf33caa23e9375-5","sellTxId":"57e21d1386c4eb622306a9a0aae89b88949b2dcb"}
{"index": {"_index":"spt","_id":"2147750"}}
	{"id":2147750,"type":"buy","buyer":"thebugiq","seller":"brofi-market","symbol":"SPT","quantity":"0.053433","price":"0.00299999","timestamp":1638284700,"volume":"0.00016030","buyTxId":"43acbd8f0487bb30ed1c9a4994e23c89165293a7","sellTxId":"648679d9f778df6e5a813f368986d6da9992551b"}
{"index": {"_index":"spt","_id":"2147751"}}
	{"id":2147751,"type":"buy","buyer":"thebugiq","seller":"dhedge-drips","symbol":"SPT","quantity":"0.011661","price":"0.00299999","timestamp":1638284700,"volume":"0.00003498","buyTxId":"43acbd8f0487bb30ed1c9a4994e23c89165293a7","sellTxId":"19343605536f137a6202e3d99f50145c90631f49"}
{"index": {"_index":"spt","_id":"2147752"}}
	{"id":2147752,"type":"buy","buyer":"thebugiq","seller":"laundrywoman","symbol":"SPT","quantity":"2169.934906","price":"0.00299999","timestamp":1638284700,"volume":"6.50978302","buyTxId":"43acbd8f0487bb30ed1c9a4994e23c89165293a7","sellTxId":"bbf017c6533caa8ee7fd03aedc1f8fe058fc7a48"}
{"index": {"_index":"spt","_id":"2147765"}}
	{"id":2147765,"type":"buy","buyer":"thebugiq","seller":"laundrywoman","symbol":"SPT","quantity":"9073.196377","price":"0.00299999","timestamp":1638284805,"volume":"27.21949840","buyTxId":"15fdfea6d741052be14f5556090a6fbb2485073e","sellTxId":"bbf017c6533caa8ee7fd03aedc1f8fe058fc7a48"}
{"index": {"_index":"spt","_id":"2148145"}}
	{"id":2148145,"type":"buy","buyer":"dswap","seller":"laundrywoman","symbol":"SPT","quantity":"12757.975652","price":"0.00284999","timestamp":1638288603,"volume":"36.36010303","buyTxId":"e685ee44685705641e662193197b81655aa573e2","sellTxId":"6d6ae209c6baf3581ae53eb18586289966f73c8c"}
{"index": {"_index":"spt","_id":"2148177"}}
	{"id":2148177,"type":"sell","buyer":"pi-trader","seller":"dswap","symbol":"SPT","quantity":"8000.000000","price":"0.00210001","timestamp":1638289068,"volume":"16.80008000","buyTxId":"1f0273b92d86e8b7fd25d7fcf75638e6b2c3532e-3","sellTxId":"56d74e401ff230e99e3f8de700e366d57bdbad3b"}
{"index": {"_index":"spt","_id":"2148178"}}
	{"id":2148178,"type":"sell","buyer":"granddaddies","seller":"dswap","symbol":"SPT","quantity":"4757.975700","price":"0.00210001","timestamp":1638289068,"volume":"9.99179655","buyTxId":"3f97f701ab9905f3714e4d5bacc5054fa3618cba","sellTxId":"56d74e401ff230e99e3f8de700e366d57bdbad3b"}
{"index": {"_index":"spt","_id":"2148229"}}
	{"id":2148229,"type":"sell","buyer":"pi-trader","seller":"brofi-market","symbol":"SPT","quantity":"0.381301","price":"0.00210003","timestamp":1638289710,"volume":"0.00080074","buyTxId":"30b4a508794dc7a4e9049926d0a8dc491fe177fb-6","sellTxId":"b9ce0b430fefa899ba338cf3da29f054c6dd964a"}
{"index": {"_index":"spt","_id":"2148527"}}
	{"id":2148527,"type":"sell","buyer":"granddaddies","seller":"andy-plays","symbol":"SPT","quantity":"159.000000","price":"0.00210006","timestamp":1638291585,"volume":"0.33390954","buyTxId":"4a626df00b50c6b86784aa048b944a0538264f0d","sellTxId":"476a5f180e8603012b72646029c84342d289646e"}
{"index": {"_index":"spt","_id":"2148816"}}
	{"id":2148816,"type":"buy","buyer":"pi-trader","seller":"f360c4","symbol":"SPT","quantity":"562.118341","price":"0.00210011","timestamp":1638293430,"volume":"1.18051035","buyTxId":"52a52ac01627e505be5b45a6ebe893854e326af1-3","sellTxId":"3767f4092d7d34f7df9f0e249dec7ce75aed17ab"}
{"index": {"_index":"spt","_id":"2148888"}}
	{"id":2148888,"type":"sell","buyer":"granddaddies","seller":"eforucom","symbol":"SPT","quantity":"15.123172","price":"0.00210010","timestamp":1638293937,"volume":"0.03176017","buyTxId":"e2ac6512a98a83b11508aa0b537555dd9258a4ce","sellTxId":"c6488a5b4f9f7c5bcf118d005a2f37a8c85ab2e2"}
{"index": {"_index":"spt","_id":"2148947"}}
	{"id":2148947,"type":"sell","buyer":"pi-trader","seller":"hiveexplorers","symbol":"SPT","quantity":"686.704723","price":"0.00210009","timestamp":1638294321,"volume":"1.44214172","buyTxId":"dc0561cdcae2b2d74307a87b4b013b4ac982ca51-2","sellTxId":"91a8acc770a8674bdd377a6eb6db344a833e80b3"}
{"index": {"_index":"spt","_id":"2149007"}}
	{"id":2149007,"type":"sell","buyer":"pi-trader","seller":"fangz","symbol":"SPT","quantity":"1060.151468","price":"0.00210003","timestamp":1638295062,"volume":"2.22634989","buyTxId":"7c15f7201c4aca96c968245c861dd6cd9d6fd679-1","sellTxId":"52a7c88d0df13522ace28992c505d3ba6a97bc70"}
{"index": {"_index":"spt","_id":"2149055"}}
	{"id":2149055,"type":"buy","buyer":"sohngottes","seller":"brofi-market","symbol":"SPT","quantity":"0.381301","price":"0.00284999","timestamp":1638295803,"volume":"0.00108670","buyTxId":"67e26f0688218956fb654b4522a5bb899d56875d","sellTxId":"76d7679728dda40881898d6abb851712e998762c"}
{"index": {"_index":"spt","_id":"2149056"}}
	{"id":2149056,"type":"buy","buyer":"sohngottes","seller":"laundrywoman","symbol":"SPT","quantity":"146.515064","price":"0.00284999","timestamp":1638295803,"volume":"0.41756647","buyTxId":"67e26f0688218956fb654b4522a5bb899d56875d","sellTxId":"a1017ad524f88f6849c0bbddcacb2ad57d92a8e2"}
{"index": {"_index":"spt","_id":"2149173"}}
	{"id":2149173,"type":"buy","buyer":"dswap","seller":"laundrywoman","symbol":"SPT","quantity":"3.068761","price":"0.00284999","timestamp":1638296991,"volume":"0.00874594","buyTxId":"7f16e7b76784c4fceabfd43404f03d7ebae9d754","sellTxId":"a1017ad524f88f6849c0bbddcacb2ad57d92a8e2"}
{"index": {"_index":"spt","_id":"2149188"}}
	{"id":2149188,"type":"sell","buyer":"pi-trader","seller":"nrg","symbol":"SPT","quantity":"2150.527073","price":"0.00225001","timestamp":1638297090,"volume":"4.83870742","buyTxId":"b6dc2554de2d1da82936cec940ac67bed06e7a87-3","sellTxId":"f65d5d4323411a501e9b374ed7649328314e29f3-10"}
{"index": {"_index":"spt","_id":"2149229"}}
	{"id":2149229,"type":"sell","buyer":"pi-trader","seller":"dswap","symbol":"SPT","quantity":"269.1118","price":"0.00210005","timestamp":1638297513,"volume":"0.56514824","buyTxId":"ea64191b818a68dcc3318e364ed749806d596bac-1","sellTxId":"28a76924f5fa14fdab6afb41285c39d8f5459126"}
{"index": {"_index":"spt","_id":"2149264"}}
	{"id":2149264,"type":"buy","buyer":"samarek69","seller":"laundrywoman","symbol":"SPT","quantity":"10.923000","price":"0.00284999","timestamp":1638297930,"volume":"0.03113044","buyTxId":"98c0f180bbac5908a04091396bb267653a02f30c","sellTxId":"a1017ad524f88f6849c0bbddcacb2ad57d92a8e2"}
{"index": {"_index":"spt","_id":"2149283"}}
	{"id":2149283,"type":"sell","buyer":"pi-trader","seller":"dhedge-drips","symbol":"SPT","quantity":"3.437808","price":"0.00210007","timestamp":1638298041,"volume":"0.00721964","buyTxId":"c896158f3b5c90d8ed3da7ecbd9bc2178e4bb92b-3","sellTxId":"e55711d64bf98fee0dbf8f48447085cedb0b4289"}
{"index": {"_index":"spt","_id":"2149445"}}
	{"id":2149445,"type":"sell","buyer":"granddaddies","seller":"dotwin1981","symbol":"SPT","quantity":"0.109987","price":"0.00210010","timestamp":1638299346,"volume":"0.00023098","buyTxId":"5959fbec7a30ff28cc80f6a735938e4e4328e863","sellTxId":"b9739cae0dc4454011a75ccc0d0ddb1dbccf9bbb"}
{"index": {"_index":"spt","_id":"2149472"}}
	{"id":2149472,"type":"buy","buyer":"reviles","seller":"laundrywoman","symbol":"SPT","quantity":"1000.000000","price":"0.00284999","timestamp":1638299877,"volume":"2.84999000","buyTxId":"b853305aee707a7c8713f65163b1de574b54f80f","sellTxId":"a1017ad524f88f6849c0bbddcacb2ad57d92a8e2"}
{"index": {"_index":"spt","_id":"2149654"}}
	{"id":2149654,"type":"buy","buyer":"jongolson","seller":"laundrywoman","symbol":"SPT","quantity":"1000.000000","price":"0.00284999","timestamp":1638301428,"volume":"2.84999000","buyTxId":"67cc5cbcde0cfeac8324fd234fd9cc9bf7812a97","sellTxId":"a1017ad524f88f6849c0bbddcacb2ad57d92a8e2"}
{"index": {"_index":"spt","_id":"2149689"}}
	{"id":2149689,"type":"sell","buyer":"pi-trader","seller":"aurikan","symbol":"SPT","quantity":"1400.000000","price":"0.00211101","timestamp":1638301791,"volume":"2.95541400","buyTxId":"78eba130b23c8aff4998bdf5acce3ac5274c8479-3","sellTxId":"ed28baf9db54caf24c8fc3431da475bd7f98f8f6"}
{"index": {"_index":"spt","_id":"2149723"}}
	{"id":2149723,"type":"sell","buyer":"pi-trader","seller":"ralts00","symbol":"SPT","quantity":"803.688565","price":"0.00211114","timestamp":1638302355,"volume":"1.69669908","buyTxId":"96c5ed339016e6d3c805a609d74eaab81f8ca24e-3","sellTxId":"5bd4bed8908f35b09d101aa612b8d779ea2ba6bc"}
{"index": {"_index":"spt","_id":"2149754"}}
	{"id":2149754,"type":"sell","buyer":"pi-trader","seller":"xawi","symbol":"SPT","quantity":"2114.379508","price":"0.00211001","timestamp":1638302466,"volume":"4.46136191","buyTxId":"cfbb33f32223688cb9be11375d0467d8135e5aee-3","sellTxId":"22c6c483ea67df87812c78d42df355489397f8cb"}
{"index": {"_index":"spt","_id":"2149770"}}
	{"id":2149770,"type":"buy","buyer":"granddaddies","seller":"everythingsmgirl","symbol":"SPT","quantity":"2948.885821","price":"0.00211005","timestamp":1638302646,"volume":"6.22229653","buyTxId":"1db44a2ff015d95922830e94a9e9b89a1e67d8c8","sellTxId":"47d1b73414bc3c8e63a59f750f465968868e5b8f"}
{"index": {"_index":"spt","_id":"2149843"}}
	{"id":2149843,"type":"buy","buyer":"granddaddies","seller":"brofi-market","symbol":"SPT","quantity":"0.373017","price":"0.00211009","timestamp":1638303306,"volume":"0.00078710","buyTxId":"89e744891bc41f516579a1399bf450314666f6f2","sellTxId":"51673f017d67d661f2d42999d66b93135455eacd"}
{"index": {"_index":"spt","_id":"2149895"}}
	{"id":2149895,"type":"buy","buyer":"catomoon","seller":"laundrywoman","symbol":"SPT","quantity":"15.110000","price":"0.00284999","timestamp":1638303660,"volume":"0.04306335","buyTxId":"820f626331070fe6a2d38969f1311a7730d34c1f","sellTxId":"a1017ad524f88f6849c0bbddcacb2ad57d92a8e2"}
{"index": {"_index":"spt","_id":"2149907"}}
	{"id":2149907,"type":"sell","buyer":"granddaddies","seller":"cliffagreen","symbol":"SPT","quantity":"0.450000","price":"0.00210010","timestamp":1638303804,"volume":"0.00094505","buyTxId":"86a1222c80e5ba64172bec00e5996a452ff8c6b1","sellTxId":"b76d564211e4f456fbfb41b10f7225705162a8ef"}
{"index": {"_index":"spt","_id":"2150128"}}
	{"id":2150128,"type":"sell","buyer":"pi-trader","seller":"chireerocks","symbol":"SPT","quantity":"285.068277","price":"0.00210003","timestamp":1638306600,"volume":"0.59865193","buyTxId":"f07428d4ad59831247a3e46028c7f9853887dce0-4","sellTxId":"733c666381020f48cfca14b0ed15cf7bce96e6dc"}
{"index": {"_index":"spt","_id":"2150254"}}
	{"id":2150254,"type":"buy","buyer":"anomalix","seller":"laundrywoman","symbol":"SPT","quantity":"0.030575","price":"0.00284999","timestamp":1638308046,"volume":"0.00008714","buyTxId":"75dc8ff3b9c71f0a2299b3cd805a4bd4c7bc0e7d","sellTxId":"a1017ad524f88f6849c0bbddcacb2ad57d92a8e2"}
{"index": {"_index":"spt","_id":"2150586"}}
	{"id":2150586,"type":"sell","buyer":"pi-trader","seller":"vjekich","symbol":"SPT","quantity":"366.743502","price":"0.00210003","timestamp":1638313104,"volume":"0.77017236","buyTxId":"1bd382af7d2da29146282af013da1ac513edbce6-3","sellTxId":"2630f79df8d08eb25d40c9012ec79ec46c54c6ed"}
{"index": {"_index":"spt","_id":"2150630"}}
	{"id":2150630,"type":"sell","buyer":"pi-trader","seller":"elricmoonslayer","symbol":"SPT","quantity":"124.931314","price":"0.00210011","timestamp":1638313962,"volume":"0.26236950","buyTxId":"18f64c3206c04a939743c1b5f27704fc7200844f-1","sellTxId":"369f99d60f10267aa86d73c9dd7b40a453c41ce3"}
{"index": {"_index":"spt","_id":"2150807"}}
	{"id":2150807,"type":"sell","buyer":"pi-trader","seller":"iceman23","symbol":"SPT","quantity":"2.737421","price":"0.00210003","timestamp":1638316041,"volume":"0.00574867","buyTxId":"ff642a175c4ec1ccc7c81b979f13827e059c7dab-3","sellTxId":"6be018407d9d4ad4be50c165dca5ba495b53a8fa"}
{"index": {"_index":"spt","_id":"2150950"}}
	{"id":2150950,"type":"sell","buyer":"pi-trader","seller":"brofi-market","symbol":"SPT","quantity":"1.706175","price":"0.00210009","timestamp":1638317784,"volume":"0.00358312","buyTxId":"140618a568acb9f55577997b6be54926a4b95c5a-3","sellTxId":"23121f9cdf4725a2dcdef25ee2feb4741b8cd1be"}
{"index": {"_index":"spt","_id":"2151111"}}
	{"id":2151111,"type":"sell","buyer":"pi-trader","seller":"dhedge-drips","symbol":"SPT","quantity":"0.218503","price":"0.00210009","timestamp":1638319614,"volume":"0.00045888","buyTxId":"237f18077ea99e06c420a6e29ae49e59fe399aa5-4","sellTxId":"e6284baa95f84f9213c51b7fe432829a2495cf4b"}
{"index": {"_index":"spt","_id":"2151137"}}
	{"id":2151137,"type":"buy","buyer":"roger.remix","seller":"jacekw","symbol":"SPT","quantity":"3854.234252","price":"0.00276000","timestamp":1638319743,"volume":"10.63768654","buyTxId":"727ca3db3312a4a44fef401a7e490c13c35e6ef0","sellTxId":"e862f707af6ec02654f9e536ed4c9611a42c65c9"}
{"index": {"_index":"spt","_id":"2151138"}}
	{"id":2151138,"type":"buy","buyer":"roger.remix","seller":"brofi-market","symbol":"SPT","quantity":"1.706175","price":"0.00276000","timestamp":1638319743,"volume":"0.00470904","buyTxId":"727ca3db3312a4a44fef401a7e490c13c35e6ef0","sellTxId":"8f07356a8b3e923332ddbf90773929871e6fc242"}
{"index": {"_index":"spt","_id":"2151139"}}
	{"id":2151139,"type":"buy","buyer":"roger.remix","seller":"dhedge-drips","symbol":"SPT","quantity":"0.218503","price":"0.00276000","timestamp":1638319743,"volume":"0.00060307","buyTxId":"727ca3db3312a4a44fef401a7e490c13c35e6ef0","sellTxId":"ed2ee72d8763ba8a4011eb21988d4abadd91ccda"}
{"index": {"_index":"spt","_id":"2151156"}}
	{"id":2151156,"type":"sell","buyer":"pi-trader","seller":"marvinix","symbol":"SPT","quantity":"1.5","price":"0.00210003","timestamp":1638319923,"volume":"0.00315005","buyTxId":"daf63add11caea1264dafdc5c05290ac03cc4465-4","sellTxId":"ce0d511d08cf6c023fb905957c8fa96c23669abf"}
{"index": {"_index":"spt","_id":"2151205"}}
	{"id":2151205,"type":"buy","buyer":"thebugiq","seller":"marvinix","symbol":"SPT","quantity":"3.793000","price":"0.00277000","timestamp":1638320811,"volume":"0.01050661","buyTxId":"58d187dd69ce9d28f5e9414d44c0c5d354c3e2c0","sellTxId":"772ccfdff269c34e8a72443a51fd38b45efbf1fe"}
{"index": {"_index":"spt","_id":"2151219"}}
	{"id":2151219,"type":"sell","buyer":"pi-trader","seller":"hiveexplorers","symbol":"SPT","quantity":"54.851764","price":"0.00277001","timestamp":1638320964,"volume":"0.15193993","buyTxId":"cdada5aba67345cb8ab16607c3ccfc5cea2dae59-4","sellTxId":"2495d663f78be6edb7dc8b87561697448561e865"}
{"index": {"_index":"spt","_id":"2151234"}}
	{"id":2151234,"type":"buy","buyer":"radialcroissant","seller":"dhedge-drips","symbol":"SPT","quantity":"3.437808","price":"0.00284999","timestamp":1638321153,"volume":"0.00979772","buyTxId":"f19f699fce44f722ce9fc681ad1f20b88cc25e4b","sellTxId":"41ebbe2ba5efd0dc6e5656f73a84a6e6e47e3f0c"}
{"index": {"_index":"spt","_id":"2151235"}}
	{"id":2151235,"type":"buy","buyer":"radialcroissant","seller":"karuna21","symbol":"SPT","quantity":"4000.000000","price":"0.00284999","timestamp":1638321153,"volume":"11.39996000","buyTxId":"f19f699fce44f722ce9fc681ad1f20b88cc25e4b","sellTxId":"929744774969e1c68ba52df085ed4f2194a3861f"}
{"index": {"_index":"spt","_id":"2151236"}}
	{"id":2151236,"type":"buy","buyer":"radialcroissant","seller":"brofi-market","symbol":"SPT","quantity":"0.373017","price":"0.00284999","timestamp":1638321153,"volume":"0.00106309","buyTxId":"f19f699fce44f722ce9fc681ad1f20b88cc25e4b","sellTxId":"daa4bada41ca77f97596c33c2a00ca0f2104fd18"}
{"index": {"_index":"spt","_id":"2151237"}}
	{"id":2151237,"type":"buy","buyer":"radialcroissant","seller":"eirik","symbol":"SPT","quantity":"550.000000","price":"0.00285000","timestamp":1638321153,"volume":"1.56750000","buyTxId":"f19f699fce44f722ce9fc681ad1f20b88cc25e4b","sellTxId":"748f2198e8f0238f1a13b2d30ef447af2c270969"}
{"index": {"_index":"spt","_id":"2151238"}}
	{"id":2151238,"type":"buy","buyer":"radialcroissant","seller":"laundrywoman","symbol":"SPT","quantity":"4580.574998","price":"0.00299999","timestamp":1638321153,"volume":"13.74167919","buyTxId":"f19f699fce44f722ce9fc681ad1f20b88cc25e4b","sellTxId":"284696ad7d9e43a2e749593b085b916a3f608779"}
{"index": {"_index":"spt","_id":"2151268"}}
	{"id":2151268,"type":"buy","buyer":"radialcroissant","seller":"laundrywoman","symbol":"SPT","quantity":"3956.679855","price":"0.00299999","timestamp":1638321606,"volume":"11.87","buyTxId":"00cdc0c583979f39ee45cd3c7becd0af5fd75bab","sellTxId":"284696ad7d9e43a2e749593b085b916a3f608779"}
{"index": {"_index":"spt","_id":"2151429"}}
	{"id":2151429,"type":"sell","buyer":"pi-trader","seller":"eythorphoto","symbol":"SPT","quantity":"2.706882","price":"0.00277005","timestamp":1638323208,"volume":"0.00749820","buyTxId":"afdff3a441ae3b3da6681aa1351a4661a88ddd55-4","sellTxId":"93578babcc4d61cf700a4741d004b4522f226ec4"}
{"index": {"_index":"spt","_id":"2151514"}}
	{"id":2151514,"type":"buy","buyer":"gsauce1989","seller":"laundrywoman","symbol":"SPT","quantity":"230.000000","price":"0.00299999","timestamp":1638324063,"volume":"0.68999770","buyTxId":"073aaaf4bb844c8e4c6d13e15e044fac8fcc4021","sellTxId":"6f4d5947281b65eab907286208b0e448ae499ca0"}
{"index": {"_index":"spt","_id":"2151527"}}
	{"id":2151527,"type":"buy","buyer":"dswap","seller":"laundrywoman","symbol":"SPT","quantity":"50.051366","price":"0.00299999","timestamp":1638324279,"volume":"0.15015360","buyTxId":"f969ef9c35e27e778d88d59329b2cca70ca7c98f","sellTxId":"6f4d5947281b65eab907286208b0e448ae499ca0"}
{"index": {"_index":"spt","_id":"2151530"}}
	{"id":2151530,"type":"buy","buyer":"dswap","seller":"laundrywoman","symbol":"SPT","quantity":"20.735065","price":"0.00299999","timestamp":1638324384,"volume":"0.06220499","buyTxId":"b936fbd78c7165fcae291ec59ab93d5d9411673d","sellTxId":"6f4d5947281b65eab907286208b0e448ae499ca0"}
{"index": {"_index":"spt","_id":"2151575"}}
	{"id":2151575,"type":"sell","buyer":"pi-trader","seller":"harpun","symbol":"SPT","quantity":"53.887223","price":"0.00277011","timestamp":1638325077,"volume":"0.14927354","buyTxId":"ea208403ebe2c9025698f41d7463f5ab1e4e6768-3","sellTxId":"9b7abed162d3be11eb683c3f06c47902c6e28914"}
{"index": {"_index":"spt","_id":"2151679"}}
	{"id":2151679,"type":"buy","buyer":"dswap","seller":"kojiri","symbol":"SPT","quantity":"2.496508","price":"0.00295000","timestamp":1638326538,"volume":"0.00736470","buyTxId":"d6802f1239aba610db9ad59a1046ba06a42fb56f","sellTxId":"6614734addb2ad4dcc58c058edfe8a50cda90e53"}
{"index": {"_index":"spt","_id":"2151828"}}
	{"id":2151828,"type":"buy","buyer":"kamukami","seller":"kojiri","symbol":"SPT","quantity":"0.005949","price":"0.00295000","timestamp":1638328371,"volume":"0.00001755","buyTxId":"e60c1895d6396d82d212a1c59dbb718561df4e95","sellTxId":"6614734addb2ad4dcc58c058edfe8a50cda90e53"}
{"index": {"_index":"spt","_id":"2152002"}}
	{"id":2152002,"type":"sell","buyer":"pi-trader","seller":"cryptomancer","symbol":"SPT","quantity":"8000.000000","price":"0.00278007","timestamp":1638330891,"volume":"22.24056000","buyTxId":"514b1de828e258e9c41c4de4c9ecf8a3c708c512-1","sellTxId":"38231526b783d9424de1f7ba8eafddc8f5315329"}
{"index": {"_index":"spt","_id":"2152003"}}
	{"id":2152003,"type":"sell","buyer":"belhaven14","seller":"cryptomancer","symbol":"SPT","quantity":"4000.000000","price":"0.00278000","timestamp":1638330891,"volume":"11.12000000","buyTxId":"31b9e227ebc1f5c3bd62776bf8810540e16e74cb","sellTxId":"38231526b783d9424de1f7ba8eafddc8f5315329"}
{"index": {"_index":"spt","_id":"2152004"}}
	{"id":2152004,"type":"sell","buyer":"thebugiq","seller":"cryptomancer","symbol":"SPT","quantity":"1383.910895","price":"0.00277000","timestamp":1638330891,"volume":"3.83343318","buyTxId":"58d187dd69ce9d28f5e9414d44c0c5d354c3e2c0","sellTxId":"38231526b783d9424de1f7ba8eafddc8f5315329"}
{"index": {"_index":"spt","_id":"2152007"}}
	{"id":2152007,"type":"buy","buyer":"granddaddies","seller":"cryptomancer","symbol":"SPT","quantity":"36616.089105","price":"0.00277000","timestamp":1638330939,"volume":"101.42656682","buyTxId":"fb863f1f60cecb5451cff4bcd60cc8dea34e1984","sellTxId":"38231526b783d9424de1f7ba8eafddc8f5315329"}
