{"index": {"_index":"spt","_id":"2184721"}}
	{"id":2184721,"type":"sell","buyer":"pi-trader","seller":"macoy14","symbol":"SPT","quantity":"112.182666","price":"0.00277001","timestamp":1638763263,"volume":"0.31074711","buyTxId":"859395e87b26e2bc275b5fdef562168f710bc3ee-1","sellTxId":"225696cc47b7fcb49aefce911094bd71e0a469e9"}
{"index": {"_index":"spt","_id":"2184723"}}
	{"id":2184723,"type":"sell","buyer":"granddaddies","seller":"zullyscott","symbol":"SPT","quantity":"569.279388","price":"0.00277003","timestamp":1638763338,"volume":"1.57692098","buyTxId":"491dc5b6a6b294d2def76715cd62e3a94e198573","sellTxId":"67030817982e70109e3f0ddad51f0175c9602ed2"}
{"index": {"_index":"spt","_id":"2185043"}}
	{"id":2185043,"type":"buy","buyer":"jongolson","seller":"brofi-market","symbol":"SPT","quantity":"3.388681","price":"0.00379999","timestamp":1638768600,"volume":"0.01287695","buyTxId":"7328eea83131316f6608bd076b69cbd9503fbe29","sellTxId":"28f26cb773b410003304944e5fdfedcb7ea40a78"}
{"index": {"_index":"spt","_id":"2185044"}}
	{"id":2185044,"type":"buy","buyer":"jongolson","seller":"laundrywoman","symbol":"SPT","quantity":"996.611319","price":"0.00385999","timestamp":1638768600,"volume":"3.84690973","buyTxId":"7328eea83131316f6608bd076b69cbd9503fbe29","sellTxId":"2dfbf6b88402ef4f81802cd0f13490336602772f"}
{"index": {"_index":"spt","_id":"2185088"}}
	{"id":2185088,"type":"buy","buyer":"churchoftheway","seller":"laundrywoman","symbol":"SPT","quantity":"100.000000","price":"0.00385999","timestamp":1638769254,"volume":"0.38599900","buyTxId":"6c6a7212405872dee9f05e5df7da9db32c9c8e07","sellTxId":"2dfbf6b88402ef4f81802cd0f13490336602772f"}
{"index": {"_index":"spt","_id":"2185182"}}
	{"id":2185182,"type":"sell","buyer":"pi-trader","seller":"josediccus","symbol":"SPT","quantity":"800.014791","price":"0.00277009","timestamp":1638771108,"volume":"2.21611297","buyTxId":"2c7e7d242cf4100b9b7b0ce1bc20a31eb46623f3-1","sellTxId":"476f8194e6d72b13c40d2e4291f0014648cda58c"}
{"index": {"_index":"spt","_id":"2185253"}}
	{"id":2185253,"type":"sell","buyer":"pi-trader","seller":"mercurial9","symbol":"SPT","quantity":"2071.855610","price":"0.00277009","timestamp":1638772572,"volume":"5.73922651","buyTxId":"e36428ec7823e8aba6890bb9aacad8136a0781e7-7","sellTxId":"d4244d02521827fe1485b1cca29ad023a0b81ca1"}
{"index": {"_index":"spt","_id":"2185405"}}
	{"id":2185405,"type":"sell","buyer":"granddaddies","seller":"theclasser1","symbol":"SPT","quantity":"189.930697","price":"0.00277010","timestamp":1638774918,"volume":"0.52612702","buyTxId":"b31733b1c1b7b8645efff1b786f6813e99642cb3","sellTxId":"1ba0ee5ac1da4903150b73618cb6ff34fa3d39d1"}
{"index": {"_index":"spt","_id":"2185514"}}
	{"id":2185514,"type":"sell","buyer":"granddaddies","seller":"revisesociology","symbol":"SPT","quantity":"800.000000","price":"0.00277010","timestamp":1638776280,"volume":"2.21608000","buyTxId":"106d34ef2de30bf15cbdff8b42132df5d1b5aebe","sellTxId":"71f9c630960f199f94206609630910a92828edb1"}
{"index": {"_index":"spt","_id":"2185534"}}
	{"id":2185534,"type":"buy","buyer":"captainquack22","seller":"master-lamps","symbol":"SPT","quantity":"5.474058","price":"0.00386000","timestamp":1638776535,"volume":"0.02112986","buyTxId":"28891c0dce2fa8e7a62189d1cc6659b62c8c73d2","sellTxId":"996087f23d262b436fca7ecea6731da9f9869335"}
{"index": {"_index":"spt","_id":"2185535"}}
	{"id":2185535,"type":"buy","buyer":"captainquack22","seller":"frankcapital","symbol":"SPT","quantity":"250.123480","price":"0.00387000","timestamp":1638776535,"volume":"0.96797787","buyTxId":"28891c0dce2fa8e7a62189d1cc6659b62c8c73d2","sellTxId":"495ab86a883c82184f902f4f624b80b106fa9ff5"}
{"index": {"_index":"spt","_id":"2185536"}}
	{"id":2185536,"type":"buy","buyer":"captainquack22","seller":"dhedge-drips","symbol":"SPT","quantity":"0.012229","price":"0.00387000","timestamp":1638776535,"volume":"0.00004733","buyTxId":"28891c0dce2fa8e7a62189d1cc6659b62c8c73d2","sellTxId":"f3054f86bfb654e796bd37bc69f97b82bcbeba21"}
{"index": {"_index":"spt","_id":"2185537"}}
	{"id":2185537,"type":"buy","buyer":"captainquack22","seller":"brofi-market","symbol":"SPT","quantity":"2.497993","price":"0.00388999","timestamp":1638776535,"volume":"0.00971717","buyTxId":"28891c0dce2fa8e7a62189d1cc6659b62c8c73d2","sellTxId":"af3854d50cf5942e431240fb9e246b0bb83f418d"}
{"index": {"_index":"spt","_id":"2185538"}}
	{"id":2185538,"type":"buy","buyer":"captainquack22","seller":"kojiri","symbol":"SPT","quantity":"161.000000","price":"0.00389000","timestamp":1638776535,"volume":"0.62629000","buyTxId":"28891c0dce2fa8e7a62189d1cc6659b62c8c73d2","sellTxId":"fa13d3c61c78f658427327a31908a99d3571f8ef"}
{"index": {"_index":"spt","_id":"2185539"}}
	{"id":2185539,"type":"buy","buyer":"captainquack22","seller":"brofi-market","symbol":"SPT","quantity":"0.230522","price":"0.00389999","timestamp":1638776535,"volume":"0.00089903","buyTxId":"28891c0dce2fa8e7a62189d1cc6659b62c8c73d2","sellTxId":"7646c3313039b7f9c6213c2d6f0ced8836097f81"}
{"index": {"_index":"spt","_id":"2185540"}}
	{"id":2185540,"type":"buy","buyer":"captainquack22","seller":"dhedge-drips","symbol":"SPT","quantity":"0.028229","price":"0.00389999","timestamp":1638776535,"volume":"0.00011009","buyTxId":"28891c0dce2fa8e7a62189d1cc6659b62c8c73d2","sellTxId":"a1757a04f3660242ca281248241ed21939cb3768"}
{"index": {"_index":"spt","_id":"2185541"}}
	{"id":2185541,"type":"buy","buyer":"captainquack22","seller":"dhedge-drips","symbol":"SPT","quantity":"0.035970","price":"0.00389999","timestamp":1638776535,"volume":"0.00014028","buyTxId":"28891c0dce2fa8e7a62189d1cc6659b62c8c73d2","sellTxId":"1ee74c0958b05640e14ba917caaa667cf544632f"}
{"index": {"_index":"spt","_id":"2185542"}}
	{"id":2185542,"type":"buy","buyer":"captainquack22","seller":"kakakk","symbol":"SPT","quantity":"1377.868812","price":"0.00390000","timestamp":1638776535,"volume":"5.37368837","buyTxId":"28891c0dce2fa8e7a62189d1cc6659b62c8c73d2","sellTxId":"44e64a3af5e1c985abcb7142d3b937707d0f15c6"}
{"index": {"_index":"spt","_id":"2185604"}}
	{"id":2185604,"type":"sell","buyer":"pi-trader","seller":"roguecrane","symbol":"SPT","quantity":"0.000661","price":"0.00277013","timestamp":1638777357,"volume":"0.00000183","buyTxId":"ac6deae79bd91c744d484b9f4fe347aa4e427c41-5","sellTxId":"58d29afd72ec58fb3629ef8fea4e46593fea2224"}
{"index": {"_index":"spt","_id":"2185613"}}
	{"id":2185613,"type":"buy","buyer":"roguecrane","seller":"kakakk","symbol":"SPT","quantity":"35.042476","price":"0.00390000","timestamp":1638777420,"volume":"0.13666566","buyTxId":"f15540b7c7e5422434568c8e6b49127ef49a0eca","sellTxId":"44e64a3af5e1c985abcb7142d3b937707d0f15c6"}
{"index": {"_index":"spt","_id":"2186018"}}
	{"id":2186018,"type":"sell","buyer":"pi-trader","seller":"eforucom","symbol":"SPT","quantity":"11.001549","price":"0.00277005","timestamp":1638783243,"volume":"0.03047484","buyTxId":"616a02bae12f709bcc2752bfe2fbf950404d5bd9-1","sellTxId":"da1d66416661094ae891634042b02c6b3c0bb1b2"}
{"index": {"_index":"spt","_id":"2186078"}}
	{"id":2186078,"type":"sell","buyer":"granddaddies","seller":"chekohler","symbol":"SPT","quantity":"0.183956","price":"0.00277010","timestamp":1638784026,"volume":"0.00050958","buyTxId":"8c40c42759cf84e6b51c3a8c9181c6799843172e","sellTxId":"a088456a7739f561cf7b0a206ebf7e5d52e7f5f7"}
{"index": {"_index":"spt","_id":"2186104"}}
	{"id":2186104,"type":"buy","buyer":"gamefiles","seller":"oivas","symbol":"SPT","quantity":"192.849478","price":"0.00389000","timestamp":1638784395,"volume":"0.75018447","buyTxId":"e171a28e2e63dc751d5eb54ad69d0a632a40037c","sellTxId":"177d724f515e2151052006f31a80b2a9fb87a2d0"}
{"index": {"_index":"spt","_id":"2186122"}}
	{"id":2186122,"type":"buy","buyer":"gamefiles","seller":"kakakk","symbol":"SPT","quantity":"4280.693899","price":"0.00390000","timestamp":1638784791,"volume":"16.69470621","buyTxId":"41c51afd9cfceac0ac730b1909ffe98845b9096e","sellTxId":"44e64a3af5e1c985abcb7142d3b937707d0f15c6"}
{"index": {"_index":"spt","_id":"2186131"}}
	{"id":2186131,"type":"buy","buyer":"gamefiles","seller":"laundrywoman","symbol":"SPT","quantity":"15101.781152","price":"0.00397998","timestamp":1638784932,"volume":"60.10478695","buyTxId":"31300d44255a6f76609d86ef1164ec2adbae8ab0","sellTxId":"3ca580463dfec4566b2fca9c5b3330d0de2da886"}
{"index": {"_index":"spt","_id":"2186403"}}
	{"id":2186403,"type":"sell","buyer":"granddaddies","seller":"aweee","symbol":"SPT","quantity":"37.947511","price":"0.00277012","timestamp":1638789666,"volume":"0.10511916","buyTxId":"ec4782cbe7c4ffea02c82ccc4a407f321f2bc5ca","sellTxId":"a04792a87d2541196f64c08f584e921e41d47a56"}
{"index": {"_index":"spt","_id":"2186443"}}
	{"id":2186443,"type":"sell","buyer":"granddaddies","seller":"goldcoin","symbol":"SPT","quantity":"1.425842","price":"0.00277004","timestamp":1638790269,"volume":"0.00394964","buyTxId":"650614e627ee4f6e6b839a67339bce21e64f8492","sellTxId":"da39ac7809a3e300e74c8ad3930a8aed5cb33f12"}
{"index": {"_index":"spt","_id":"2186830"}}
	{"id":2186830,"type":"buy","buyer":"anomalix","seller":"laundrywoman","symbol":"SPT","quantity":"936.901174","price":"0.00389999","timestamp":1638795114,"volume":"3.65390521","buyTxId":"e5f744b6f5daa33c57eaa4864d6140b57957e00d","sellTxId":"d997d20a3d0c3685851205fb2706f384ce1938d1"}
{"index": {"_index":"spt","_id":"2186879"}}
	{"id":2186879,"type":"sell","buyer":"pi-trader","seller":"iceman23","symbol":"SPT","quantity":"11.503132","price":"0.00300011","timestamp":1638795834,"volume":"0.03451066","buyTxId":"6a65fea185ae27f04ce4b30197e8e537d30a12f4-2","sellTxId":"ddf3cf39e4cd39f319519b6397615ed1bcb5d0b3"}
{"index": {"_index":"spt","_id":"2186945"}}
	{"id":2186945,"type":"sell","buyer":"granddaddies","seller":"crispywatermelon","symbol":"SPT","quantity":"0.001877","price":"0.00300012","timestamp":1638796740,"volume":"0.00000563","buyTxId":"5a4a4d5e1b6c4256b3a27f28954878406bd8aab6","sellTxId":"de199eca93fbb72c57cdf8365a123967cb89f9e4"}
{"index": {"_index":"spt","_id":"2187443"}}
	{"id":2187443,"type":"sell","buyer":"pi-trader","seller":"kalyanov","symbol":"SPT","quantity":"2567.482397","price":"0.00300013","timestamp":1638802134,"volume":"7.70278096","buyTxId":"029f2eaef2ea151933f0d537cdd98d34e0e3e204-5","sellTxId":"aee391327334a2427e5a44cc7828f971be090294"}
{"index": {"_index":"spt","_id":"2187553"}}
	{"id":2187553,"type":"sell","buyer":"pi-trader","seller":"supertask","symbol":"SPT","quantity":"10000.000000","price":"0.00300011","timestamp":1638803388,"volume":"30.00110000","buyTxId":"f6db89ed083d4f5e0ace67af3e58c647ccf739a8-3","sellTxId":"ffee6724f12eb31be61a5f6ffb8fa00d14ac852f"}
{"index": {"_index":"spt","_id":"2187554"}}
	{"id":2187554,"type":"sell","buyer":"superchennie","seller":"supertask","symbol":"SPT","quantity":"2091.304539","price":"0.00300000","timestamp":1638803388,"volume":"6.27391362","buyTxId":"da1cc3e2441eae826b746690dfede76829f53079","sellTxId":"ffee6724f12eb31be61a5f6ffb8fa00d14ac852f"}
{"index": {"_index":"spt","_id":"2187555"}}
	{"id":2187555,"type":"buy","buyer":"pi-trader","seller":"supertask","symbol":"SPT","quantity":"10000.000000","price":"0.00300000","timestamp":1638803391,"volume":"30.00000000","buyTxId":"f7cc2deef572a0e29235e43a96a4ba8b7529588f-3","sellTxId":"ffee6724f12eb31be61a5f6ffb8fa00d14ac852f"}
{"index": {"_index":"spt","_id":"2187558"}}
	{"id":2187558,"type":"buy","buyer":"granddaddies","seller":"supertask","symbol":"SPT","quantity":"9207.177613","price":"0.00300000","timestamp":1638803412,"volume":"27.62153284","buyTxId":"456c82b78c0a78c54dc5772bb2e5b17d8b0c8113","sellTxId":"ffee6724f12eb31be61a5f6ffb8fa00d14ac852f"}
{"index": {"_index":"spt","_id":"2187729"}}
	{"id":2187729,"type":"sell","buyer":"granddaddies","seller":"hiveexplorers","symbol":"SPT","quantity":"608.068490","price":"0.00277005","timestamp":1638805344,"volume":"1.68438012","buyTxId":"87170fe9e6cb666a8e289470a70e0e80e6ad1750","sellTxId":"df61995daaa9984c1e6a77ac6435335357b6af4e"}
{"index": {"_index":"spt","_id":"2187786"}}
	{"id":2187786,"type":"buy","buyer":"captainquack22","seller":"laundrywoman","symbol":"SPT","quantity":"107.345641","price":"0.00389999","timestamp":1638806256,"volume":"0.41864693","buyTxId":"d7f368936a311735b4f175cdcfd70b365bac6c5a","sellTxId":"dc8e788595d485470fdc0bc2199d5d2874c2dcd2"}
{"index": {"_index":"spt","_id":"2187902"}}
	{"id":2187902,"type":"sell","buyer":"pi-trader","seller":"brofi-market","symbol":"SPT","quantity":"0.217806","price":"0.00277008","timestamp":1638807249,"volume":"0.00060334","buyTxId":"917c839e1877a0f1d1a3a887d3892869ef208c54-3","sellTxId":"9ba4c8806e286f038e2a960d5c1be9c874f5150c"}
{"index": {"_index":"spt","_id":"2188326"}}
	{"id":2188326,"type":"sell","buyer":"pi-trader","seller":"liuke96player","symbol":"SPT","quantity":"834.000000","price":"0.00278001","timestamp":1638811209,"volume":"2.31852834","buyTxId":"6b014a27944a37409b946a7ac810ed6112bba0a8-1","sellTxId":"ec24dbe8042ed3124c16ba715436c07a7ed2b1e5"}
{"index": {"_index":"spt","_id":"2188605"}}
	{"id":2188605,"type":"sell","buyer":"pi-trader","seller":"sweetmonsters","symbol":"SPT","quantity":"210.688644","price":"0.00278007","timestamp":1638814533,"volume":"0.58572918","buyTxId":"7ad0d673b443c8c440e8e9e332938fe4386c1e13-2","sellTxId":"81a79907116e70b4c11fc93e019a73ef3cd4f627"}
{"index": {"_index":"spt","_id":"2188743"}}
	{"id":2188743,"type":"sell","buyer":"pi-trader","seller":"dhedge-drips","symbol":"SPT","quantity":"0.020419","price":"0.00279001","timestamp":1638816396,"volume":"0.00005697","buyTxId":"4983a477d0e0d25c4166a6cd3bf8b4c7da05b13e-1","sellTxId":"0c7aa747d864171cec7dfa010c2375278091ad50"}
{"index": {"_index":"spt","_id":"2188768"}}
	{"id":2188768,"type":"buy","buyer":"jongolson","seller":"laundrywoman","symbol":"SPT","quantity":"1000.000000","price":"0.00389999","timestamp":1638816519,"volume":"3.89999000","buyTxId":"cf87526be6bf3e3e87896e56ecb9f77e3a984615","sellTxId":"dc8e788595d485470fdc0bc2199d5d2874c2dcd2"}
{"index": {"_index":"spt","_id":"2189002"}}
	{"id":2189002,"type":"buy","buyer":"grubbz2113","seller":"laundrywoman","symbol":"SPT","quantity":"58.771671","price":"0.00389999","timestamp":1638819744,"volume":"0.22920893","buyTxId":"e2d16d8759530876bea59149730838f3749dd27c","sellTxId":"dc8e788595d485470fdc0bc2199d5d2874c2dcd2"}
{"index": {"_index":"spt","_id":"2189051"}}
	{"id":2189051,"type":"sell","buyer":"pi-trader","seller":"lordemmy","symbol":"SPT","quantity":"4.881230","price":"0.00280011","timestamp":1638820326,"volume":"0.01366798","buyTxId":"41f2bc0f644b32bc248d8ed9e920132f54533089-1","sellTxId":"20acdb49c9c7317182339d0789ba1969478ec151"}
{"index": {"_index":"spt","_id":"2189112"}}
	{"id":2189112,"type":"sell","buyer":"pi-trader","seller":"anderssinho","symbol":"SPT","quantity":"0.307000","price":"0.00290007","timestamp":1638820986,"volume":"0.00089032","buyTxId":"d2a8a49f74b552dd40a1a4e1ed4f0fb60a98b186-4","sellTxId":"d10af1d067215cc200acb45d79ff2adcc661d3f1"}
{"index": {"_index":"spt","_id":"2189151"}}
	{"id":2189151,"type":"sell","buyer":"pi-trader","seller":"brofi-market","symbol":"SPT","quantity":"0.010356","price":"0.00290009","timestamp":1638821481,"volume":"0.00003003","buyTxId":"4f943e7c498e6474a69fbc13742e05b12007074c-3","sellTxId":"ee4be3f718bdfe58794d4c77c8255c9ecad2082c"}
{"index": {"_index":"spt","_id":"2189184"}}
	{"id":2189184,"type":"buy","buyer":"torran","seller":"laundrywoman","symbol":"SPT","quantity":"0.003500","price":"0.00389999","timestamp":1638821877,"volume":"0.00001365","buyTxId":"9c89084c190828393adb7890cc5e58b5e897877f","sellTxId":"dc8e788595d485470fdc0bc2199d5d2874c2dcd2"}
{"index": {"_index":"spt","_id":"2189190"}}
	{"id":2189190,"type":"buy","buyer":"torran","seller":"laundrywoman","symbol":"SPT","quantity":"0.003300","price":"0.00389999","timestamp":1638821943,"volume":"0.00001287","buyTxId":"9c5b725afca6b07bfa236b79cd19f2f3b6591cc2","sellTxId":"dc8e788595d485470fdc0bc2199d5d2874c2dcd2"}
{"index": {"_index":"spt","_id":"2189229"}}
	{"id":2189229,"type":"buy","buyer":"torran","seller":"laundrywoman","symbol":"SPT","quantity":"0.003400","price":"0.00389999","timestamp":1638822213,"volume":"0.00001326","buyTxId":"71c7f65f944f12b22040510096af576d10748085","sellTxId":"dc8e788595d485470fdc0bc2199d5d2874c2dcd2"}
{"index": {"_index":"spt","_id":"2189250"}}
	{"id":2189250,"type":"buy","buyer":"torran","seller":"laundrywoman","symbol":"SPT","quantity":"0.002850","price":"0.00389999","timestamp":1638822384,"volume":"0.00001111","buyTxId":"47bb3d899794310017de7255f7557ab6152cbd69","sellTxId":"dc8e788595d485470fdc0bc2199d5d2874c2dcd2"}
{"index": {"_index":"spt","_id":"2189327"}}
	{"id":2189327,"type":"buy","buyer":"torran","seller":"laundrywoman","symbol":"SPT","quantity":"2600.000000","price":"0.00389999","timestamp":1638823443,"volume":"10.13997400","buyTxId":"12f2b74cc06555de7490a1c3e5ce6a45254bf78c","sellTxId":"dc8e788595d485470fdc0bc2199d5d2874c2dcd2"}
{"index": {"_index":"spt","_id":"2189339"}}
	{"id":2189339,"type":"buy","buyer":"torran","seller":"carlosro","symbol":"SPT","quantity":"1.000000","price":"0.00350004","timestamp":1638823749,"volume":"0.00350004","buyTxId":"538b602c233e1013b5edc10016bad3ae4e6df916","sellTxId":"efd68d06a67f5793212ca50028e573319ed45dad"}
{"index": {"_index":"spt","_id":"2189374"}}
	{"id":2189374,"type":"buy","buyer":"torran","seller":"laundrywoman","symbol":"SPT","quantity":"2400.000000","price":"0.00389999","timestamp":1638824373,"volume":"9.35997600","buyTxId":"f682e1df2dace844abb7f54f128debfe630128d4","sellTxId":"dc8e788595d485470fdc0bc2199d5d2874c2dcd2"}
{"index": {"_index":"spt","_id":"2189732"}}
	{"id":2189732,"type":"sell","buyer":"granddaddies","seller":"cccf","symbol":"SPT","quantity":"1.144000","price":"0.00330010","timestamp":1638828408,"volume":"0.00377531","buyTxId":"eed12773c51aa75b66e019285f067a9ca59eb1bc","sellTxId":"6512ba8cd22fbf18f32bace08c941d54485146f1"}
{"index": {"_index":"spt","_id":"2189766"}}
	{"id":2189766,"type":"sell","buyer":"granddaddies","seller":"theclasser1","symbol":"SPT","quantity":"167.829306","price":"0.00330002","timestamp":1638828537,"volume":"0.55384007","buyTxId":"6d5789fdeeaa5ef15f9753ded2cbee312dde97ce","sellTxId":"1768c993e6ae79be6e7d3185249cda68289a5fd0"}
{"index": {"_index":"spt","_id":"2189767"}}
	{"id":2189767,"type":"sell","buyer":"granddaddies","seller":"walkingkeys","symbol":"SPT","quantity":"1374.888306","price":"0.00330002","timestamp":1638828543,"volume":"4.53715891","buyTxId":"6d5789fdeeaa5ef15f9753ded2cbee312dde97ce","sellTxId":"3c18718ed7c3ba4bce07372b82b964dbcaac7f9f"}
{"index": {"_index":"spt","_id":"2189789"}}
	{"id":2189789,"type":"sell","buyer":"granddaddies","seller":"fedesox","symbol":"SPT","quantity":"417.995000","price":"0.00330004","timestamp":1638828615,"volume":"1.37940022","buyTxId":"da90d0aaf197370604200a3a8d83c5093cb094bc","sellTxId":"05221344bd1ef6ac9fca2f18511847d9023bef6f"}
{"index": {"_index":"spt","_id":"2189798"}}
	{"id":2189798,"type":"sell","buyer":"pi-trader","seller":"he-index","symbol":"SPT","quantity":"0.007000","price":"0.00330005","timestamp":1638828678,"volume":"0.00002310","buyTxId":"ff41ab662c7af2133bdd9ad7a927f835b1dc00f4-6","sellTxId":"4f9a69c98001571573b46392c1f1675dd712ddf5"}
{"index": {"_index":"spt","_id":"2189909"}}
	{"id":2189909,"type":"sell","buyer":"pi-trader","seller":"magnacarta","symbol":"SPT","quantity":"0.057","price":"0.00330011","timestamp":1638829329,"volume":"0.00018811","buyTxId":"1f570a42eaf7e94d1579ece2c763fa43206f8d0e-1","sellTxId":"da3b3999b8e345d88ffa544ec2b2f2d9a71458f5"}
{"index": {"_index":"spt","_id":"2190083"}}
	{"id":2190083,"type":"buy","buyer":"torran","seller":"shauner","symbol":"SPT","quantity":"1533.997697","price":"0.00370000","timestamp":1638831069,"volume":"5.67579148","buyTxId":"1a3559786af3bbdb7530ad02d2e38daac422d48c","sellTxId":"516696acf3948c726b850b0405cb0424c397cc7a"}
{"index": {"_index":"spt","_id":"2190084"}}
	{"id":2190084,"type":"buy","buyer":"torran","seller":"laundrywoman","symbol":"SPT","quantity":"1.002303","price":"0.00389999","timestamp":1638831069,"volume":"0.00390897","buyTxId":"1a3559786af3bbdb7530ad02d2e38daac422d48c","sellTxId":"dc8e788595d485470fdc0bc2199d5d2874c2dcd2"}
{"index": {"_index":"spt","_id":"2190156"}}
	{"id":2190156,"type":"buy","buyer":"sharker","seller":"laundrywoman","symbol":"SPT","quantity":"0.861800","price":"0.00389999","timestamp":1638831672,"volume":"0.00336101","buyTxId":"bef29a5eee5528765677fe96bcf7599d58df0375","sellTxId":"dc8e788595d485470fdc0bc2199d5d2874c2dcd2"}
{"index": {"_index":"spt","_id":"2190189"}}
	{"id":2190189,"type":"buy","buyer":"great-king","seller":"laundrywoman","symbol":"SPT","quantity":"93.490276","price":"0.00389999","timestamp":1638832113,"volume":"0.36461114","buyTxId":"f0a7dc906f0378b585b155fd1c211d5885713226","sellTxId":"dc8e788595d485470fdc0bc2199d5d2874c2dcd2"}
{"index": {"_index":"spt","_id":"2190212"}}
	{"id":2190212,"type":"sell","buyer":"torran","seller":"vjekich","symbol":"SPT","quantity":"1.000000","price":"0.00350000","timestamp":1638832467,"volume":"0.00350000","buyTxId":"b23443d18139edb54e9a6af6ea3af1caabaa5986","sellTxId":"8619087228b75964570cf1a644b4837988a2b04b"}
{"index": {"_index":"spt","_id":"2190305"}}
	{"id":2190305,"type":"buy","buyer":"almightymelon","seller":"laundrywoman","symbol":"SPT","quantity":"1164.967937","price":"0.00349999","timestamp":1638833598,"volume":"4.07737613","buyTxId":"77d52f3693da849db8d91b23f4b8071249b57559","sellTxId":"72159896f69579c5fa27b8677af7c40b8cd533ec"}
{"index": {"_index":"spt","_id":"2190387"}}
	{"id":2190387,"type":"buy","buyer":"evernoticethat","seller":"laundrywoman","symbol":"SPT","quantity":"3.329358","price":"0.00349999","timestamp":1638834579,"volume":"0.01165272","buyTxId":"ec722cfd9f25f057de0224346b4818f1ff21c09c","sellTxId":"ea0aea2960f891826a5e5b48ad82cbce8d5254e3"}
{"index": {"_index":"spt","_id":"2190393"}}
	{"id":2190393,"type":"sell","buyer":"pi-trader","seller":"chireerocks","symbol":"SPT","quantity":"361.194098","price":"0.00330011","timestamp":1638834645,"volume":"1.19198025","buyTxId":"7a52d9f2661c9c1c2664004c8ce21e8b2b54e6c0-9","sellTxId":"29ee640ec471dfd4a2eb5f920a228c92901930d6"}
{"index": {"_index":"spt","_id":"2190468"}}
	{"id":2190468,"type":"sell","buyer":"granddaddies","seller":"hiveexplorers","symbol":"SPT","quantity":"1376.372352","price":"0.00330008","timestamp":1638835467,"volume":"4.54213887","buyTxId":"d294302057bb0e896b6384501bc498623f9ff9fd","sellTxId":"cad15b1a1f6c062f43bc2e6d9d5cc2561033be52"}
{"index": {"_index":"spt","_id":"2190545"}}
	{"id":2190545,"type":"sell","buyer":"granddaddies","seller":"brofi-market","symbol":"SPT","quantity":"2.757685","price":"0.00331005","timestamp":1638836118,"volume":"0.00912808","buyTxId":"fa9e8ec13c445e507d4d936583797781497bae38","sellTxId":"d031a9cc940e36c274fd01ab149fd6b3e8e50c04"}
{"index": {"_index":"spt","_id":"2190552"}}
	{"id":2190552,"type":"sell","buyer":"pi-trader","seller":"scoutroc","symbol":"SPT","quantity":"60","price":"0.00331006","timestamp":1638836148,"volume":"0.19860360","buyTxId":"c4a22e19f53f211fc7cbf593c42884c0e87bd8ea-5","sellTxId":"4e83e857a74321d85fc912a056c8ae23d9ffe429"}
{"index": {"_index":"spt","_id":"2190727"}}
	{"id":2190727,"type":"sell","buyer":"torran","seller":"dhedge-drips","symbol":"SPT","quantity":"0.002066","price":"0.00340000","timestamp":1638837990,"volume":"0.00000702","buyTxId":"0dd3befc08b53de347b385d714b80c853fd4dc0a","sellTxId":"3e059596d68a73345aba62e7c201008889d4884c"}
{"index": {"_index":"spt","_id":"2190753"}}
	{"id":2190753,"type":"buy","buyer":"torran","seller":"vjekich","symbol":"SPT","quantity":"1554.835147","price":"0.00350000","timestamp":1638838206,"volume":"5.44192301","buyTxId":"c12bed780967c2c8d29c5502676cb0d2fb925625","sellTxId":"8619087228b75964570cf1a644b4837988a2b04b"}
{"index": {"_index":"spt","_id":"2190754"}}
	{"id":2190754,"type":"buy","buyer":"torran","seller":"brofi-market","symbol":"SPT","quantity":"2.757685","price":"0.00350000","timestamp":1638838206,"volume":"0.00965190","buyTxId":"c12bed780967c2c8d29c5502676cb0d2fb925625","sellTxId":"d5675255b0201fd8e88d4f19bcb00a0bde1914ef"}
{"index": {"_index":"spt","_id":"2190755"}}
	{"id":2190755,"type":"buy","buyer":"torran","seller":"dhedge-drips","symbol":"SPT","quantity":"0.002066","price":"0.00350000","timestamp":1638838206,"volume":"0.00000723","buyTxId":"c12bed780967c2c8d29c5502676cb0d2fb925625","sellTxId":"97558a5396e8d02c854b1336453ec60fcdd3c8e1"}
{"index": {"_index":"spt","_id":"2190756"}}
	{"id":2190756,"type":"buy","buyer":"torran","seller":"brofi-market","symbol":"SPT","quantity":"0.217806","price":"0.00389999","timestamp":1638838206,"volume":"0.00084944","buyTxId":"c12bed780967c2c8d29c5502676cb0d2fb925625","sellTxId":"1d449a814ebeefb389442679b7dea5beb4edbcd6"}
{"index": {"_index":"spt","_id":"2190757"}}
	{"id":2190757,"type":"buy","buyer":"torran","seller":"dhedge-drips","symbol":"SPT","quantity":"0.020419","price":"0.00389999","timestamp":1638838206,"volume":"0.00007963","buyTxId":"c12bed780967c2c8d29c5502676cb0d2fb925625","sellTxId":"7c35370fb8f92ae85fe8af570613c71d2021cd4f"}
{"index": {"_index":"spt","_id":"2190758"}}
	{"id":2190758,"type":"buy","buyer":"torran","seller":"brofi-market","symbol":"SPT","quantity":"0.010356","price":"0.00389999","timestamp":1638838206,"volume":"0.00004039","buyTxId":"c12bed780967c2c8d29c5502676cb0d2fb925625","sellTxId":"5c5f45a8dad7dd0e080e71f1313ad5216d3e91a0"}
{"index": {"_index":"spt","_id":"2190759"}}
	{"id":2190759,"type":"buy","buyer":"torran","seller":"laundrywoman","symbol":"SPT","quantity":"442.156521","price":"0.00389999","timestamp":1638838206,"volume":"1.72440601","buyTxId":"c12bed780967c2c8d29c5502676cb0d2fb925625","sellTxId":"31f59226a9ab050ac36eba0f75928f76c30e8743"}
{"index": {"_index":"spt","_id":"2190856"}}
	{"id":2190856,"type":"buy","buyer":"torran","seller":"laundrywoman","symbol":"SPT","quantity":"1.000000","price":"0.00389999","timestamp":1638838818,"volume":"0.00389999","buyTxId":"9235b3bb7e7f6b9ee922fede149052607be5196a","sellTxId":"31f59226a9ab050ac36eba0f75928f76c30e8743"}
{"index": {"_index":"spt","_id":"2190889"}}
	{"id":2190889,"type":"sell","buyer":"torran","seller":"roguecrane","symbol":"SPT","quantity":"1.000000","price":"0.00360000","timestamp":1638838971,"volume":"0.00360000","buyTxId":"c85e2ea6a87c28e1128b5ea55fa2afb121c62172","sellTxId":"59edfcee00caee3d34dcf12cadc5c4ea37118033"}
{"index": {"_index":"spt","_id":"2190890"}}
	{"id":2190890,"type":"buy","buyer":"torran","seller":"roguecrane","symbol":"SPT","quantity":"7.325820","price":"0.00360000","timestamp":1638839001,"volume":"0.02637295","buyTxId":"4190d2022fc1200cb56bfe72bda4c0ad3170f847","sellTxId":"59edfcee00caee3d34dcf12cadc5c4ea37118033"}
{"index": {"_index":"spt","_id":"2190893"}}
	{"id":2190893,"type":"sell","buyer":"pi-trader","seller":"roguecrane","symbol":"SPT","quantity":"26.716656","price":"0.00331006","timestamp":1638839058,"volume":"0.08843373","buyTxId":"075477db42cb902678722a1aefbb5c65a20a32d4-3","sellTxId":"127ae0bc30aa5aa8c2075a42999a81715391dc1b"}
{"index": {"_index":"spt","_id":"2190905"}}
	{"id":2190905,"type":"buy","buyer":"torran","seller":"laundrywoman","symbol":"SPT","quantity":"1000.000000","price":"0.00389999","timestamp":1638839265,"volume":"3.89999000","buyTxId":"cc409aa716170a57eab085d21d2cb5547619a187","sellTxId":"29b13475261566b7d990539584ec7f80b161cb34"}
{"index": {"_index":"spt","_id":"2190910"}}
	{"id":2190910,"type":"buy","buyer":"torran","seller":"laundrywoman","symbol":"SPT","quantity":"500.000000","price":"0.00389999","timestamp":1638839316,"volume":"1.94999500","buyTxId":"bf9684507501867054bb180aa99b2745f497dd13","sellTxId":"29b13475261566b7d990539584ec7f80b161cb34"}
{"index": {"_index":"spt","_id":"2190911"}}
	{"id":2190911,"type":"sell","buyer":"torran","seller":"theiamultitude","symbol":"SPT","quantity":"1.000000","price":"0.00350000","timestamp":1638839358,"volume":"0.00350000","buyTxId":"3aed6ea824e398845b098bc65f698c590ee66361","sellTxId":"d96e0254dd2ef8b684abc64a0d00d385eec6cf4e"}
{"index": {"_index":"spt","_id":"2190914"}}
	{"id":2190914,"type":"buy","buyer":"torran","seller":"laundrywoman","symbol":"SPT","quantity":"45.744150","price":"0.00349999","timestamp":1638839409,"volume":"0.16010407","buyTxId":"a8ed8bd6ff92e25f2405c4882f680841d88e9761","sellTxId":"984788c895ec8306e21bb41327f6af11563a1a2f"}
{"index": {"_index":"spt","_id":"2190944"}}
	{"id":2190944,"type":"sell","buyer":"torran","seller":"itachi24","symbol":"SPT","quantity":"1.000000","price":"0.00340000","timestamp":1638839805,"volume":"0.00340000","buyTxId":"8161965e82b54eaff51cdaf44414f69fd2548125","sellTxId":"759c33961d168f1af79c4e682b0d5c2668e5893b"}
{"index": {"_index":"spt","_id":"2191117"}}
	{"id":2191117,"type":"sell","buyer":"granddaddies","seller":"bitcoinflood","symbol":"SPT","quantity":"150.140665","price":"0.00330002","timestamp":1638841854,"volume":"0.49546720","buyTxId":"fd0ea96035774ff720284578d82aa7c15565d134","sellTxId":"14db90f2fdefb6ee52d0be895a88d42161654b40"}
{"index": {"_index":"spt","_id":"2191186"}}
	{"id":2191186,"type":"sell","buyer":"pi-trader","seller":"operahoser","symbol":"SPT","quantity":"0.016727","price":"0.00330009","timestamp":1638843114,"volume":"0.00005520","buyTxId":"bc04ed0edfbb488cdaee6fe4ef173a5d28f29cb8-1","sellTxId":"bc002226d7a5e169ec460bb0b96585757debcd7b"}
{"index": {"_index":"spt","_id":"2191353"}}
	{"id":2191353,"type":"sell","buyer":"granddaddies","seller":"saachi","symbol":"SPT","quantity":"3000.000000","price":"0.00330004","timestamp":1638845973,"volume":"9.90012000","buyTxId":"0ff24c1049884e67be351d5012c3a52d6493ae73","sellTxId":"15ab96d442ede6c174c6f82c09488fb23e729db9"}
{"index": {"_index":"spt","_id":"2191504"}}
	{"id":2191504,"type":"sell","buyer":"pi-trader","seller":"dkid14","symbol":"SPT","quantity":"186.624545","price":"0.00330005","timestamp":1638847776,"volume":"0.61587033","buyTxId":"a8933419de01c787e0ba1a2fa8ba9694887ff0ea-3","sellTxId":"bb536b50462d3d8c3a9a3491983ac2feccc59778"}
{"index": {"_index":"spt","_id":"2191536"}}
	{"id":2191536,"type":"sell","buyer":"granddaddies","seller":"orcish","symbol":"SPT","quantity":"1.199936","price":"0.00330004","timestamp":1638848154,"volume":"0.00395984","buyTxId":"5aa206a1a0013e773f5f639c87f20f8a88e2553c","sellTxId":"dc0a9b434550ac4e8f358bd073d1f2a30680325a"}
{"index": {"_index":"spt","_id":"2191601"}}
	{"id":2191601,"type":"buy","buyer":"granddaddies","seller":"steem82868","symbol":"SPT","quantity":"4.008121","price":"0.00330011","timestamp":1638849345,"volume":"0.01322724","buyTxId":"cfdad10b68cac9ffe41d18ef5d6951d64034791d","sellTxId":"7dab27f60cae2a3c82a53afdaf65df648c9c5d7e"}
