{"index": {"_index":"spt","_id":"4014595"}}
	{"id":4014595,"type":"sell","buyer":"onlydoge","seller":"kephler","symbol":"SPT","quantity":"6.732715","price":"0.00173000","timestamp":1659062403,"volume":"0.01164760","buyTxId":"2fc222266d7a3194e266dc88116ec14a8220a5dd","sellTxId":"b73afebd41318cfbcdc2fbd467fbd285acac25af"}
{"index": {"_index":"spt","_id":"4014808"}}
	{"id":4014808,"type":"sell","buyer":"onlydoge","seller":"cryptojiang","symbol":"SPT","quantity":"100.000000","price":"0.00173000","timestamp":1659066855,"volume":"0.17300000","buyTxId":"2fc222266d7a3194e266dc88116ec14a8220a5dd","sellTxId":"511be18731d6155939c5053d06fd79743dde81d5"}
{"index": {"_index":"spt","_id":"4015106"}}
	{"id":4015106,"type":"sell","buyer":"onlydoge","seller":"mercurial9","symbol":"SPT","quantity":"10265.982933","price":"0.00173000","timestamp":1659071127,"volume":"17.76015047","buyTxId":"2fc222266d7a3194e266dc88116ec14a8220a5dd","sellTxId":"bf99a11e335a7d8654a3e812628adb14e299dcd5"}
{"index": {"_index":"spt","_id":"4015107"}}
	{"id":4015107,"type":"sell","buyer":"thewycher","seller":"mercurial9","symbol":"SPT","quantity":"490.000000","price":"0.00145304","timestamp":1659071127,"volume":"0.71198960","buyTxId":"e94fc8f5b0f5ad1be6224df2b97cd010cfc69ba4","sellTxId":"bf99a11e335a7d8654a3e812628adb14e299dcd5"}
{"index": {"_index":"spt","_id":"4015108"}}
	{"id":4015108,"type":"sell","buyer":"thewycher","seller":"mercurial9","symbol":"SPT","quantity":"396.626656","price":"0.00145304","timestamp":1659071127,"volume":"0.57631440","buyTxId":"0e32f5971a14da482e24d8bd8047c8a6efd7a387","sellTxId":"bf99a11e335a7d8654a3e812628adb14e299dcd5"}
{"index": {"_index":"spt","_id":"4015145"}}
	{"id":4015145,"type":"buy","buyer":"pjansen","seller":"catotenor","symbol":"SPT","quantity":"4.840255","price":"0.00169000","timestamp":1659071427,"volume":"0.00818003","buyTxId":"19682232fdcee9ed9a8c97de9a7c5bedff7de808","sellTxId":"c5f62e7ddf1a7a4ad83f071bef9af40933745d08"}
{"index": {"_index":"spt","_id":"4015146"}}
	{"id":4015146,"type":"buy","buyer":"pjansen","seller":"saachi","symbol":"SPT","quantity":"0.983767","price":"0.00185000","timestamp":1659071427,"volume":"0.00181997","buyTxId":"19682232fdcee9ed9a8c97de9a7c5bedff7de808","sellTxId":"9dc95484e1477dea0ed3dd86e278863639025a16"}
{"index": {"_index":"spt","_id":"4015162"}}
	{"id":4015162,"type":"sell","buyer":"multifurcate","seller":"kachinhenry","symbol":"SPT","quantity":"71.440000","price":"0.00146112","timestamp":1659071685,"volume":"0.10438241","buyTxId":"2516a20073e6fa00ec473228e7d5bb7efae12df4","sellTxId":"42e02bebc285d827e1be463822862ce9a96a338c"}
{"index": {"_index":"spt","_id":"4015282"}}
	{"id":4015282,"type":"sell","buyer":"pjansen","seller":"mightyrocklee","symbol":"SPT","quantity":"663.722681","price":"0.00148638","timestamp":1659073389,"volume":"0.98654412","buyTxId":"ce77efc9c45eca78235d47cdb960c1af76c87309","sellTxId":"ddd0cb327a3a5ef2eecbf5784ae3d4e4d5217e4d"}
{"index": {"_index":"spt","_id":"4015459"}}
	{"id":4015459,"type":"sell","buyer":"multifurcate","seller":"gringo94","symbol":"SPT","quantity":"61.804978","price":"0.00148940","timestamp":1659076503,"volume":"0.09205233","buyTxId":"8893eab5b5724e3d2da101c3fe08439de7818735","sellTxId":"796232786a24b79194717c1f6395e4ec8069329a"}
{"index": {"_index":"spt","_id":"4015506"}}
	{"id":4015506,"type":"sell","buyer":"pjansen","seller":"captainquack22","symbol":"SPT","quantity":"110","price":"0.00150052","timestamp":1659077232,"volume":"0.16505720","buyTxId":"7bbfa72cc03229588ab1d15c73f20cb055cde312","sellTxId":"2d5782d76e715183040381d5bad08feea4fe7325"}
{"index": {"_index":"spt","_id":"4015603"}}
	{"id":4015603,"type":"sell","buyer":"pjansen","seller":"jdike","symbol":"SPT","quantity":"19.206923","price":"0.00145507","timestamp":1659079038,"volume":"0.02794742","buyTxId":"c0686fc3f5550058873b351f75dc8251b1466648","sellTxId":"9c51c9040cb1202627cc60cc54b4cc017019bd98"}
{"index": {"_index":"spt","_id":"4015797"}}
	{"id":4015797,"type":"sell","buyer":"pjansen","seller":"khazrakh","symbol":"SPT","quantity":"78.201571","price":"0.00154698","timestamp":1659082227,"volume":"0.12097627","buyTxId":"4cdac59c544b0ac89e74c3bc71b2aaa1579a7cf0","sellTxId":"bf07a9ecb2a9fda16c6acab0ff378800cbd22ed5"}
{"index": {"_index":"spt","_id":"4015880"}}
	{"id":4015880,"type":"buy","buyer":"multifurcate","seller":"socialmediaseo","symbol":"SPT","quantity":"15.597751","price":"0.00149445","timestamp":1659083349,"volume":"0.02331006","buyTxId":"b1a04c2981900ee651e0c0255e73be637de757b0","sellTxId":"db38007104c778f37dd56e7d948518b3601cdb78"}
{"index": {"_index":"spt","_id":"4015881"}}
	{"id":4015881,"type":"sell","buyer":"multifurcate","seller":"e-r-k-a-n","symbol":"SPT","quantity":"2413.614415","price":"0.00149546","timestamp":1659083358,"volume":"3.60946381","buyTxId":"b1a04c2981900ee651e0c0255e73be637de757b0","sellTxId":"3eb6b0ec1416ce75998d28a6e73fe765680de5f0"}
{"index": {"_index":"spt","_id":"4016037"}}
	{"id":4016037,"type":"sell","buyer":"pjansen","seller":"loekman","symbol":"SPT","quantity":"36.073929","price":"0.00151870","timestamp":1659085437,"volume":"0.05478548","buyTxId":"2cc573234112016e7d2e66b9a478deb6d44b5111","sellTxId":"03f78084a969c60fd780fd2e91da7cba2bc27c74"}
{"index": {"_index":"spt","_id":"4016138"}}
	{"id":4016138,"type":"sell","buyer":"multifurcate","seller":"andy4475","symbol":"SPT","quantity":"4.401260","price":"0.00153889","timestamp":1659086685,"volume":"0.00677306","buyTxId":"90ef66b5361b79a763537219ba56c71bb1ada4bc","sellTxId":"15b22076806b0f1e8049a85788f9d89c24b0bd3b"}
{"index": {"_index":"spt","_id":"4016143"}}
	{"id":4016143,"type":"buy","buyer":"dr3am03","seller":"saachi","symbol":"SPT","quantity":"0.081145","price":"0.00185000","timestamp":1659086772,"volume":"0.00015012","buyTxId":"07055461c4c7dc9887079bf2c1fd395bc7cc95ec","sellTxId":"9dc95484e1477dea0ed3dd86e278863639025a16"}
{"index": {"_index":"spt","_id":"4016146"}}
	{"id":4016146,"type":"sell","buyer":"pjansen","seller":"dr3am03","symbol":"SPT","quantity":"1.554443","price":"0.00153991","timestamp":1659086802,"volume":"0.00239370","buyTxId":"a726bedfed86150a01388c8815cfb5fef8ec12ec","sellTxId":"0f3ff904c9736baf5aec4d607f1cb826cdeceb3d"}
{"index": {"_index":"spt","_id":"4017018"}}
	{"id":4017018,"type":"buy","buyer":"dbooster","seller":"saachi","symbol":"SPT","quantity":"64.935088","price":"0.00185000","timestamp":1659097734,"volume":"0.12012991","buyTxId":"6807a8924ef5869087e6542dd98c1e83c3f85850","sellTxId":"9dc95484e1477dea0ed3dd86e278863639025a16"}
{"index": {"_index":"spt","_id":"4017019"}}
	{"id":4017019,"type":"buy","buyer":"dbooster","seller":"mypathtofire","symbol":"SPT","quantity":"2.725830","price":"0.00185000","timestamp":1659097734,"volume":"0.00504279","buyTxId":"6807a8924ef5869087e6542dd98c1e83c3f85850","sellTxId":"a3f311891019afc26bfa5d2b8d68f1c38e56c6f9"}
{"index": {"_index":"spt","_id":"4017020"}}
	{"id":4017020,"type":"buy","buyer":"dbooster","seller":"koreaminer","symbol":"SPT","quantity":"228.461488","price":"0.00187000","timestamp":1659097734,"volume":"0.42722298","buyTxId":"6807a8924ef5869087e6542dd98c1e83c3f85850","sellTxId":"9d03a3d0cfcff0509996f5b0371f8331be0f9416"}
{"index": {"_index":"spt","_id":"4017021"}}
	{"id":4017021,"type":"buy","buyer":"dbooster","seller":"onlydoge","symbol":"SPT","quantity":"203.877594","price":"0.00187000","timestamp":1659097734,"volume":"0.38125110","buyTxId":"6807a8924ef5869087e6542dd98c1e83c3f85850","sellTxId":"39d1194ca9806b8079d83e21faeb69818160f0d0"}
{"index": {"_index":"spt","_id":"4017041"}}
	{"id":4017041,"type":"buy","buyer":"methodofmad","seller":"onlydoge","symbol":"SPT","quantity":"14246.989446","price":"0.00187000","timestamp":1659098091,"volume":"26.64187026","buyTxId":"a5e6e339bdaa4529183744be46a42a61d9dd61ed","sellTxId":"39d1194ca9806b8079d83e21faeb69818160f0d0"}
{"index": {"_index":"spt","_id":"4017042"}}
	{"id":4017042,"type":"buy","buyer":"methodofmad","seller":"underlock","symbol":"SPT","quantity":"1819.924714","price":"0.00187985","timestamp":1659098091,"volume":"3.42118547","buyTxId":"a5e6e339bdaa4529183744be46a42a61d9dd61ed","sellTxId":"3bd1dc68986c762e1e56af819c5bd5364e03329b"}
{"index": {"_index":"spt","_id":"4017043"}}
	{"id":4017043,"type":"buy","buyer":"methodofmad","seller":"muzehan","symbol":"SPT","quantity":"915.500715","price":"0.00190000","timestamp":1659098091,"volume":"1.73945136","buyTxId":"a5e6e339bdaa4529183744be46a42a61d9dd61ed","sellTxId":"a4681a57cefc6dcae671687d0febb01271081013"}
{"index": {"_index":"spt","_id":"4017044"}}
	{"id":4017044,"type":"buy","buyer":"methodofmad","seller":"obiektor","symbol":"SPT","quantity":"0.000455","price":"0.00190000","timestamp":1659098091,"volume":"0.00000086","buyTxId":"a5e6e339bdaa4529183744be46a42a61d9dd61ed","sellTxId":"703178a836d6a3c03e3942b406fa78800225ee89"}
{"index": {"_index":"spt","_id":"4017045"}}
	{"id":4017045,"type":"buy","buyer":"methodofmad","seller":"legalizabrazil","symbol":"SPT","quantity":"123.135626","price":"0.00200000","timestamp":1659098091,"volume":"0.24627125","buyTxId":"a5e6e339bdaa4529183744be46a42a61d9dd61ed","sellTxId":"a6cb21404d5e45629d6b881693a9322a9d2125a9"}
{"index": {"_index":"spt","_id":"4017046"}}
	{"id":4017046,"type":"buy","buyer":"methodofmad","seller":"agglutinogenic","symbol":"SPT","quantity":"32373.139971","price":"0.00209900","timestamp":1659098091,"volume":"67.95122080","buyTxId":"a5e6e339bdaa4529183744be46a42a61d9dd61ed","sellTxId":"10f64463116817a02b35a228dd21798bf42f1887"}
{"index": {"_index":"spt","_id":"4017251"}}
	{"id":4017251,"type":"sell","buyer":"multifurcate","seller":"hislab","symbol":"SPT","quantity":"0.068893","price":"0.00146100","timestamp":1659100944,"volume":"0.00010065","buyTxId":"06370b3a2646078bf36cd67614c77ea13b7ca7c2","sellTxId":"2b89c7661c735ea4e752c4d5d53b20113b4676ca"}
{"index": {"_index":"spt","_id":"4017570"}}
	{"id":4017570,"type":"sell","buyer":"multifurcate","seller":"sansey","symbol":"SPT","quantity":"79.11304","price":"0.00147100","timestamp":1659103794,"volume":"0.11637528","buyTxId":"5b1d8b386a641e7119da2454925ce78cf39aaa65","sellTxId":"c61b551ef6e8ba51cbedd4927e615b71eed708bc"}
{"index": {"_index":"spt","_id":"4017586"}}
	{"id":4017586,"type":"sell","buyer":"multifurcate","seller":"anderssinho","symbol":"SPT","quantity":"0.351000","price":"0.00147100","timestamp":1659103911,"volume":"0.00051632","buyTxId":"5b1d8b386a641e7119da2454925ce78cf39aaa65","sellTxId":"9ea9a6db8c0fbf90a7d4128cb7ea0756c39fe127"}
{"index": {"_index":"spt","_id":"4017923"}}
	{"id":4017923,"type":"sell","buyer":"multifurcate","seller":"dswap","symbol":"SPT","quantity":"375.930687","price":"0.00148100","timestamp":1659106914,"volume":"0.55675335","buyTxId":"46cbb6f2dcb11b534d55490e0e3f4546477cb862","sellTxId":"0a7a7b7a5b8eae84ed7559698a486541095a6fa3"}
{"index": {"_index":"spt","_id":"4018109"}}
	{"id":4018109,"type":"sell","buyer":"multifurcate","seller":"poshtoken","symbol":"SPT","quantity":"0.077271","price":"0.00149100","timestamp":1659108882,"volume":"0.00011521","buyTxId":"989d833a4b23f01ac968447cfebcccac50c927cc","sellTxId":"d413b4de9c0389575174400bd85612f3d843275e-7"}
{"index": {"_index":"spt","_id":"4018636"}}
	{"id":4018636,"type":"sell","buyer":"multifurcate","seller":"dswap","symbol":"SPT","quantity":"1502.894216","price":"0.00149100","timestamp":1659110988,"volume":"2.24081528","buyTxId":"b176455fc2e3a64c97348be49525741e493bb16d","sellTxId":"570b20f3c184364d67215fbf5c3c0b5c6f4b089a"}
{"index": {"_index":"spt","_id":"4018653"}}
	{"id":4018653,"type":"sell","buyer":"multifurcate","seller":"noblebright","symbol":"SPT","quantity":"14.741196","price":"0.00149100","timestamp":1659111138,"volume":"0.02197912","buyTxId":"b176455fc2e3a64c97348be49525741e493bb16d","sellTxId":"56bd16b6367cf16dc3141e6b54dd5d0e498668fc"}
{"index": {"_index":"spt","_id":"4019363"}}
	{"id":4019363,"type":"sell","buyer":"multifurcate","seller":"catomoon","symbol":"SPT","quantity":"3.273584","price":"0.00177100","timestamp":1659118383,"volume":"0.00579752","buyTxId":"7f0af3e845a5db3eb5ba7f1fd59c1338627fe477","sellTxId":"92eeeeac780cfe720c009e85d162ef24cd29aebe"}
{"index": {"_index":"spt","_id":"4019739"}}
	{"id":4019739,"type":"sell","buyer":"pjansen","seller":"shinoumonk","symbol":"SPT","quantity":"38.803880","price":"0.00178001","timestamp":1659122376,"volume":"0.06907129","buyTxId":"93d8b6772af78d0cf101e4d77a820d840c8e6426","sellTxId":"f4918491662544412599f9f4c5070d13affd7c09"}
{"index": {"_index":"spt","_id":"4019974"}}
	{"id":4019974,"type":"sell","buyer":"pjansen","seller":"mightyrocklee","symbol":"SPT","quantity":"247.120752","price":"0.00179001","timestamp":1659124251,"volume":"0.44234862","buyTxId":"b7b890a5e1c9396e2e655c10d4d7a360faf5214f","sellTxId":"2d1ea6856ddcfdd5796ca59db5ea7bd5eefd495a"}
{"index": {"_index":"spt","_id":"4020102"}}
	{"id":4020102,"type":"sell","buyer":"pjansen","seller":"xawi","symbol":"SPT","quantity":"5000.000000","price":"0.00179001","timestamp":1659125562,"volume":"8.95005000","buyTxId":"4859561bfd3f3ebf7f71283142a2d570cf8228ff","sellTxId":"f8795301c29e0b961b53c5ec91b1acfd10a2176d"}
{"index": {"_index":"spt","_id":"4020104"}}
	{"id":4020104,"type":"buy","buyer":"pjansen","seller":"xawi","symbol":"SPT","quantity":"4746.519447","price":"0.00179001","timestamp":1659125589,"volume":"8.49631728","buyTxId":"58923d7d1550f08c1eec15801287070c1228e4ac","sellTxId":"f8795301c29e0b961b53c5ec91b1acfd10a2176d"}
{"index": {"_index":"spt","_id":"4020124"}}
	{"id":4020124,"type":"sell","buyer":"pjansen","seller":"everythingsmgirl","symbol":"SPT","quantity":"253.480553","price":"0.00179001","timestamp":1659125763,"volume":"0.45373272","buyTxId":"58923d7d1550f08c1eec15801287070c1228e4ac","sellTxId":"d838a8e95131c4e5832929e2c37272f819acea1e"}
{"index": {"_index":"spt","_id":"4020127"}}
	{"id":4020127,"type":"buy","buyer":"pjansen","seller":"everythingsmgirl","symbol":"SPT","quantity":"5000.000000","price":"0.00179001","timestamp":1659125793,"volume":"8.95005000","buyTxId":"2d24e8663b4067caa60dbf496ea7e8bb15298008","sellTxId":"d838a8e95131c4e5832929e2c37272f819acea1e"}
{"index": {"_index":"spt","_id":"4020132"}}
	{"id":4020132,"type":"buy","buyer":"pjansen","seller":"everythingsmgirl","symbol":"SPT","quantity":"8379.897319","price":"0.00179001","timestamp":1659125820,"volume":"15.0001","buyTxId":"bb5d4b576ca2260ed0fe03317173767a4d42a29b","sellTxId":"d838a8e95131c4e5832929e2c37272f819acea1e"}
{"index": {"_index":"spt","_id":"4020136"}}
	{"id":4020136,"type":"buy","buyer":"pjansen","seller":"everythingsmgirl","symbol":"SPT","quantity":"4391.874905","price":"0.00179001","timestamp":1659125850,"volume":"7.8615","buyTxId":"dff487fa0a368ca7d958caba128a57db8166bdb3","sellTxId":"d838a8e95131c4e5832929e2c37272f819acea1e"}
{"index": {"_index":"spt","_id":"4020164"}}
	{"id":4020164,"type":"buy","buyer":"dr3am03","seller":"everythingsmgirl","symbol":"SPT","quantity":"0.019828","price":"0.00179001","timestamp":1659126291,"volume":"0.00003549","buyTxId":"4f3c084bb1d4c3a95c217617810d9d8fff5db673","sellTxId":"d838a8e95131c4e5832929e2c37272f819acea1e"}
{"index": {"_index":"spt","_id":"4020165"}}
	{"id":4020165,"type":"buy","buyer":"dr3am03","seller":"imno","symbol":"SPT","quantity":"500.355602","price":"0.00199900","timestamp":1659126291,"volume":"1.00021085","buyTxId":"4f3c084bb1d4c3a95c217617810d9d8fff5db673","sellTxId":"42aaed5a8ec9a6e8c4d6e13defbe40e1527ea478"}
{"index": {"_index":"spt","_id":"4020215"}}
	{"id":4020215,"type":"sell","buyer":"pjansen","seller":"xjhoanxd","symbol":"SPT","quantity":"313.360844","price":"0.00180001","timestamp":1659126750,"volume":"0.56405265","buyTxId":"07365aa13c02c02c14abb533e9edd37b75bb9646","sellTxId":"2f0192d6ebdae3ae7fc15e1546fe50e875ac80a6"}
{"index": {"_index":"spt","_id":"4020218"}}
	{"id":4020218,"type":"sell","buyer":"pjansen","seller":"zakludick","symbol":"SPT","quantity":"1.100318","price":"0.00180001","timestamp":1659126798,"volume":"0.00198058","buyTxId":"fd1eb15c182082dffe7123f337f76dd6aabff6bf","sellTxId":"8d82c75b71e40f34d60e6986124aa102f579ad5b"}
{"index": {"_index":"spt","_id":"4020281"}}
	{"id":4020281,"type":"sell","buyer":"pjansen","seller":"miketr","symbol":"SPT","quantity":"153.131326","price":"0.00180001","timestamp":1659127512,"volume":"0.27563792","buyTxId":"3740eed0ca86f9c212e4096ed20e74edf3e9b93f","sellTxId":"daf5bf4e4948f71b0a513e7e2eee6538c13b331c"}
{"index": {"_index":"spt","_id":"4020573"}}
	{"id":4020573,"type":"sell","buyer":"onlydoge","seller":"libertygame27","symbol":"SPT","quantity":"5171.251478","price":"0.00181000","timestamp":1659131661,"volume":"9.35996518","buyTxId":"20ba3004133a67d47c5e63f18ab5f061d77d3b97","sellTxId":"b68ad1fa26ef8f397973e6489e575991557cf3ba"}
{"index": {"_index":"spt","_id":"4020585"}}
	{"id":4020585,"type":"sell","buyer":"onlydoge","seller":"bitcoinflood","symbol":"SPT","quantity":"72.748629","price":"0.00181000","timestamp":1659131778,"volume":"0.13167502","buyTxId":"20ba3004133a67d47c5e63f18ab5f061d77d3b97","sellTxId":"b770613be304661773434d09db462cd673f3aab3"}
{"index": {"_index":"spt","_id":"4020614"}}
	{"id":4020614,"type":"sell","buyer":"pjansen","seller":"dotwin1981","symbol":"SPT","quantity":"613.227786","price":"0.00181001","timestamp":1659132114,"volume":"1.10994842","buyTxId":"42b6a41cfdb33cbd268a6451c62295acbb914233","sellTxId":"30aab19a79e806a866f8e93bc37a6334fc384510"}
{"index": {"_index":"spt","_id":"4020693"}}
	{"id":4020693,"type":"sell","buyer":"pjansen","seller":"dubble","symbol":"SPT","quantity":"42.236634","price":"0.00181001","timestamp":1659133173,"volume":"0.07644873","buyTxId":"8a0067c47205ffe096a9c63256af62ebfcb10c86","sellTxId":"c7eda5dd21c916e0a420eb0494ac1d082f1c946f"}
{"index": {"_index":"spt","_id":"4021624"}}
	{"id":4021624,"type":"sell","buyer":"pjansen","seller":"themarkymark","symbol":"SPT","quantity":"6.729419","price":"0.00178009","timestamp":1659148500,"volume":"0.01197897","buyTxId":"ce33acebf8ccff0d4c1162f460f6382d8fef5ec0","sellTxId":"1b44234b34385dede80024b1191dbbc17cff1e19"}
