{"index": {"_index":"spt","_id":"3724806"}}
	{"id":3724806,"type":"sell","buyer":"multifurcate","seller":"shiftrox","symbol":"SPT","quantity":"1177.923634","price":"0.00233201","timestamp":1655607543,"volume":"2.74692969","buyTxId":"0d631a55527addedee59e1b060a8da473a654d51","sellTxId":"87788634210a07d85953ebb8ec5797a5134c91b0"}
{"index": {"_index":"spt","_id":"3725191"}}
	{"id":3725191,"type":"buy","buyer":"jongolson","seller":"onlydoge","symbol":"SPT","quantity":"1000.000000","price":"0.00251000","timestamp":1655614695,"volume":"2.51000000","buyTxId":"432e5858f6f4a7e05c680250f6f0b3126d768545","sellTxId":"33aa6ada635dd276ed8b3246150ef1a6b9e6ce81"}
{"index": {"_index":"spt","_id":"3725446"}}
	{"id":3725446,"type":"sell","buyer":"multifurcate","seller":"dubble","symbol":"SPT","quantity":"36.481779","price":"0.00233201","timestamp":1655619495,"volume":"0.08507587","buyTxId":"81f4de2a10922d03b1d2a28eddf086f57a30a743","sellTxId":"cb702aaa66fc2df106a5e6254eeaaddbc7c67a5f"}
{"index": {"_index":"spt","_id":"3725910"}}
	{"id":3725910,"type":"sell","buyer":"multifurcate","seller":"dswap","symbol":"SPT","quantity":"3.059926","price":"0.00233201","timestamp":1655625510,"volume":"0.00713578","buyTxId":"e3b14a7f02bb47485f62da74516b31a933fcfbb0","sellTxId":"cb3e2717d45de4855cf38adbbd96332ad436ea00"}
{"index": {"_index":"spt","_id":"3726317"}}
	{"id":3726317,"type":"sell","buyer":"multifurcate","seller":"socialmediaseo","symbol":"SPT","quantity":"18.406993","price":"0.00233201","timestamp":1655631396,"volume":"0.04292529","buyTxId":"e3b14a7f02bb47485f62da74516b31a933fcfbb0","sellTxId":"ef3905db5f5f7bb30d4b7eb1a75bd00aefcfd11c"}
{"index": {"_index":"spt","_id":"3726435"}}
	{"id":3726435,"type":"sell","buyer":"multifurcate","seller":"felipejoys","symbol":"SPT","quantity":"2406.216561","price":"0.00233201","timestamp":1655632746,"volume":"5.61132108","buyTxId":"e3b14a7f02bb47485f62da74516b31a933fcfbb0","sellTxId":"3a674d7e3ea691e815cdfd3b8574d64a434a0b92"}
{"index": {"_index":"spt","_id":"3726532"}}
	{"id":3726532,"type":"sell","buyer":"multifurcate","seller":"laritheghost","symbol":"SPT","quantity":"3.1231","price":"0.00233201","timestamp":1655633682,"volume":"0.00728310","buyTxId":"e3b14a7f02bb47485f62da74516b31a933fcfbb0","sellTxId":"80cc9cd7c9af0746b3e0cea7ab1f150289c1d036"}
{"index": {"_index":"spt","_id":"3726717"}}
	{"id":3726717,"type":"sell","buyer":"multifurcate","seller":"gadrian","symbol":"SPT","quantity":"51.068076","price":"0.00233201","timestamp":1655635740,"volume":"0.11909126","buyTxId":"e3b14a7f02bb47485f62da74516b31a933fcfbb0","sellTxId":"5a833779242c302771f36d565a60bc04e1543237"}
{"index": {"_index":"spt","_id":"3726923"}}
	{"id":3726923,"type":"sell","buyer":"multifurcate","seller":"mightyrocklee","symbol":"SPT","quantity":"784.002876","price":"0.00233201","timestamp":1655638458,"volume":"1.82830255","buyTxId":"e3b14a7f02bb47485f62da74516b31a933fcfbb0","sellTxId":"7f8fbfcc58f1dae821745f3d7128858d02296f81"}
{"index": {"_index":"spt","_id":"3727194"}}
	{"id":3727194,"type":"sell","buyer":"multifurcate","seller":"brofi-market","symbol":"SPT","quantity":"17.463215","price":"0.00233201","timestamp":1655640546,"volume":"0.04072439","buyTxId":"e3b14a7f02bb47485f62da74516b31a933fcfbb0","sellTxId":"c250a948a039be48894c1b3728ca8289bc74e9c5"}
{"index": {"_index":"spt","_id":"3727370"}}
	{"id":3727370,"type":"sell","buyer":"multifurcate","seller":"cryptofiloz","symbol":"SPT","quantity":"451.828539","price":"0.00233201","timestamp":1655642853,"volume":"1.05366867","buyTxId":"4661c4489abf63d72afc5374548598797f218ff6","sellTxId":"dbbeced3b853aeb35534a057f1ef83dc98964b71"}
{"index": {"_index":"spt","_id":"3727432"}}
	{"id":3727432,"type":"sell","buyer":"multifurcate","seller":"myfreebtc","symbol":"SPT","quantity":"2627.280057","price":"0.00233201","timestamp":1655643753,"volume":"6.12684337","buyTxId":"4661c4489abf63d72afc5374548598797f218ff6","sellTxId":"9ab3860064a2cfdc116903c0c2a4148041207d33"}
{"index": {"_index":"spt","_id":"3727503"}}
	{"id":3727503,"type":"sell","buyer":"multifurcate","seller":"jnn10","symbol":"SPT","quantity":"0.446989","price":"0.00233201","timestamp":1655644917,"volume":"0.00104238","buyTxId":"4661c4489abf63d72afc5374548598797f218ff6","sellTxId":"ce3bb44f0e5e6d3df9dc6542c9a446a383980ff7"}
{"index": {"_index":"spt","_id":"3727855"}}
	{"id":3727855,"type":"buy","buyer":"dbooster","seller":"saachi","symbol":"SPT","quantity":"200.000000","price":"0.00250000","timestamp":1655648880,"volume":"0.50000000","buyTxId":"da285f31ba4192cb4d2000e8bcfab481a934b854","sellTxId":"b4704ee2508da408b3221c518c98f9e49abaca81"}
{"index": {"_index":"spt","_id":"3727856"}}
	{"id":3727856,"type":"buy","buyer":"dbooster","seller":"onlydoge","symbol":"SPT","quantity":"300.000000","price":"0.00250000","timestamp":1655648880,"volume":"0.75000000","buyTxId":"da285f31ba4192cb4d2000e8bcfab481a934b854","sellTxId":"811e6e653c8414260dc0da6d245865a25bbb6f4c"}
{"index": {"_index":"spt","_id":"3728161"}}
	{"id":3728161,"type":"sell","buyer":"multifurcate","seller":"jnn10","symbol":"SPT","quantity":"0.068015","price":"0.00233201","timestamp":1655653047,"volume":"0.00015861","buyTxId":"4661c4489abf63d72afc5374548598797f218ff6","sellTxId":"fea77b379fe8f7165267b78da7eb73996d2fa807"}
{"index": {"_index":"spt","_id":"3728358"}}
	{"id":3728358,"type":"sell","buyer":"multifurcate","seller":"brofi-market","symbol":"SPT","quantity":"8.731625","price":"0.00233201","timestamp":1655654943,"volume":"0.02036224","buyTxId":"4661c4489abf63d72afc5374548598797f218ff6","sellTxId":"6005d32222e42b9ab5fe0a653b3ebd3718851a2a"}
{"index": {"_index":"spt","_id":"3728858"}}
	{"id":3728858,"type":"sell","buyer":"multifurcate","seller":"pynutbater","symbol":"SPT","quantity":"3495.390541","price":"0.00233201","timestamp":1655659359,"volume":"8.15128570","buyTxId":"4661c4489abf63d72afc5374548598797f218ff6","sellTxId":"ebab3b9945e595c3c9e12c5d751e31d583295239"}
{"index": {"_index":"spt","_id":"3728960"}}
	{"id":3728960,"type":"sell","buyer":"multifurcate","seller":"liuke96player","symbol":"SPT","quantity":"115.776603","price":"0.00233201","timestamp":1655660067,"volume":"0.26999220","buyTxId":"4661c4489abf63d72afc5374548598797f218ff6","sellTxId":"8be5628060465253a4f79f78a3b4cbdc733ef15b"}
{"index": {"_index":"spt","_id":"3728984"}}
	{"id":3728984,"type":"sell","buyer":"multifurcate","seller":"groentje","symbol":"SPT","quantity":"8188.470000","price":"0.00233201","timestamp":1655660475,"volume":"19.09559392","buyTxId":"4661c4489abf63d72afc5374548598797f218ff6","sellTxId":"b775e4c6dbfa29c1b5c729739216ce7c49f59545"}
{"index": {"_index":"spt","_id":"3729824"}}
	{"id":3729824,"type":"sell","buyer":"multifurcate","seller":"lordtimoty","symbol":"SPT","quantity":"2139.162820","price":"0.00233201","timestamp":1655669244,"volume":"4.98854909","buyTxId":"4661c4489abf63d72afc5374548598797f218ff6","sellTxId":"fb1004793c147322ebb3e4fee35772593052f73b"}
{"index": {"_index":"spt","_id":"3729828"}}
	{"id":3729828,"type":"sell","buyer":"multifurcate","seller":"brofi-market","symbol":"SPT","quantity":"4.365821","price":"0.00233201","timestamp":1655669343,"volume":"0.01018114","buyTxId":"4661c4489abf63d72afc5374548598797f218ff6","sellTxId":"c49492740948e189c674d691504c7c4328d60fb5"}
{"index": {"_index":"spt","_id":"3730060"}}
	{"id":3730060,"type":"sell","buyer":"multifurcate","seller":"splinterlandshq","symbol":"SPT","quantity":"893.328138","price":"0.00233201","timestamp":1655671404,"volume":"2.08325015","buyTxId":"4661c4489abf63d72afc5374548598797f218ff6","sellTxId":"8975f38613e97e260f6d4db169d7883349631e15"}
{"index": {"_index":"spt","_id":"3730347"}}
	{"id":3730347,"type":"buy","buyer":"pjansen","seller":"onlydoge","symbol":"SPT","quantity":"4081.673469","price":"0.00245000","timestamp":1655674428,"volume":"10.0001","buyTxId":"418c5b3c87720b2d195a231236270a0ecb6e6204","sellTxId":"d53deb38049476db8344ac16ee8d771a233cbec8"}
{"index": {"_index":"spt","_id":"3730365"}}
	{"id":3730365,"type":"buy","buyer":"pjansen","seller":"underlock","symbol":"SPT","quantity":"2680.386082","price":"0.00244979","timestamp":1655674554,"volume":"6.56638302","buyTxId":"07e2a00f6a8abfcf7473986c1f4528a60e4a71c9","sellTxId":"2a3c71cdf779296fd015b764d383c6de84dc483a"}
{"index": {"_index":"spt","_id":"3730366"}}
	{"id":3730366,"type":"buy","buyer":"pjansen","seller":"onlydoge","symbol":"SPT","quantity":"1401.517134","price":"0.00245000","timestamp":1655674554,"volume":"3.43371698","buyTxId":"07e2a00f6a8abfcf7473986c1f4528a60e4a71c9","sellTxId":"d53deb38049476db8344ac16ee8d771a233cbec8"}
{"index": {"_index":"spt","_id":"3730371"}}
	{"id":3730371,"type":"buy","buyer":"pjansen","seller":"onlydoge","symbol":"SPT","quantity":"1335.403037","price":"0.00245000","timestamp":1655674596,"volume":"3.27173744","buyTxId":"967d5e32844322673bab2737036d43fd7518197a","sellTxId":"d53deb38049476db8344ac16ee8d771a233cbec8"}
{"index": {"_index":"spt","_id":"3730372"}}
	{"id":3730372,"type":"buy","buyer":"pjansen","seller":"yameen","symbol":"SPT","quantity":"42.432139","price":"0.00246000","timestamp":1655674596,"volume":"0.10438306","buyTxId":"967d5e32844322673bab2737036d43fd7518197a","sellTxId":"d19cf10af9f583e27869c9923533bfbb3d6a6319"}
{"index": {"_index":"spt","_id":"3730373"}}
	{"id":3730373,"type":"buy","buyer":"pjansen","seller":"torviland","symbol":"SPT","quantity":"0.032082","price":"0.00247800","timestamp":1655674596,"volume":"0.00007950","buyTxId":"967d5e32844322673bab2737036d43fd7518197a","sellTxId":"68e20d9793dea9b893fd979fdc7d1a968582316e"}
{"index": {"_index":"spt","_id":"3730600"}}
	{"id":3730600,"type":"sell","buyer":"onlydoge","seller":"floki-skarsgaard","symbol":"SPT","quantity":"51.727213","price":"0.00234000","timestamp":1655678109,"volume":"0.12104168","buyTxId":"4b688327fd5fea33fa2bbcce4ab096cdceb399f1","sellTxId":"a3d820eaa481fe8052bf61e938cd24a867ed81f5"}
{"index": {"_index":"spt","_id":"3730826"}}
	{"id":3730826,"type":"sell","buyer":"onlydoge","seller":"kraaaaa","symbol":"SPT","quantity":"2107.549802","price":"0.00234000","timestamp":1655679654,"volume":"4.93166654","buyTxId":"4b688327fd5fea33fa2bbcce4ab096cdceb399f1","sellTxId":"29983a61605208e4d05c24450c56904a64ca7f0c"}
{"index": {"_index":"spt","_id":"3730859"}}
	{"id":3730859,"type":"buy","buyer":"fnvdesigns","seller":"torviland","symbol":"SPT","quantity":"164.736142","price":"0.00247800","timestamp":1655680227,"volume":"0.40821616","buyTxId":"0513c3c51ad8f41ccc3ad00494c633b2c0659bba","sellTxId":"68e20d9793dea9b893fd979fdc7d1a968582316e"}
{"index": {"_index":"spt","_id":"3730975"}}
	{"id":3730975,"type":"sell","buyer":"onlydoge","seller":"djynn","symbol":"SPT","quantity":"6418.962982","price":"0.00234000","timestamp":1655681061,"volume":"15.02037338","buyTxId":"4b688327fd5fea33fa2bbcce4ab096cdceb399f1","sellTxId":"12265d630ac4b1143fa3c71b3434209ad6aad3db"}
{"index": {"_index":"spt","_id":"3730984"}}
	{"id":3730984,"type":"sell","buyer":"onlydoge","seller":"mawit07","symbol":"SPT","quantity":"722.442905","price":"0.00234000","timestamp":1655681124,"volume":"1.69051640","buyTxId":"4b688327fd5fea33fa2bbcce4ab096cdceb399f1","sellTxId":"1045b756c5f284022415947794525bd17f42eb55"}
{"index": {"_index":"spt","_id":"3731042"}}
	{"id":3731042,"type":"sell","buyer":"onlydoge","seller":"alexandrzombi","symbol":"SPT","quantity":"0.468287","price":"0.00234000","timestamp":1655681463,"volume":"0.00109579","buyTxId":"4b688327fd5fea33fa2bbcce4ab096cdceb399f1","sellTxId":"82595f49d0c7ddaa6f50a232a69a5b8e148c95d2"}
{"index": {"_index":"spt","_id":"3731498"}}
	{"id":3731498,"type":"sell","buyer":"onlydoge","seller":"brofi-market","symbol":"SPT","quantity":"2.182915","price":"0.00234000","timestamp":1655683746,"volume":"0.00510802","buyTxId":"4b688327fd5fea33fa2bbcce4ab096cdceb399f1","sellTxId":"36279616030d8e49efb729518220ff88138cb3af"}
{"index": {"_index":"spt","_id":"3731623"}}
	{"id":3731623,"type":"buy","buyer":"pjansen","seller":"onlydoge","symbol":"SPT","quantity":"2159.277015","price":"0.00247000","timestamp":1655685372,"volume":"5.33341423","buyTxId":"7a5511a2ffb53995a1a428f88da699735e6ecddc","sellTxId":"551739e236174c276ff79770bc472ec39bb80ba2"}
{"index": {"_index":"spt","_id":"3731624"}}
	{"id":3731624,"type":"buy","buyer":"pjansen","seller":"brofi-market","symbol":"SPT","quantity":"2.182915","price":"0.00247000","timestamp":1655685372,"volume":"0.00539180","buyTxId":"7a5511a2ffb53995a1a428f88da699735e6ecddc","sellTxId":"e3e683490cee24b96ae50c3963c9277edb94464f"}
{"index": {"_index":"spt","_id":"3731625"}}
	{"id":3731625,"type":"buy","buyer":"pjansen","seller":"torviland","symbol":"SPT","quantity":"426.248860","price":"0.00247800","timestamp":1655685372,"volume":"1.05624468","buyTxId":"7a5511a2ffb53995a1a428f88da699735e6ecddc","sellTxId":"68e20d9793dea9b893fd979fdc7d1a968582316e"}
{"index": {"_index":"spt","_id":"3731626"}}
	{"id":3731626,"type":"buy","buyer":"pjansen","seller":"yameen","symbol":"SPT","quantity":"0.019795","price":"0.00249000","timestamp":1655685372,"volume":"0.00004929","buyTxId":"7a5511a2ffb53995a1a428f88da699735e6ecddc","sellTxId":"9749c37cc7f7556f6d5d7f3ab65f9f82b3e7990e"}
{"index": {"_index":"spt","_id":"3731641"}}
	{"id":3731641,"type":"sell","buyer":"onlydoge","seller":"ctrpch","symbol":"SPT","quantity":"111.000000","price":"0.00234000","timestamp":1655685480,"volume":"0.25974000","buyTxId":"4b688327fd5fea33fa2bbcce4ab096cdceb399f1","sellTxId":"cb30062d71ec0922a0fd9f5d00153ef3dd9da831"}
{"index": {"_index":"spt","_id":"3732029"}}
	{"id":3732029,"type":"sell","buyer":"multifurcate","seller":"liuke96player","symbol":"SPT","quantity":"114.322504","price":"0.00234100","timestamp":1655689017,"volume":"0.26762898","buyTxId":"4d8248053748f344703eb149d1b7b7759188ab93","sellTxId":"cd428d3b53a91f3c39273c24cc032e0d7f7d3ef5"}
{"index": {"_index":"spt","_id":"3732113"}}
	{"id":3732113,"type":"buy","buyer":"pjansen","seller":"yameen","symbol":"SPT","quantity":"103.968574","price":"0.00249000","timestamp":1655689887,"volume":"0.25888175","buyTxId":"e6a43636261780a3d61407c95a7ec78994af8ee1","sellTxId":"9749c37cc7f7556f6d5d7f3ab65f9f82b3e7990e"}
{"index": {"_index":"spt","_id":"3732114"}}
	{"id":3732114,"type":"buy","buyer":"pjansen","seller":"thranax","symbol":"SPT","quantity":"0.046924","price":"0.00251999","timestamp":1655689887,"volume":"0.00011825","buyTxId":"e6a43636261780a3d61407c95a7ec78994af8ee1","sellTxId":"6315627d63bff51fde3bf892cbc137d13b7a0ce3"}
{"index": {"_index":"spt","_id":"3732154"}}
	{"id":3732154,"type":"buy","buyer":"trinitylove","seller":"thranax","symbol":"SPT","quantity":"100.000000","price":"0.00251999","timestamp":1655690037,"volume":"0.25199900","buyTxId":"c9ec7bdd996dcadfd7fc63b462368d7d3c542da8","sellTxId":"6315627d63bff51fde3bf892cbc137d13b7a0ce3"}
{"index": {"_index":"spt","_id":"3732408"}}
	{"id":3732408,"type":"sell","buyer":"multifurcate","seller":"lipe100dedos","symbol":"SPT","quantity":"61.793948","price":"0.00234100","timestamp":1655690844,"volume":"0.14465963","buyTxId":"4d8248053748f344703eb149d1b7b7759188ab93","sellTxId":"651f001bfe74e0992af433293bac845de7b652d5"}
{"index": {"_index":"spt","_id":"3732417"}}
	{"id":3732417,"type":"sell","buyer":"multifurcate","seller":"splinter100dedos","symbol":"SPT","quantity":"24.944192","price":"0.00234100","timestamp":1655690871,"volume":"0.05839435","buyTxId":"4d8248053748f344703eb149d1b7b7759188ab93","sellTxId":"5c4d3c78c14797cd2f8917a9434a2a79e9772cd7"}
{"index": {"_index":"spt","_id":"3732434"}}
	{"id":3732434,"type":"sell","buyer":"multifurcate","seller":"sketchygamerguy","symbol":"SPT","quantity":"21.372400","price":"0.00234100","timestamp":1655691009,"volume":"0.05003279","buyTxId":"4d8248053748f344703eb149d1b7b7759188ab93","sellTxId":"b50ace5a686b87be7de5a0fde3bc52be8fb8237e"}
{"index": {"_index":"spt","_id":"3732658"}}
	{"id":3732658,"type":"sell","buyer":"multifurcate","seller":"titopx","symbol":"SPT","quantity":"211.229660","price":"0.00234100","timestamp":1655693424,"volume":"0.49448863","buyTxId":"4d8248053748f344703eb149d1b7b7759188ab93","sellTxId":"fbd5fb7704f763ff8b53a03796c28e3969268f15"}
{"index": {"_index":"spt","_id":"3732691"}}
	{"id":3732691,"type":"sell","buyer":"multifurcate","seller":"derfabs","symbol":"SPT","quantity":"7.88088","price":"0.00234100","timestamp":1655693823,"volume":"0.01844914","buyTxId":"4d8248053748f344703eb149d1b7b7759188ab93","sellTxId":"8a8bb92c77b217827eaff246d5a6c0e704f3c6fe"}
