{"index": {"_index":"spt","_id":"3116315"}}
	{"id":3116315,"type":"buy","buyer":"jongolson","seller":"kitsuki","symbol":"SPT","quantity":"220.000000","price":"0.00201495","timestamp":1648956063,"volume":"0.44328900","buyTxId":"60d16989c05f17cd56cc1c238e371994fe34086a","sellTxId":"bf05d4da16323778edb857e5c5373079b8334d23"}
{"index": {"_index":"spt","_id":"3116316"}}
	{"id":3116316,"type":"buy","buyer":"jongolson","seller":"bteim","symbol":"SPT","quantity":"22.942661","price":"0.00201500","timestamp":1648956063,"volume":"0.04622946","buyTxId":"60d16989c05f17cd56cc1c238e371994fe34086a","sellTxId":"89ac0d65e455287c15296665df6defb22bf642ed"}
{"index": {"_index":"spt","_id":"3116317"}}
	{"id":3116317,"type":"buy","buyer":"jongolson","seller":"laundrywoman","symbol":"SPT","quantity":"757.057339","price":"0.00201550","timestamp":1648956063,"volume":"1.52584907","buyTxId":"60d16989c05f17cd56cc1c238e371994fe34086a","sellTxId":"1f118129befc6b5859bda8a11e0355fcc11ec588"}
{"index": {"_index":"spt","_id":"3116763"}}
	{"id":3116763,"type":"sell","buyer":"groentje","seller":"leevermoon","symbol":"SPT","quantity":"120.000000","price":"0.00145000","timestamp":1648964529,"volume":"0.17400000","buyTxId":"98786e780891cc7497e5ab547435566b1210c3a3","sellTxId":"4d8afa941c6f336ec7aacc2633efc3eef54dfcc4"}
{"index": {"_index":"spt","_id":"3116764"}}
	{"id":3116764,"type":"sell","buyer":"multifurcate","seller":"leevermoon","symbol":"SPT","quantity":"473.302661","price":"0.00140411","timestamp":1648964529,"volume":"0.66456900","buyTxId":"b864b75356035f10e3335626db9f9bab86a69c4e","sellTxId":"4d8afa941c6f336ec7aacc2633efc3eef54dfcc4"}
{"index": {"_index":"spt","_id":"3116830"}}
	{"id":3116830,"type":"sell","buyer":"multifurcate","seller":"themarkymark","symbol":"SPT","quantity":"82.422412","price":"0.00140411","timestamp":1648965720,"volume":"0.11573013","buyTxId":"b864b75356035f10e3335626db9f9bab86a69c4e","sellTxId":"f484bf659c5866cdf8adb6cb62a50ea649038730"}
{"index": {"_index":"spt","_id":"3116874"}}
	{"id":3116874,"type":"sell","buyer":"multifurcate","seller":"chireerocks","symbol":"SPT","quantity":"82.500185","price":"0.00140411","timestamp":1648966308,"volume":"0.11583933","buyTxId":"b864b75356035f10e3335626db9f9bab86a69c4e","sellTxId":"7730dedf73bba58bdaa82fb64db04a732efbe8d2"}
{"index": {"_index":"spt","_id":"3116878"}}
	{"id":3116878,"type":"sell","buyer":"multifurcate","seller":"cynano","symbol":"SPT","quantity":"47.604857","price":"0.00140411","timestamp":1648966404,"volume":"0.06684246","buyTxId":"b864b75356035f10e3335626db9f9bab86a69c4e","sellTxId":"0e6d60d4f0782f342d0eef5fda511684764703ad"}
{"index": {"_index":"spt","_id":"3117325"}}
	{"id":3117325,"type":"sell","buyer":"multifurcate","seller":"brofi-market","symbol":"SPT","quantity":"0.428703","price":"0.00140411","timestamp":1648973421,"volume":"0.00060195","buyTxId":"b864b75356035f10e3335626db9f9bab86a69c4e","sellTxId":"dae82613fec72cfdf940b71c67befad865a511de"}
{"index": {"_index":"spt","_id":"3117741"}}
	{"id":3117741,"type":"buy","buyer":"danideuder","seller":"flipflopcrypto","symbol":"SPT","quantity":"0.001508","price":"0.00140583","timestamp":1648979886,"volume":"0.00000212","buyTxId":"d0e7442be5167123d082017e2f4a1ba350567439","sellTxId":"96711ffc59f04c5e66d3163fda259d4307e96a0d"}
{"index": {"_index":"spt","_id":"3117742"}}
	{"id":3117742,"type":"buy","buyer":"danideuder","seller":"brofi-market","symbol":"SPT","quantity":"0.428703","price":"0.00140583","timestamp":1648979886,"volume":"0.00060268","buyTxId":"d0e7442be5167123d082017e2f4a1ba350567439","sellTxId":"389a8cfc3a4245517763ddb32a12b53a1e893d4f"}
{"index": {"_index":"spt","_id":"3118262"}}
	{"id":3118262,"type":"sell","buyer":"danideuder","seller":"teknohippy","symbol":"SPT","quantity":"38.028098","price":"0.00150000","timestamp":1648988001,"volume":"0.05704215","buyTxId":"090a6b2867a929ed1c82811dab171808b45eeb6a","sellTxId":"337a16176227f548dedfd88de1b79177efb4c089"}
{"index": {"_index":"spt","_id":"3118299"}}
	{"id":3118299,"type":"sell","buyer":"danideuder","seller":"brofi-market","symbol":"SPT","quantity":"0.014825","price":"0.00150000","timestamp":1648988217,"volume":"0.00002224","buyTxId":"090a6b2867a929ed1c82811dab171808b45eeb6a","sellTxId":"14c77aec2e2dc648208cbd672cacdddca7bec517"}
{"index": {"_index":"spt","_id":"3118412"}}
	{"id":3118412,"type":"sell","buyer":"danideuder","seller":"dhedge-drips","symbol":"SPT","quantity":"0.035079","price":"0.00150000","timestamp":1648990011,"volume":"0.00005262","buyTxId":"090a6b2867a929ed1c82811dab171808b45eeb6a","sellTxId":"571fa9411155ba39741901d9a73e3e117f81fa02"}
{"index": {"_index":"spt","_id":"3118431"}}
	{"id":3118431,"type":"sell","buyer":"danideuder","seller":"criptosectadepit","symbol":"SPT","quantity":"47.209064","price":"0.00150000","timestamp":1648990140,"volume":"0.07081360","buyTxId":"090a6b2867a929ed1c82811dab171808b45eeb6a","sellTxId":"0033f014dd26b6766dbbbdd803aa1e34011a68aa"}
{"index": {"_index":"spt","_id":"3118507"}}
	{"id":3118507,"type":"buy","buyer":"panthera68","seller":"fighter58","symbol":"SPT","quantity":"1058.445449","price":"0.00155000","timestamp":1648991268,"volume":"1.64059045","buyTxId":"1ebb08d8fa13b0ab368b30d994aefc44df553a5e","sellTxId":"b1af369534c4f701c50622898d3df59bc26eade6"}
{"index": {"_index":"spt","_id":"3118508"}}
	{"id":3118508,"type":"buy","buyer":"panthera68","seller":"brofi-market","symbol":"SPT","quantity":"0.014825","price":"0.00155000","timestamp":1648991268,"volume":"0.00002298","buyTxId":"1ebb08d8fa13b0ab368b30d994aefc44df553a5e","sellTxId":"8c9edcf619ca57063b32b7b7b6a4d92834aea5ad"}
{"index": {"_index":"spt","_id":"3118509"}}
	{"id":3118509,"type":"buy","buyer":"panthera68","seller":"dhedge-drips","symbol":"SPT","quantity":"0.035079","price":"0.00155000","timestamp":1648991268,"volume":"0.00005437","buyTxId":"1ebb08d8fa13b0ab368b30d994aefc44df553a5e","sellTxId":"9f28c87d0d75bc9300a9f302b9951eaa9debe589"}
{"index": {"_index":"spt","_id":"3118523"}}
	{"id":3118523,"type":"sell","buyer":"panthera68","seller":"eythorphoto","symbol":"SPT","quantity":"0.176846","price":"0.00155000","timestamp":1648991445,"volume":"0.00027411","buyTxId":"1ebb08d8fa13b0ab368b30d994aefc44df553a5e","sellTxId":"abf094cf36e7aee2b6e65192cc740623a9ff351c"}
{"index": {"_index":"spt","_id":"3118610"}}
	{"id":3118610,"type":"sell","buyer":"panthera68","seller":"atbui89","symbol":"SPT","quantity":"11.139296","price":"0.00155000","timestamp":1648992921,"volume":"0.01726591","buyTxId":"1ebb08d8fa13b0ab368b30d994aefc44df553a5e","sellTxId":"7179342ac150f45926b51221ea65aa8aaf7f217a"}
{"index": {"_index":"spt","_id":"3118666"}}
	{"id":3118666,"type":"sell","buyer":"panthera68","seller":"burn-it-down","symbol":"SPT","quantity":"79.501213","price":"0.00155000","timestamp":1648994010,"volume":"0.12322688","buyTxId":"1ebb08d8fa13b0ab368b30d994aefc44df553a5e","sellTxId":"106a79c684857fd6803ed4f3328756bd442e0405"}
{"index": {"_index":"spt","_id":"3118681"}}
	{"id":3118681,"type":"sell","buyer":"panthera68","seller":"ehb545","symbol":"SPT","quantity":"123.162468","price":"0.00155000","timestamp":1648994460,"volume":"0.19090183","buyTxId":"1ebb08d8fa13b0ab368b30d994aefc44df553a5e","sellTxId":"4f85c960378f4cc87feb814b003bd559d458fe03"}
{"index": {"_index":"spt","_id":"3118691"}}
	{"id":3118691,"type":"sell","buyer":"panthera68","seller":"atbui89","symbol":"SPT","quantity":"6.002211","price":"0.00155000","timestamp":1648994562,"volume":"0.00930342","buyTxId":"1ebb08d8fa13b0ab368b30d994aefc44df553a5e","sellTxId":"b7a807f318a917c0b6ca41616cb073bbac89b870"}
{"index": {"_index":"spt","_id":"3118692"}}
	{"id":3118692,"type":"sell","buyer":"danideuder","seller":"atbui89","symbol":"SPT","quantity":"61.301119","price":"0.00150000","timestamp":1648994562,"volume":"0.09195168","buyTxId":"090a6b2867a929ed1c82811dab171808b45eeb6a","sellTxId":"b7a807f318a917c0b6ca41616cb073bbac89b870"}
{"index": {"_index":"spt","_id":"3118783"}}
	{"id":3118783,"type":"sell","buyer":"danideuder","seller":"nrg","symbol":"SPT","quantity":"66.374017","price":"0.00150000","timestamp":1648995564,"volume":"0.09956103","buyTxId":"090a6b2867a929ed1c82811dab171808b45eeb6a","sellTxId":"be8bcb60c2ac71330c69b1c42d91b6bf12a825c5-6"}
{"index": {"_index":"spt","_id":"3119106"}}
	{"id":3119106,"type":"sell","buyer":"danideuder","seller":"themightyvolcano","symbol":"SPT","quantity":"232.037798","price":"0.00150000","timestamp":1648999797,"volume":"0.34805669","buyTxId":"090a6b2867a929ed1c82811dab171808b45eeb6a","sellTxId":"b351a7af4effbc2e1018fa78d6b4f1af8dbae0f3"}
{"index": {"_index":"spt","_id":"3119107"}}
	{"id":3119107,"type":"sell","buyer":"thewycher","seller":"themightyvolcano","symbol":"SPT","quantity":"1000.000000","price":"0.00140513","timestamp":1648999797,"volume":"1.40513000","buyTxId":"119ac7bf9084558d624cbf83b21f5979c63d4061","sellTxId":"b351a7af4effbc2e1018fa78d6b4f1af8dbae0f3"}
{"index": {"_index":"spt","_id":"3119108"}}
	{"id":3119108,"type":"sell","buyer":"thewycher","seller":"themightyvolcano","symbol":"SPT","quantity":"1000.000000","price":"0.00140513","timestamp":1648999797,"volume":"1.40513000","buyTxId":"102233c34c4041af36f3abae27c8260c330021f6","sellTxId":"b351a7af4effbc2e1018fa78d6b4f1af8dbae0f3"}
{"index": {"_index":"spt","_id":"3119109"}}
	{"id":3119109,"type":"sell","buyer":"thewycher","seller":"themightyvolcano","symbol":"SPT","quantity":"514.654765","price":"0.00140513","timestamp":1648999797,"volume":"0.72315685","buyTxId":"52c7277eb455b245be0a69d447dc2ae7319ac9a4","sellTxId":"b351a7af4effbc2e1018fa78d6b4f1af8dbae0f3"}
{"index": {"_index":"spt","_id":"3119110"}}
	{"id":3119110,"type":"sell","buyer":"multifurcate","seller":"themightyvolcano","symbol":"SPT","quantity":"29253.307437","price":"0.00140411","timestamp":1648999797,"volume":"41.07486151","buyTxId":"d22a2311dcb5c9987aff07bded3a54c6e84050c9","sellTxId":"b351a7af4effbc2e1018fa78d6b4f1af8dbae0f3"}
{"index": {"_index":"spt","_id":"3119162"}}
	{"id":3119162,"type":"buy","buyer":"hive-180580","seller":"abcor","symbol":"SPT","quantity":"11.999565","price":"0.00190000","timestamp":1649000493,"volume":"0.02279917","buyTxId":"54af2e4803d3edf29ca113e2f43c1bcb56e1752d","sellTxId":"14df7ec2f4cb513380d58a65143d986026f07ca0"}
{"index": {"_index":"spt","_id":"3119317"}}
	{"id":3119317,"type":"sell","buyer":"rzc24-nftbbg","seller":"brofi-market","symbol":"SPT","quantity":"0.464706","price":"0.00140500","timestamp":1649002452,"volume":"0.00065291","buyTxId":"f8f770da0cde271d6f725595ce9a4d0552fe70c3","sellTxId":"1f41c3d4a50b9f00405106f286eb637815fd4ac8"}
{"index": {"_index":"spt","_id":"3119458"}}
	{"id":3119458,"type":"buy","buyer":"zaddyboy","seller":"abcor","symbol":"SPT","quantity":"1090.443500","price":"0.00190000","timestamp":1649004228,"volume":"2.07184265","buyTxId":"830a83a343107979fc44976b46c8ef512c0e3c3b","sellTxId":"14df7ec2f4cb513380d58a65143d986026f07ca0"}
{"index": {"_index":"spt","_id":"3119459"}}
	{"id":3119459,"type":"buy","buyer":"zaddyboy","seller":"brofi-market","symbol":"SPT","quantity":"0.464706","price":"0.00190000","timestamp":1649004228,"volume":"0.00088294","buyTxId":"830a83a343107979fc44976b46c8ef512c0e3c3b","sellTxId":"83142908e7ce2b2fba4cf1b2615c40feeda8ea3a"}
{"index": {"_index":"spt","_id":"3119634"}}
	{"id":3119634,"type":"sell","buyer":"nastyforce","seller":"pewsplosions","symbol":"SPT","quantity":"134.542117","price":"0.00140510","timestamp":1649005491,"volume":"0.18904513","buyTxId":"082fec4e98d2e4906629de4ef121548488d74ab8","sellTxId":"478bea4e365ada90460d732524e257535ed1a2d5"}
{"index": {"_index":"spt","_id":"3119672"}}
	{"id":3119672,"type":"sell","buyer":"nastyforce","seller":"cryptojiang","symbol":"SPT","quantity":"50.000000","price":"0.00140510","timestamp":1649005824,"volume":"0.07025500","buyTxId":"082fec4e98d2e4906629de4ef121548488d74ab8","sellTxId":"0a7551a64ea890b75183be092b43446ba4fcaddc"}
{"index": {"_index":"spt","_id":"3120181"}}
	{"id":3120181,"type":"sell","buyer":"nastyforce","seller":"happy0107","symbol":"SPT","quantity":"65.457883","price":"0.00140510","timestamp":1649010132,"volume":"0.09197487","buyTxId":"082fec4e98d2e4906629de4ef121548488d74ab8","sellTxId":"0e4c2cb6ae8f036bf5a2220b94d43c4dbd316300"}
{"index": {"_index":"spt","_id":"3120182"}}
	{"id":3120182,"type":"sell","buyer":"thewycher","seller":"happy0107","symbol":"SPT","quantity":"1000.000000","price":"0.00140510","timestamp":1649010132,"volume":"1.40510000","buyTxId":"cdaab1243d3e5a86116a7cdd3f78bf721304fde5","sellTxId":"0e4c2cb6ae8f036bf5a2220b94d43c4dbd316300"}
{"index": {"_index":"spt","_id":"3120183"}}
	{"id":3120183,"type":"sell","buyer":"thewycher","seller":"happy0107","symbol":"SPT","quantity":"1000.000000","price":"0.00140510","timestamp":1649010132,"volume":"1.40510000","buyTxId":"3aafe388847042078c7772eac4e30cb6583798eb","sellTxId":"0e4c2cb6ae8f036bf5a2220b94d43c4dbd316300"}
{"index": {"_index":"spt","_id":"3120184"}}
	{"id":3120184,"type":"sell","buyer":"thewycher","seller":"happy0107","symbol":"SPT","quantity":"1000.000000","price":"0.00140510","timestamp":1649010132,"volume":"1.40510000","buyTxId":"e5556a53b061467fc184751d69bf893be01ff384","sellTxId":"0e4c2cb6ae8f036bf5a2220b94d43c4dbd316300"}
{"index": {"_index":"spt","_id":"3120185"}}
	{"id":3120185,"type":"sell","buyer":"thewycher","seller":"happy0107","symbol":"SPT","quantity":"310.528546","price":"0.00140510","timestamp":1649010132,"volume":"0.43632366","buyTxId":"fff8f445a0d570d5cc79c6f61d4c1e65eea82b51","sellTxId":"0e4c2cb6ae8f036bf5a2220b94d43c4dbd316300"}
{"index": {"_index":"spt","_id":"3120186"}}
	{"id":3120186,"type":"sell","buyer":"rzc24-nftbbg","seller":"happy0107","symbol":"SPT","quantity":"999.535294","price":"0.00140500","timestamp":1649010132,"volume":"1.40434709","buyTxId":"f8f770da0cde271d6f725595ce9a4d0552fe70c3","sellTxId":"0e4c2cb6ae8f036bf5a2220b94d43c4dbd316300"}
{"index": {"_index":"spt","_id":"3120187"}}
	{"id":3120187,"type":"sell","buyer":"multifurcate","seller":"happy0107","symbol":"SPT","quantity":"14681.375885","price":"0.00140411","timestamp":1649010132,"volume":"20.61426669","buyTxId":"d22a2311dcb5c9987aff07bded3a54c6e84050c9","sellTxId":"0e4c2cb6ae8f036bf5a2220b94d43c4dbd316300"}
{"index": {"_index":"spt","_id":"3120348"}}
	{"id":3120348,"type":"sell","buyer":"multifurcate","seller":"dhedge-drips","symbol":"SPT","quantity":"0.034011","price":"0.00140411","timestamp":1649011593,"volume":"0.00004776","buyTxId":"d22a2311dcb5c9987aff07bded3a54c6e84050c9","sellTxId":"93a43c58f86a4bc27975f7a44664708c3aa1a9dc"}
{"index": {"_index":"spt","_id":"3120424"}}
	{"id":3120424,"type":"sell","buyer":"multifurcate","seller":"yoyorara","symbol":"SPT","quantity":"5.169267","price":"0.00140411","timestamp":1649012490,"volume":"0.00725822","buyTxId":"d22a2311dcb5c9987aff07bded3a54c6e84050c9","sellTxId":"98b452652b449703ba55f8ec9d1282d12981880a"}
{"index": {"_index":"spt","_id":"3120626"}}
	{"id":3120626,"type":"sell","buyer":"multifurcate","seller":"reppilc","symbol":"SPT","quantity":"2600.433677","price":"0.00140411","timestamp":1649014083,"volume":"3.65129493","buyTxId":"d22a2311dcb5c9987aff07bded3a54c6e84050c9","sellTxId":"de74a3ba3acb979a71b302d90014ed3a3405ef8a"}
{"index": {"_index":"spt","_id":"3120666"}}
	{"id":3120666,"type":"buy","buyer":"happy0107","seller":"yameen","symbol":"SPT","quantity":"28.326795","price":"0.00199000","timestamp":1649014479,"volume":"0.05637032","buyTxId":"01ebde8a01c13b033db12249de856131a4b32d07","sellTxId":"022f92836766bebc134500d22c3e703c254286d3"}
{"index": {"_index":"spt","_id":"3120667"}}
	{"id":3120667,"type":"buy","buyer":"happy0107","seller":"dhedge-drips","symbol":"SPT","quantity":"0.034011","price":"0.00199000","timestamp":1649014479,"volume":"0.00006768","buyTxId":"01ebde8a01c13b033db12249de856131a4b32d07","sellTxId":"ed04d5ce9e4ee5ef2cd0726d9031ff62ca00a995"}
{"index": {"_index":"spt","_id":"3120668"}}
	{"id":3120668,"type":"buy","buyer":"happy0107","seller":"catomoon","symbol":"SPT","quantity":"1.452780","price":"0.00200000","timestamp":1649014479,"volume":"0.00290556","buyTxId":"01ebde8a01c13b033db12249de856131a4b32d07","sellTxId":"746541fce2525824f9230e03677dd1fac578be73"}
{"index": {"_index":"spt","_id":"3120669"}}
	{"id":3120669,"type":"buy","buyer":"happy0107","seller":"laundrywoman","symbol":"SPT","quantity":"13128.539772","price":"0.00200140","timestamp":1649014479,"volume":"26.27545950","buyTxId":"01ebde8a01c13b033db12249de856131a4b32d07","sellTxId":"f6607dd89ca992031ea8b110b5d8785bf3cc6ce5"}
{"index": {"_index":"spt","_id":"3120685"}}
	{"id":3120685,"type":"sell","buyer":"multifurcate","seller":"happy0107","symbol":"SPT","quantity":"13158.353358","price":"0.00140411","timestamp":1649014647,"volume":"18.47577553","buyTxId":"d22a2311dcb5c9987aff07bded3a54c6e84050c9","sellTxId":"7cb0644c4629ad4780bff65615d37345a746d6a5"}
{"index": {"_index":"spt","_id":"3120805"}}
	{"id":3120805,"type":"buy","buyer":"hive-180580","seller":"laundrywoman","symbol":"SPT","quantity":"290.000000","price":"0.00200140","timestamp":1649015673,"volume":"0.58040600","buyTxId":"cfcbfc76ec4853f85cfa8a257a38e0b7590051c4","sellTxId":"f6607dd89ca992031ea8b110b5d8785bf3cc6ce5"}
{"index": {"_index":"spt","_id":"3120903"}}
	{"id":3120903,"type":"sell","buyer":"kitsuki","seller":"brofi-market","symbol":"SPT","quantity":"0.633140","price":"0.00140515","timestamp":1649016651,"volume":"0.00088966","buyTxId":"69fd98cce454af0fc303cfd4ed51e392599b924b","sellTxId":"7ab2de2ad3e54ca45063bfca27965c8c1b5f5b6e"}
{"index": {"_index":"spt","_id":"3121255"}}
	{"id":3121255,"type":"sell","buyer":"kitsuki","seller":"nrg","symbol":"SPT","quantity":"957.497067","price":"0.00140515","timestamp":1649020731,"volume":"1.34542700","buyTxId":"69fd98cce454af0fc303cfd4ed51e392599b924b","sellTxId":"fe625545ce68375a2b9289b7efbfeebbeba7727b-9"}
{"index": {"_index":"spt","_id":"3121495"}}
	{"id":3121495,"type":"sell","buyer":"multifurcate","seller":"he-index","symbol":"SPT","quantity":"0.030000","price":"0.00150100","timestamp":1649023446,"volume":"0.00004503","buyTxId":"85a71cac77953f001e0f842af282f58bb0cf4671","sellTxId":"4422808f74244984a26668a283e940dd4f1e51ed"}
{"index": {"_index":"spt","_id":"3122042"}}
	{"id":3122042,"type":"sell","buyer":"thewycher","seller":"eturnerx","symbol":"SPT","quantity":"0.512","price":"0.00150301","timestamp":1649030748,"volume":"0.00076954","buyTxId":"47e94c34bd60e286b8d49a5d19c0bf2bd24da6c5","sellTxId":"3d77452b61c92d736268fec3bf2eb9bfdad6f0d6"}
{"index": {"_index":"spt","_id":"3122076"}}
	{"id":3122076,"type":"sell","buyer":"thewycher","seller":"brofi-market","symbol":"SPT","quantity":"3.497435","price":"0.00150301","timestamp":1649031195,"volume":"0.00525668","buyTxId":"47e94c34bd60e286b8d49a5d19c0bf2bd24da6c5","sellTxId":"f5c5b49f96da1c446c09114d0c8c58bf42225926"}
{"index": {"_index":"spt","_id":"3122164"}}
	{"id":3122164,"type":"sell","buyer":"thewycher","seller":"luckbound","symbol":"SPT","quantity":"26.551456","price":"0.00150301","timestamp":1649032119,"volume":"0.03990710","buyTxId":"47e94c34bd60e286b8d49a5d19c0bf2bd24da6c5","sellTxId":"d06897e0bed21dedaa07676b0b1ba531436c74b9"}
{"index": {"_index":"spt","_id":"3122244"}}
	{"id":3122244,"type":"sell","buyer":"thewycher","seller":"dhedge-drips","symbol":"SPT","quantity":"0.395217","price":"0.00150301","timestamp":1649033175,"volume":"0.00059402","buyTxId":"47e94c34bd60e286b8d49a5d19c0bf2bd24da6c5","sellTxId":"22feec6910fbbe5dd5da08f6d92bbf744b3945fd"}
{"index": {"_index":"spt","_id":"3122527"}}
	{"id":3122527,"type":"buy","buyer":"jongolson","seller":"kitsuki","symbol":"SPT","quantity":"287.000000","price":"0.00200134","timestamp":1649036769,"volume":"0.57438458","buyTxId":"bd358d5eea4d3d0926a81a5bbc842209e63464e3","sellTxId":"41e0446180eaadefba7b3497c1c6711b449fe420"}
{"index": {"_index":"spt","_id":"3122528"}}
	{"id":3122528,"type":"buy","buyer":"jongolson","seller":"brofi-market","symbol":"SPT","quantity":"3.497435","price":"0.00200134","timestamp":1649036769,"volume":"0.00699956","buyTxId":"bd358d5eea4d3d0926a81a5bbc842209e63464e3","sellTxId":"2cadb8f7af5fdff95ad21d1fce616c5359093cc3"}
{"index": {"_index":"spt","_id":"3122529"}}
	{"id":3122529,"type":"buy","buyer":"jongolson","seller":"dhedge-drips","symbol":"SPT","quantity":"0.395217","price":"0.00200134","timestamp":1649036769,"volume":"0.00079096","buyTxId":"bd358d5eea4d3d0926a81a5bbc842209e63464e3","sellTxId":"38a75de41e8e2f88ee73b201f4a4298a54fd5d76"}
{"index": {"_index":"spt","_id":"3122530"}}
	{"id":3122530,"type":"buy","buyer":"jongolson","seller":"laundrywoman","symbol":"SPT","quantity":"709.107348","price":"0.00200140","timestamp":1649036769,"volume":"1.41920745","buyTxId":"bd358d5eea4d3d0926a81a5bbc842209e63464e3","sellTxId":"f6607dd89ca992031ea8b110b5d8785bf3cc6ce5"}
{"index": {"_index":"spt","_id":"3122705"}}
	{"id":3122705,"type":"sell","buyer":"kitsuki","seller":"bronko","symbol":"SPT","quantity":"9.294198","price":"0.00150303","timestamp":1649039679,"volume":"0.01396946","buyTxId":"51e3b41a0c242c04b54ba33b68585882300bb277","sellTxId":"7fc148397da0a0150feb3f47008d9b80c29751c4"}
