{"index": {"_index":"spt","_id":"2426395"}}
	{"id":2426395,"type":"sell","buyer":"signumpizza","seller":"eforucom","symbol":"SPT","quantity":"56.461126","price":"0.00252000","timestamp":1640917950,"volume":"0.14228204","buyTxId":"226d8cb4113c61e2a22969b117bf9d4b951e2de6","sellTxId":"e26e5485270a78aa37d07e31388f3978adc01733"}
{"index": {"_index":"spt","_id":"2426548"}}
	{"id":2426548,"type":"buy","buyer":"druidsblood","seller":"dbroze","symbol":"SPT","quantity":"493.270002","price":"0.00300000","timestamp":1640919762,"volume":"1.47981001","buyTxId":"8eb40d99d6f6d018cd66328593583b180c453c1f","sellTxId":"b7ecf0676abbb1fb614b44b873afcd986d569c1c"}
{"index": {"_index":"spt","_id":"2426549"}}
	{"id":2426549,"type":"buy","buyer":"druidsblood","seller":"brofi-market","symbol":"SPT","quantity":"0.556306","price":"0.00300000","timestamp":1640919762,"volume":"0.00166892","buyTxId":"8eb40d99d6f6d018cd66328593583b180c453c1f","sellTxId":"55fca2785d2aee57a18f2a5341ff41d20f437db8"}
{"index": {"_index":"spt","_id":"2426550"}}
	{"id":2426550,"type":"buy","buyer":"druidsblood","seller":"rosiew","symbol":"SPT","quantity":"10506.173692","price":"0.00300000","timestamp":1640919762,"volume":"31.51852107","buyTxId":"8eb40d99d6f6d018cd66328593583b180c453c1f","sellTxId":"09d2e24133c93d85d55c9638921c4ff5897243c0"}
{"index": {"_index":"spt","_id":"2426574"}}
	{"id":2426574,"type":"buy","buyer":"druidsblood","seller":"rosiew","symbol":"SPT","quantity":"5000.000000","price":"0.00300000","timestamp":1640919903,"volume":"15.00000000","buyTxId":"378114780d37502c40171c49e597efdc4a84773a","sellTxId":"09d2e24133c93d85d55c9638921c4ff5897243c0"}
{"index": {"_index":"spt","_id":"2426964"}}
	{"id":2426964,"type":"sell","buyer":"granddaddies","seller":"brofi-market","symbol":"SPT","quantity":"0.614514","price":"0.00251001","timestamp":1640923977,"volume":"0.00154244","buyTxId":"729b957bb68be5f35260eeed7ef50065c7632a96","sellTxId":"373bf877f3fac7cbf02bfc2b09f5ac59a4657b75"}
{"index": {"_index":"spt","_id":"2427040"}}
	{"id":2427040,"type":"sell","buyer":"granddaddies","seller":"lionsuit","symbol":"SPT","quantity":"0.004000","price":"0.00251001","timestamp":1640925039,"volume":"0.00001004","buyTxId":"729b957bb68be5f35260eeed7ef50065c7632a96","sellTxId":"cc134c6c82a8df9e7c4fff99db084627a9a151d9"}
{"index": {"_index":"spt","_id":"2427152"}}
	{"id":2427152,"type":"sell","buyer":"granddaddies","seller":"he-index","symbol":"SPT","quantity":"0.025000","price":"0.00251001","timestamp":1640926941,"volume":"0.00006275","buyTxId":"729b957bb68be5f35260eeed7ef50065c7632a96","sellTxId":"e50d243dc38f0e2612ae2e7b3a6057c204866a36"}
{"index": {"_index":"spt","_id":"2427159"}}
	{"id":2427159,"type":"buy","buyer":"emibemi","seller":"laundrywoman","symbol":"SPT","quantity":"20000.000000","price":"0.00288999","timestamp":1640927004,"volume":"57.79980000","buyTxId":"b7fa484903b6b0df22ed7d4835585af4215c80a5","sellTxId":"24d66c188cd28b2184745dd4f4522bda527f250f"}
{"index": {"_index":"spt","_id":"2427371"}}
	{"id":2427371,"type":"sell","buyer":"granddaddies","seller":"failingforwards","symbol":"SPT","quantity":"923.720202","price":"0.00251001","timestamp":1640930151,"volume":"2.31854694","buyTxId":"347aea2144c63bf976e2d437fc569e95cbfb3f72","sellTxId":"2f58c86747f1540cc210f06321917dc81fa6b065"}
{"index": {"_index":"spt","_id":"2427498"}}
	{"id":2427498,"type":"sell","buyer":"granddaddies","seller":"giftgiver","symbol":"SPT","quantity":"60.351067","price":"0.00251001","timestamp":1640931099,"volume":"0.15148178","buyTxId":"347aea2144c63bf976e2d437fc569e95cbfb3f72","sellTxId":"129ff6fd3607ba196728162876cd879f6379d61f"}
{"index": {"_index":"spt","_id":"2427565"}}
	{"id":2427565,"type":"sell","buyer":"granddaddies","seller":"chekohler","symbol":"SPT","quantity":"0.206559","price":"0.00251001","timestamp":1640931555,"volume":"0.00051847","buyTxId":"347aea2144c63bf976e2d437fc569e95cbfb3f72","sellTxId":"277d9b4b432c9a5176e1f78e6f16e2864e832233"}
{"index": {"_index":"spt","_id":"2427750"}}
	{"id":2427750,"type":"sell","buyer":"granddaddies","seller":"dhedge-drips","symbol":"SPT","quantity":"0.057611","price":"0.00251001","timestamp":1640933151,"volume":"0.00014460","buyTxId":"347aea2144c63bf976e2d437fc569e95cbfb3f72","sellTxId":"77fd3a487f4dbe0caaaf63706a5bda7244cc3a35"}
{"index": {"_index":"spt","_id":"2427774"}}
	{"id":2427774,"type":"buy","buyer":"joesetsfire","seller":"brofi-market","symbol":"SPT","quantity":"0.614514","price":"0.00288999","timestamp":1640933286,"volume":"0.00177594","buyTxId":"908143e0b34c906430d92047341b9ed9e950a3a9","sellTxId":"c4e004ce36c707b4dad878858b8addaf8e98f873"}
{"index": {"_index":"spt","_id":"2427775"}}
	{"id":2427775,"type":"buy","buyer":"joesetsfire","seller":"dhedge-drips","symbol":"SPT","quantity":"0.057611","price":"0.00288999","timestamp":1640933286,"volume":"0.00016650","buyTxId":"908143e0b34c906430d92047341b9ed9e950a3a9","sellTxId":"029e9df7e2a18234ffcffa822c50983d748b1e01"}
{"index": {"_index":"spt","_id":"2428060"}}
	{"id":2428060,"type":"sell","buyer":"joesetsfire","seller":"master-lamps","symbol":"SPT","quantity":"1.893000","price":"0.00288999","timestamp":1640936847,"volume":"0.00547075","buyTxId":"908143e0b34c906430d92047341b9ed9e950a3a9","sellTxId":"aabb74cdf33a1256bc89a13bcb83b2506fb99616"}
{"index": {"_index":"spt","_id":"2428078"}}
	{"id":2428078,"type":"sell","buyer":"joesetsfire","seller":"laundrywoman","symbol":"SPT","quantity":"64.928987","price":"0.00288999","timestamp":1640936961,"volume":"0.18764412","buyTxId":"908143e0b34c906430d92047341b9ed9e950a3a9","sellTxId":"f47c8a2b481345690a26632a439b7039f5f5fac8"}
{"index": {"_index":"spt","_id":"2428112"}}
	{"id":2428112,"type":"sell","buyer":"granddaddies","seller":"dswap","symbol":"SPT","quantity":"2516","price":"0.00251001","timestamp":1640937258,"volume":"6.31518516","buyTxId":"347aea2144c63bf976e2d437fc569e95cbfb3f72","sellTxId":"26fb56245e6d7f4561b09a71aa901a20db84832f"}
{"index": {"_index":"spt","_id":"2428250"}}
	{"id":2428250,"type":"sell","buyer":"granddaddies","seller":"brofi-market","symbol":"SPT","quantity":"0.329928","price":"0.00251001","timestamp":1640938347,"volume":"0.00082812","buyTxId":"347aea2144c63bf976e2d437fc569e95cbfb3f72","sellTxId":"3aa001628eb1a68350de1cd1408cad785bac6792"}
{"index": {"_index":"spt","_id":"2428293"}}
	{"id":2428293,"type":"sell","buyer":"granddaddies","seller":"sohngottes","symbol":"SPT","quantity":"73.448183","price":"0.00251001","timestamp":1640938767,"volume":"0.18435567","buyTxId":"347aea2144c63bf976e2d437fc569e95cbfb3f72","sellTxId":"f8c67cb34217132909eb686f294bb1f188bb2577"}
{"index": {"_index":"spt","_id":"2428496"}}
	{"id":2428496,"type":"sell","buyer":"granddaddies","seller":"shrazi","symbol":"SPT","quantity":"139.000000","price":"0.00251001","timestamp":1640940915,"volume":"0.34889139","buyTxId":"347aea2144c63bf976e2d437fc569e95cbfb3f72","sellTxId":"bdfde9c16f799ec285ad037072303f2ac93e30ea"}
{"index": {"_index":"spt","_id":"2428501"}}
	{"id":2428501,"type":"sell","buyer":"granddaddies","seller":"shrazi","symbol":"SPT","quantity":"300.000000","price":"0.00251001","timestamp":1640940954,"volume":"0.75300300","buyTxId":"347aea2144c63bf976e2d437fc569e95cbfb3f72","sellTxId":"07c40d292fbb46547b935a9bf7124f9c02f6218f"}
{"index": {"_index":"spt","_id":"2428567"}}
	{"id":2428567,"type":"sell","buyer":"granddaddies","seller":"shrazi","symbol":"SPT","quantity":"300.000000","price":"0.00251001","timestamp":1640941395,"volume":"0.75300300","buyTxId":"347aea2144c63bf976e2d437fc569e95cbfb3f72","sellTxId":"a81df9c9eb64820a51fdc2d0b6ab2addf2cf1371"}
{"index": {"_index":"spt","_id":"2428659"}}
	{"id":2428659,"type":"sell","buyer":"granddaddies","seller":"tzoky","symbol":"SPT","quantity":"1000.000000","price":"0.00251001","timestamp":1640942361,"volume":"2.51001000","buyTxId":"347aea2144c63bf976e2d437fc569e95cbfb3f72","sellTxId":"550f066be394b257b0fd410a577ad18996a22222"}
{"index": {"_index":"spt","_id":"2429328"}}
	{"id":2429328,"type":"sell","buyer":"granddaddies","seller":"achim03","symbol":"SPT","quantity":"3241.000000","price":"0.00206051","timestamp":1640949882,"volume":"6.67811291","buyTxId":"df170d9266fc1145558e45232d6253ea9f2c1759","sellTxId":"89fde7415fd83f524303aa9e80032de2def1d8a9"}
{"index": {"_index":"spt","_id":"2429363"}}
	{"id":2429363,"type":"sell","buyer":"granddaddies","seller":"baxterboii","symbol":"SPT","quantity":"0.687449","price":"0.00206051","timestamp":1640950158,"volume":"0.00141650","buyTxId":"df170d9266fc1145558e45232d6253ea9f2c1759","sellTxId":"e5b8b791fc5c430fb3427cf39967582c76cb5db2"}
{"index": {"_index":"spt","_id":"2429549"}}
	{"id":2429549,"type":"sell","buyer":"granddaddies","seller":"eforucom","symbol":"SPT","quantity":"25.567436","price":"0.00206051","timestamp":1640952201,"volume":"0.05268196","buyTxId":"df170d9266fc1145558e45232d6253ea9f2c1759","sellTxId":"74df6ae7763c6781766b13d1efc190770498ab78"}
{"index": {"_index":"spt","_id":"2429613"}}
	{"id":2429613,"type":"sell","buyer":"granddaddies","seller":"brofi-market","symbol":"SPT","quantity":"0.147483","price":"0.00206051","timestamp":1640952864,"volume":"0.00030389","buyTxId":"df170d9266fc1145558e45232d6253ea9f2c1759","sellTxId":"2a9396b378bedd76949ca81a6ec2afb7273b1bb8"}
{"index": {"_index":"spt","_id":"2429643"}}
	{"id":2429643,"type":"sell","buyer":"granddaddies","seller":"m0rph","symbol":"SPT","quantity":"192.956330","price":"0.00206051","timestamp":1640953179,"volume":"0.39758845","buyTxId":"df170d9266fc1145558e45232d6253ea9f2c1759","sellTxId":"c8f9c5cfcc7b567e0b1d451aa6330b763a1599d3"}
{"index": {"_index":"spt","_id":"2429736"}}
	{"id":2429736,"type":"sell","buyer":"granddaddies","seller":"chekohler","symbol":"SPT","quantity":"0.145489","price":"0.00206051","timestamp":1640953854,"volume":"0.00029978","buyTxId":"df170d9266fc1145558e45232d6253ea9f2c1759","sellTxId":"8958f76a180f7b6337a202ec4fb78f862aaf97d9"}
{"index": {"_index":"spt","_id":"2429823"}}
	{"id":2429823,"type":"sell","buyer":"granddaddies","seller":"dhedge-drips","symbol":"SPT","quantity":"0.044757","price":"0.00206051","timestamp":1640954757,"volume":"0.00009222","buyTxId":"df170d9266fc1145558e45232d6253ea9f2c1759","sellTxId":"6137f46de04319a841f3a507467b60342017026f"}
{"index": {"_index":"spt","_id":"2430894"}}
	{"id":2430894,"type":"sell","buyer":"granddaddies","seller":"kasaisoul","symbol":"SPT","quantity":"11.353260","price":"0.00206511","timestamp":1640964852,"volume":"0.02344573","buyTxId":"481520874e3fc3290a4d201a96e6ac76c1157e40","sellTxId":"83f80f00a885fd9732c32a6352c9ee4df6bb24b9"}
{"index": {"_index":"spt","_id":"2431053"}}
	{"id":2431053,"type":"sell","buyer":"granddaddies","seller":"sharminmim","symbol":"SPT","quantity":"9503.096899","price":"0.00210001","timestamp":1640966355,"volume":"19.95659852","buyTxId":"8bbc7be1a3adf4aa9e792b6e17c4fbfeb7356c6b","sellTxId":"5006bd145b7ff91ea3b29d9372f011f114dbf73f"}
{"index": {"_index":"spt","_id":"2431323"}}
	{"id":2431323,"type":"buy","buyer":"captainquack22","seller":"brofi-market","symbol":"SPT","quantity":"0.329928","price":"0.00288999","timestamp":1640966895,"volume":"0.00095349","buyTxId":"1419d532754458308a4b337267c079785c155281","sellTxId":"ff5b9525e48b0badc86299f430a0625ddcc87fc3"}
{"index": {"_index":"spt","_id":"2431324"}}
	{"id":2431324,"type":"buy","buyer":"captainquack22","seller":"brofi-market","symbol":"SPT","quantity":"0.147483","price":"0.00288999","timestamp":1640966895,"volume":"0.00042622","buyTxId":"1419d532754458308a4b337267c079785c155281","sellTxId":"ca80a8c0aa2d96449ba8b0c652243913df3e3432"}
{"index": {"_index":"spt","_id":"2431325"}}
	{"id":2431325,"type":"buy","buyer":"captainquack22","seller":"dhedge-drips","symbol":"SPT","quantity":"0.044757","price":"0.00288999","timestamp":1640966895,"volume":"0.00012935","buyTxId":"1419d532754458308a4b337267c079785c155281","sellTxId":"fa843925fdf1036608ae7b982ac8068e96e2e673"}
{"index": {"_index":"spt","_id":"2431326"}}
	{"id":2431326,"type":"buy","buyer":"captainquack22","seller":"underlock","symbol":"SPT","quantity":"637.644131","price":"0.00289000","timestamp":1640966895,"volume":"1.84279154","buyTxId":"1419d532754458308a4b337267c079785c155281","sellTxId":"5e3f983360741f8ad1742dab331d028f613525ca"}
{"index": {"_index":"spt","_id":"2431328"}}
	{"id":2431328,"type":"sell","buyer":"granddaddies","seller":"kennysgaminglife","symbol":"SPT","quantity":"245.103749","price":"0.00210001","timestamp":1640966925,"volume":"0.51472032","buyTxId":"8bbc7be1a3adf4aa9e792b6e17c4fbfeb7356c6b","sellTxId":"dc7c1105df983ffd888845fd3ce4605b6bf90428"}
{"index": {"_index":"spt","_id":"2431358"}}
	{"id":2431358,"type":"sell","buyer":"granddaddies","seller":"brofi-market","symbol":"SPT","quantity":"0.554329","price":"0.00210001","timestamp":1640967117,"volume":"0.00116410","buyTxId":"8bbc7be1a3adf4aa9e792b6e17c4fbfeb7356c6b","sellTxId":"f1e85242abc4aea7e9c83525fd65db2c5385a7f8"}
{"index": {"_index":"spt","_id":"2431378"}}
	{"id":2431378,"type":"sell","buyer":"granddaddies","seller":"kennysgaminglife","symbol":"SPT","quantity":"11525.187559","price":"0.00210001","timestamp":1640967186,"volume":"24.20300913","buyTxId":"8bbc7be1a3adf4aa9e792b6e17c4fbfeb7356c6b","sellTxId":"a86c0e155ba2f6e0df4936ec23d9bcec2d7ed827"}
{"index": {"_index":"spt","_id":"2431547"}}
	{"id":2431547,"type":"sell","buyer":"granddaddies","seller":"nrg","symbol":"SPT","quantity":"1205.346635","price":"0.00210001","timestamp":1640968797,"volume":"2.53123999","buyTxId":"8bbc7be1a3adf4aa9e792b6e17c4fbfeb7356c6b","sellTxId":"1dac818c0efd0f5b83af08a1993c45e964586e99-7"}
{"index": {"_index":"spt","_id":"2432181"}}
	{"id":2432181,"type":"sell","buyer":"granddaddies","seller":"kennysgaminglife","symbol":"SPT","quantity":"1275.861527","price":"0.00210001","timestamp":1640973300,"volume":"2.67932197","buyTxId":"8bbc7be1a3adf4aa9e792b6e17c4fbfeb7356c6b","sellTxId":"82804b572c82769f1e6bba740e359ca67ecd2e0f"}
{"index": {"_index":"spt","_id":"2432182"}}
	{"id":2432182,"type":"buy","buyer":"jongolson","seller":"underlock","symbol":"SPT","quantity":"1000.000000","price":"0.00289000","timestamp":1640973312,"volume":"2.89000000","buyTxId":"343b6e64164554db9f840688454c40ec21594e28","sellTxId":"5e3f983360741f8ad1742dab331d028f613525ca"}
{"index": {"_index":"spt","_id":"2432223"}}
	{"id":2432223,"type":"buy","buyer":"samarek69","seller":"underlock","symbol":"SPT","quantity":"0.193700","price":"0.00289000","timestamp":1640973726,"volume":"0.00055979","buyTxId":"a4eeba63cb7c13a014e84f45b768f22f1606ca1b","sellTxId":"5e3f983360741f8ad1742dab331d028f613525ca"}
{"index": {"_index":"spt","_id":"2432327"}}
	{"id":2432327,"type":"sell","buyer":"granddaddies","seller":"ashikstd","symbol":"SPT","quantity":"2456.146709","price":"0.00210001","timestamp":1640974971,"volume":"5.15793265","buyTxId":"8bbc7be1a3adf4aa9e792b6e17c4fbfeb7356c6b","sellTxId":"7387facf79d30a4795bec9b2fc9c05406df19890"}
{"index": {"_index":"spt","_id":"2432463"}}
	{"id":2432463,"type":"sell","buyer":"granddaddies","seller":"dhedge-drips","symbol":"SPT","quantity":"0.046501","price":"0.00210001","timestamp":1640976336,"volume":"0.00009765","buyTxId":"8bbc7be1a3adf4aa9e792b6e17c4fbfeb7356c6b","sellTxId":"162530173d8970ae0e38ef993097713fa94a3893"}
{"index": {"_index":"spt","_id":"2432522"}}
	{"id":2432522,"type":"buy","buyer":"torran","seller":"mango-juice","symbol":"SPT","quantity":"108.187627","price":"0.00280000","timestamp":1640977068,"volume":"0.30292536","buyTxId":"923c8a3e29cc9880fa98f5c031b141319ac53030","sellTxId":"74188a87ecbdfff046db99b0147d19ab6d7a040e"}
{"index": {"_index":"spt","_id":"2432523"}}
	{"id":2432523,"type":"buy","buyer":"torran","seller":"dhedge-drips","symbol":"SPT","quantity":"0.046501","price":"0.00280000","timestamp":1640977068,"volume":"0.00013020","buyTxId":"923c8a3e29cc9880fa98f5c031b141319ac53030","sellTxId":"463e52f24172a5be53273b482462d97b8acbc9cf"}
{"index": {"_index":"spt","_id":"2432524"}}
	{"id":2432524,"type":"buy","buyer":"torran","seller":"underlock","symbol":"SPT","quantity":"891.765872","price":"0.00289000","timestamp":1640977068,"volume":"2.57720337","buyTxId":"923c8a3e29cc9880fa98f5c031b141319ac53030","sellTxId":"5e3f983360741f8ad1742dab331d028f613525ca"}
{"index": {"_index":"spt","_id":"2432548"}}
	{"id":2432548,"type":"sell","buyer":"granddaddies","seller":"carlosro","symbol":"SPT","quantity":"4975.300000","price":"0.00270001","timestamp":1640977362,"volume":"13.43335975","buyTxId":"049f82ef730847d66bedc99990b871d40cd40c2d","sellTxId":"6b456baa98bbdb7c48da83e03abfc45fbc358277"}
{"index": {"_index":"spt","_id":"2432749"}}
	{"id":2432749,"type":"sell","buyer":"granddaddies","seller":"sharkthelion","symbol":"SPT","quantity":"407.209891","price":"0.00270001","timestamp":1640979255,"volume":"1.09947078","buyTxId":"049f82ef730847d66bedc99990b871d40cd40c2d","sellTxId":"6d310ac2f1240af29299bc776d49d8d84f6597a9"}
{"index": {"_index":"spt","_id":"2432854"}}
	{"id":2432854,"type":"sell","buyer":"granddaddies","seller":"kennysgaminglife","symbol":"SPT","quantity":"34.518465","price":"0.00270101","timestamp":1640980137,"volume":"0.09323472","buyTxId":"19e2c3afb62f6ad5785c6b24f1d7b65b3fd021dc","sellTxId":"e6b732e3af1c6d0a7bc181cc2ffcff3f17b772f2"}
{"index": {"_index":"spt","_id":"2432983"}}
	{"id":2432983,"type":"sell","buyer":"torran","seller":"brofi-market","symbol":"SPT","quantity":"0.437350","price":"0.00276000","timestamp":1640981472,"volume":"0.00120709","buyTxId":"6f3af43c06f901951c07e05c6eb9d85e9b50aa2f","sellTxId":"06e25c224f1bf597c5c2899e14346b42d18b21ef"}
{"index": {"_index":"spt","_id":"2433192"}}
	{"id":2433192,"type":"sell","buyer":"torran","seller":"evernoticethat","symbol":"SPT","quantity":"100.000000","price":"0.00281000","timestamp":1640983587,"volume":"0.28100000","buyTxId":"6357ba3c2e59f0c461b7dc15cc78093c2ab451a1","sellTxId":"a10a053fdadae308d966c32fe491c1e8dd28778d"}
{"index": {"_index":"spt","_id":"2433195"}}
	{"id":2433195,"type":"sell","buyer":"granddaddies","seller":"evernoticethat","symbol":"SPT","quantity":"5424.862950","price":"0.00279001","timestamp":1640983647,"volume":"15.13542188","buyTxId":"e497863a5af507e87b378436d2f7564ca4bef19b","sellTxId":"83fd380471798f6cf1155483d8d8995cac1cf636"}
{"index": {"_index":"spt","_id":"2433383"}}
	{"id":2433383,"type":"sell","buyer":"torran","seller":"sharkthelion","symbol":"SPT","quantity":"100.000000","price":"0.00280000","timestamp":1640985642,"volume":"0.28000000","buyTxId":"c9158d00e91e4ef8ac789030ca53524e35ddfb26","sellTxId":"414b32952869d0daea7b31491aa41d5b043d5b53"}
{"index": {"_index":"spt","_id":"2433534"}}
	{"id":2433534,"type":"sell","buyer":"granddaddies","seller":"manclar","symbol":"SPT","quantity":"400","price":"0.00278001","timestamp":1640988645,"volume":"1.11200400","buyTxId":"fcbe7279e7691b12171ed973ce010752c8847ca2","sellTxId":"3c219beb8f0c4c6061e26efd9864bc8e1cfc0b49"}
{"index": {"_index":"spt","_id":"2433573"}}
	{"id":2433573,"type":"buy","buyer":"cemd","seller":"underlock","symbol":"SPT","quantity":"7470.396297","price":"0.00289000","timestamp":1640989053,"volume":"21.58944530","buyTxId":"ab886661874e9d6d6a82060bf073d350f65ba42e","sellTxId":"5e3f983360741f8ad1742dab331d028f613525ca"}
{"index": {"_index":"spt","_id":"2433574"}}
	{"id":2433574,"type":"buy","buyer":"cemd","seller":"mxringo","symbol":"SPT","quantity":"345.674366","price":"0.00289000","timestamp":1640989053,"volume":"0.99899892","buyTxId":"ab886661874e9d6d6a82060bf073d350f65ba42e","sellTxId":"d02213e7d2d02c8edcfa76e7b6bdc69c479d7d69"}
{"index": {"_index":"spt","_id":"2433575"}}
	{"id":2433575,"type":"buy","buyer":"cemd","seller":"brofi-market","symbol":"SPT","quantity":"0.554329","price":"0.00289000","timestamp":1640989053,"volume":"0.00160201","buyTxId":"ab886661874e9d6d6a82060bf073d350f65ba42e","sellTxId":"fd320e5a43c77fb25c6005ec01867d920edf7ab7"}
{"index": {"_index":"spt","_id":"2433576"}}
	{"id":2433576,"type":"buy","buyer":"cemd","seller":"brofi-market","symbol":"SPT","quantity":"0.437350","price":"0.00289000","timestamp":1640989053,"volume":"0.00126394","buyTxId":"ab886661874e9d6d6a82060bf073d350f65ba42e","sellTxId":"d7f6910e2ea579a4b23334d9c562a36eeb35b811"}
{"index": {"_index":"spt","_id":"2433586"}}
	{"id":2433586,"type":"sell","buyer":"cemd","seller":"chireerocks","symbol":"SPT","quantity":"656.226220","price":"0.00289000","timestamp":1640989230,"volume":"1.89649378","buyTxId":"ab886661874e9d6d6a82060bf073d350f65ba42e","sellTxId":"9603de5be4ed84a742c042efce55cbbe10cd5164"}
{"index": {"_index":"spt","_id":"2433624"}}
	{"id":2433624,"type":"buy","buyer":"ccoin","seller":"kakakk","symbol":"SPT","quantity":"45.230000","price":"0.00290000","timestamp":1640989794,"volume":"0.13116700","buyTxId":"fa9d3fa887926f010498c5d99f78d85c2751f1b3","sellTxId":"a3ff05d8c4448ed1f1c12ae0fc6c1198b9badaee"}
{"index": {"_index":"spt","_id":"2433678"}}
	{"id":2433678,"type":"sell","buyer":"cemd","seller":"manclar","symbol":"SPT","quantity":"459.793619","price":"0.00289000","timestamp":1640990595,"volume":"1.32880356","buyTxId":"ab886661874e9d6d6a82060bf073d350f65ba42e","sellTxId":"de83c05a45ead607dc5deedb1e03e3a415da380f"}
{"index": {"_index":"spt","_id":"2433774"}}
	{"id":2433774,"type":"sell","buyer":"cemd","seller":"cursephantom","symbol":"SPT","quantity":"0.305576","price":"0.00289000","timestamp":1640992158,"volume":"0.00088311","buyTxId":"ab886661874e9d6d6a82060bf073d350f65ba42e","sellTxId":"8344ab92a67b5ac4f9f560fedb39e1ae78daa6dc"}
{"index": {"_index":"spt","_id":"2433824"}}
	{"id":2433824,"type":"buy","buyer":"cholg","seller":"kakakk","symbol":"SPT","quantity":"50.000000","price":"0.00290000","timestamp":1640992923,"volume":"0.14500000","buyTxId":"37207bf5ec532a2e4ad2eef269e1706ed726a00f","sellTxId":"a3ff05d8c4448ed1f1c12ae0fc6c1198b9badaee"}
{"index": {"_index":"spt","_id":"2433953"}}
	{"id":2433953,"type":"sell","buyer":"cemd","seller":"jesusbds","symbol":"SPT","quantity":"1066.612243","price":"0.00289000","timestamp":1640995080,"volume":"3.08250938","buyTxId":"ab886661874e9d6d6a82060bf073d350f65ba42e","sellTxId":"0325970782cb8936008081d9cacdcff058069db2"}
{"index": {"_index":"spt","_id":"2433954"}}
	{"id":2433954,"type":"sell","buyer":"granddaddies","seller":"jesusbds","symbol":"SPT","quantity":"2421.947717","price":"0.00278001","timestamp":1640995080,"volume":"6.73303887","buyTxId":"fcbe7279e7691b12171ed973ce010752c8847ca2","sellTxId":"0325970782cb8936008081d9cacdcff058069db2"}
{"index": {"_index":"spt","_id":"2433957"}}
	{"id":2433957,"type":"buy","buyer":"bcarolan639","seller":"laundrywoman","symbol":"SPT","quantity":"6896.575505","price":"0.00289999","timestamp":1640995101,"volume":"20","buyTxId":"4963954337a57661c3c4ca5f4e29062c50f89e8e","sellTxId":"0d9668490581ea32f8db8613060f46e996ec1798"}
{"index": {"_index":"spt","_id":"2434021"}}
	{"id":2434021,"type":"sell","buyer":"granddaddies","seller":"brofi-market","symbol":"SPT","quantity":"4.162809","price":"0.00278001","timestamp":1640996085,"volume":"0.01157265","buyTxId":"fcbe7279e7691b12171ed973ce010752c8847ca2","sellTxId":"3eb2bec54fbde0184ec6e3c584f21ef31fcad2cd"}
{"index": {"_index":"spt","_id":"2434034"}}
	{"id":2434034,"type":"buy","buyer":"thewycher","seller":"kakakk","symbol":"SPT","quantity":"11.724137","price":"0.00290000","timestamp":1640996184,"volume":"0.034","buyTxId":"0fa868ff980ea71667d6c4a0935327848ceea5bc","sellTxId":"a3ff05d8c4448ed1f1c12ae0fc6c1198b9badaee"}
{"index": {"_index":"spt","_id":"2434041"}}
	{"id":2434041,"type":"sell","buyer":"granddaddies","seller":"eturnerx","symbol":"SPT","quantity":"0.518","price":"0.00278001","timestamp":1640996208,"volume":"0.00144005","buyTxId":"fcbe7279e7691b12171ed973ce010752c8847ca2","sellTxId":"d4d745f7a23fa70fac927c722bbfe936f437ccf7"}
{"index": {"_index":"spt","_id":"2434181"}}
	{"id":2434181,"type":"sell","buyer":"granddaddies","seller":"dhedge-drips","symbol":"SPT","quantity":"0.431264","price":"0.00278001","timestamp":1640997966,"volume":"0.00119892","buyTxId":"fcbe7279e7691b12171ed973ce010752c8847ca2","sellTxId":"b952e5ad76e75c18208f16b21b25d2dc387f3d5a"}
{"index": {"_index":"spt","_id":"2434483"}}
	{"id":2434483,"type":"sell","buyer":"he-index","seller":"xabi","symbol":"SPT","quantity":"73.021000","price":"0.00278001","timestamp":1641002298,"volume":"0.20299911","buyTxId":"3ec10dc499c356f1ec67631503f507fe4af99fb2","sellTxId":"0643d84a3b1d126fca85a7ef3d89e207523f165e"}
{"index": {"_index":"spt","_id":"2434508"}}
	{"id":2434508,"type":"sell","buyer":"granddaddies","seller":"xabi","symbol":"SPT","quantity":"50.000000","price":"0.00235001","timestamp":1641002799,"volume":"0.11750050","buyTxId":"e66402bf4f5df5989446e5c45110264e0c5fb48b","sellTxId":"25eb1fd24a75809aa9fdf00d54b3c4261370adb0"}
