{"index": {"_index":"spt","_id":"1859388"}}
	{"id":1859388,"type":"buy","buyer":"hiveexplorers","seller":"muzehan","symbol":"SPT","quantity":"350.111000","price":"0.01100000","timestamp":1635826056,"volume":"3.85122100","buyTxId":"8d210baefd73e42dc2cd9bd3e0ab57ea74ab1368","sellTxId":"000545f15fb508080c3aa4b4f31acf1b7dfbcb6f"}
{"index": {"_index":"spt","_id":"1859389"}}
	{"id":1859389,"type":"buy","buyer":"hiveexplorers","seller":"eirik","symbol":"SPT","quantity":"800.000000","price":"0.01100000","timestamp":1635826056,"volume":"8.80000000","buyTxId":"8d210baefd73e42dc2cd9bd3e0ab57ea74ab1368","sellTxId":"508496f3d22ba1d083b83538285a89bab5ba7ae7"}
{"index": {"_index":"spt","_id":"1859390"}}
	{"id":1859390,"type":"buy","buyer":"hiveexplorers","seller":"liuzg","symbol":"SPT","quantity":"3000.000000","price":"0.01100000","timestamp":1635826056,"volume":"33.00000000","buyTxId":"8d210baefd73e42dc2cd9bd3e0ab57ea74ab1368","sellTxId":"282abb2dacf75327d6be9e83d30747249e8bd948"}
{"index": {"_index":"spt","_id":"1859391"}}
	{"id":1859391,"type":"buy","buyer":"hiveexplorers","seller":"akumagai","symbol":"SPT","quantity":"3.828235","price":"0.01100000","timestamp":1635826056,"volume":"0.04211059","buyTxId":"8d210baefd73e42dc2cd9bd3e0ab57ea74ab1368","sellTxId":"98653cb4943940a3315c153334761d8ecdc8b7a9"}
{"index": {"_index":"spt","_id":"1859392"}}
	{"id":1859392,"type":"buy","buyer":"hiveexplorers","seller":"solovey6o2","symbol":"SPT","quantity":"685.649636","price":"0.01169997","timestamp":1635826056,"volume":"8.02208017","buyTxId":"8d210baefd73e42dc2cd9bd3e0ab57ea74ab1368","sellTxId":"e59f575cdd9eeb0c056af637ff515d628499461d"}
{"index": {"_index":"spt","_id":"1859393"}}
	{"id":1859393,"type":"buy","buyer":"hiveexplorers","seller":"mawit07","symbol":"SPT","quantity":"0.997254","price":"0.01170000","timestamp":1635826056,"volume":"0.01166787","buyTxId":"8d210baefd73e42dc2cd9bd3e0ab57ea74ab1368","sellTxId":"152bcc3689928c155f8d1663aa7276968dea9fc9"}
{"index": {"_index":"spt","_id":"1859394"}}
	{"id":1859394,"type":"sell","buyer":"hiveexplorers","seller":"laundrywoman","symbol":"SPT","quantity":"270159.413875","price":"0.01170000","timestamp":1635826074,"volume":"3160.86514234","buyTxId":"8d210baefd73e42dc2cd9bd3e0ab57ea74ab1368","sellTxId":"6a3d7c3eb35f1659512954e728dd149d38fb2d12"}
{"index": {"_index":"spt","_id":"1859419"}}
	{"id":1859419,"type":"sell","buyer":"granddaddies","seller":"brofi-market","symbol":"SPT","quantity":"0.599209","price":"0.00952005","timestamp":1635826323,"volume":"0.00570450","buyTxId":"c9e04e4aa151629bdb9c70d43a257eb405fdfd70","sellTxId":"b272e21bfde2d2b29844ab1ca2db6fc927fb3479"}
{"index": {"_index":"spt","_id":"1859471"}}
	{"id":1859471,"type":"buy","buyer":"evernoticethat","seller":"laundrywoman","symbol":"SPT","quantity":"177.677849","price":"0.01170099","timestamp":1635826902,"volume":"2.07900673","buyTxId":"15a4eede55092c04b50c1836c67e2a31b7cabf06","sellTxId":"a713c6319b8c03236f22a64e912d02b1dcfcb17c"}
{"index": {"_index":"spt","_id":"1859537"}}
	{"id":1859537,"type":"sell","buyer":"solovey6o2","seller":"aleczazam","symbol":"SPT","quantity":"1200.000000","price":"0.00952011","timestamp":1635827820,"volume":"11.42413200","buyTxId":"da13fa1b9c63f425d9ea15161adc7cd2e51379e2","sellTxId":"aa9b26c9d4407ba77f67d39b330610923de81914"}
{"index": {"_index":"spt","_id":"1859580"}}
	{"id":1859580,"type":"buy","buyer":"lerkfrend","seller":"laundrywoman","symbol":"SPT","quantity":"600.803863","price":"0.01170099","timestamp":1635828456,"volume":"7.03","buyTxId":"ab515622e0bc09ec0034064fa2db5a59d0112ecb","sellTxId":"a713c6319b8c03236f22a64e912d02b1dcfcb17c"}
{"index": {"_index":"spt","_id":"1859597"}}
	{"id":1859597,"type":"sell","buyer":"pi-trader","seller":"aleczazam","symbol":"SPT","quantity":"5800.000000","price":"0.00952030","timestamp":1635828672,"volume":"55.21774000","buyTxId":"83d6123633e5c12c20e56bf3f0c605e364666128-3","sellTxId":"feaedd522ea3ad5a611641595b5c81301aaf3027"}
{"index": {"_index":"spt","_id":"1859624"}}
	{"id":1859624,"type":"sell","buyer":"pi-trader","seller":"saachi","symbol":"SPT","quantity":"2000.000000","price":"0.00952039","timestamp":1635829002,"volume":"19.04078000","buyTxId":"1aa37b14858f8a6f7d947d1d0b938177153f275e-4","sellTxId":"a8ff06698013c828a3eef3405b5f3fbd19d586ce"}
{"index": {"_index":"spt","_id":"1859625"}}
	{"id":1859625,"type":"sell","buyer":"pi-trader","seller":"xawi","symbol":"SPT","quantity":"1087.353568","price":"0.00952039","timestamp":1635829005,"volume":"10.35203004","buyTxId":"1aa37b14858f8a6f7d947d1d0b938177153f275e-4","sellTxId":"1d007861f7ba37d170e207d79694d06d9073ecd4"}
{"index": {"_index":"spt","_id":"1859635"}}
	{"id":1859635,"type":"buy","buyer":"takeru255","seller":"laundrywoman","symbol":"SPT","quantity":"941.518288","price":"0.01170099","timestamp":1635829233,"volume":"11.01669607","buyTxId":"fb6ab8f33eab803d7b44d67e5ee8fd75f2d03508","sellTxId":"a713c6319b8c03236f22a64e912d02b1dcfcb17c"}
{"index": {"_index":"spt","_id":"1859636"}}
	{"id":1859636,"type":"buy","buyer":"takeru255","seller":"brofi-market","symbol":"SPT","quantity":"0.599209","price":"0.01170099","timestamp":1635829233,"volume":"0.00701134","buyTxId":"fb6ab8f33eab803d7b44d67e5ee8fd75f2d03508","sellTxId":"dae3e62bb93ff31246c2873fcdc2441ed22cc50e"}
{"index": {"_index":"spt","_id":"1859637"}}
	{"id":1859637,"type":"buy","buyer":"takeru255","seller":"limka","symbol":"SPT","quantity":"965.511695","price":"0.01170100","timestamp":1635829233,"volume":"11.29745234","buyTxId":"fb6ab8f33eab803d7b44d67e5ee8fd75f2d03508","sellTxId":"7de01169f9f35c4004b21842ede79a6d2ed90ce3"}
{"index": {"_index":"spt","_id":"1859641"}}
	{"id":1859641,"type":"sell","buyer":"takeru255","seller":"sralim","symbol":"SPT","quantity":"92.370808","price":"0.01171000","timestamp":1635829260,"volume":"1.08166216","buyTxId":"fb6ab8f33eab803d7b44d67e5ee8fd75f2d03508","sellTxId":"c740f499029d97f2063d67d1912b2ebae77c544f"}
{"index": {"_index":"spt","_id":"1859684"}}
	{"id":1859684,"type":"sell","buyer":"solovey6o2","seller":"chekohler","symbol":"SPT","quantity":"0.130200","price":"0.00952022","timestamp":1635829926,"volume":"0.00123953","buyTxId":"1bd0a97274c9c014d0883f5b16c32785bda9373b","sellTxId":"f88edc6e757ccda8f8195181068a7cd340514928"}
{"index": {"_index":"spt","_id":"1859703"}}
	{"id":1859703,"type":"buy","buyer":"almightymelon","seller":"solovey6o2","symbol":"SPT","quantity":"1200.130200","price":"0.01169994","timestamp":1635830148,"volume":"14.04145133","buyTxId":"9be030e3b9b5bac978e9447c02c937bf572b0682","sellTxId":"b5cd9bafd6625fda4698a962e29b66a0ac4f1d6e"}
{"index": {"_index":"spt","_id":"1859704"}}
	{"id":1859704,"type":"buy","buyer":"almightymelon","seller":"laundrywoman","symbol":"SPT","quantity":"158.850856","price":"0.01169996","timestamp":1635830148,"volume":"1.85854867","buyTxId":"9be030e3b9b5bac978e9447c02c937bf572b0682","sellTxId":"aa1b2bd2e833c972114aac88cfba4044bb8ad1e9"}
{"index": {"_index":"spt","_id":"1859728"}}
	{"id":1859728,"type":"sell","buyer":"pi-trader","seller":"mercurial9","symbol":"SPT","quantity":"1286.433885","price":"0.00952035","timestamp":1635830589,"volume":"12.24730084","buyTxId":"08a9286fef36000ded6ecbe7922a6f9cfe0d6065-1","sellTxId":"2ed03e76ea225f975e88ee7a869ca44823cc9e48"}
{"index": {"_index":"spt","_id":"1860021"}}
	{"id":1860021,"type":"buy","buyer":"samarek69","seller":"muzehan","symbol":"SPT","quantity":"21.229550","price":"0.01100000","timestamp":1635834483,"volume":"0.23352505","buyTxId":"6e64a9a2ef124879e6f266d34ef61ed352354034","sellTxId":"c696c8d41921fc90666b507865c54dab90a9ac40"}
{"index": {"_index":"spt","_id":"1860029"}}
	{"id":1860029,"type":"sell","buyer":"solovey6o2","seller":"iceman23","symbol":"SPT","quantity":"1.205354","price":"0.00970142","timestamp":1635834531,"volume":"0.01169365","buyTxId":"f9ba3422745bc19956b8ac32d260cdd25090f573","sellTxId":"808f9ee92cfe8c490ad87457a22bf120767a730a"}
{"index": {"_index":"spt","_id":"1860106"}}
	{"id":1860106,"type":"sell","buyer":"pi-trader","seller":"dhedge-drips","symbol":"SPT","quantity":"0.056175","price":"0.00999022","timestamp":1635835557,"volume":"0.00056120","buyTxId":"4e2781819d2aa80e1e6be0f2d198e82dda23fd18-1","sellTxId":"8c086ab5075c08764e140d848684511bdbed8ff5"}
{"index": {"_index":"spt","_id":"1860210"}}
	{"id":1860210,"type":"sell","buyer":"granddaddies","seller":"dswap","symbol":"SPT","quantity":"0.544744","price":"0.00999010","timestamp":1635836772,"volume":"0.00544205","buyTxId":"82084049e0227f3b64f05bd72a7b487269b8b3a9","sellTxId":"cf951ffacd3c382210589b6b433327ae3e305ded"}
{"index": {"_index":"spt","_id":"1860377"}}
	{"id":1860377,"type":"buy","buyer":"peeholder","seller":"mongshter","symbol":"SPT","quantity":"25.299093","price":"0.01090000","timestamp":1635838827,"volume":"0.27576011","buyTxId":"d1f9ee3726060a3f7d0ece8400143e86862a7b10","sellTxId":"2541ffbd13052151554859215c49ec3fd7d3557d"}
{"index": {"_index":"spt","_id":"1860378"}}
	{"id":1860378,"type":"buy","buyer":"peeholder","seller":"muzehan","symbol":"SPT","quantity":"978.770450","price":"0.01100000","timestamp":1635838827,"volume":"10.76647495","buyTxId":"d1f9ee3726060a3f7d0ece8400143e86862a7b10","sellTxId":"c696c8d41921fc90666b507865c54dab90a9ac40"}
{"index": {"_index":"spt","_id":"1860379"}}
	{"id":1860379,"type":"buy","buyer":"peeholder","seller":"dhedge-drips","symbol":"SPT","quantity":"0.056175","price":"0.01100000","timestamp":1635838827,"volume":"0.00061793","buyTxId":"d1f9ee3726060a3f7d0ece8400143e86862a7b10","sellTxId":"1d4fabfa0a6a1f51dd10fa1a11bab9fb386e3dea"}
{"index": {"_index":"spt","_id":"1860380"}}
	{"id":1860380,"type":"buy","buyer":"peeholder","seller":"mawit07","symbol":"SPT","quantity":"1777.796453","price":"0.01120000","timestamp":1635838827,"volume":"19.91132027","buyTxId":"d1f9ee3726060a3f7d0ece8400143e86862a7b10","sellTxId":"6a42327338dcd85ab38c025141834aa602c9bb0b"}
{"index": {"_index":"spt","_id":"1860381"}}
	{"id":1860381,"type":"buy","buyer":"peeholder","seller":"laundrywoman","symbol":"SPT","quantity":"3218.077829","price":"0.01169993","timestamp":1635838827,"volume":"37.65128533","buyTxId":"d1f9ee3726060a3f7d0ece8400143e86862a7b10","sellTxId":"3a55df3eaca08cd8accb897f3ab46d6c70ee8f79"}
{"index": {"_index":"spt","_id":"1860534"}}
	{"id":1860534,"type":"sell","buyer":"pi-trader","seller":"anderssinho","symbol":"SPT","quantity":"0.223000","price":"0.00999067","timestamp":1635840471,"volume":"0.00222792","buyTxId":"00e1df18f447a95fbb5cc2dc08fc2d05111176e8-1","sellTxId":"d53ef38ca073232278613671cf4b878383fa258a"}
{"index": {"_index":"spt","_id":"1860550"}}
	{"id":1860550,"type":"sell","buyer":"pi-trader","seller":"brofi-market","symbol":"SPT","quantity":"0.127111","price":"0.00999070","timestamp":1635840555,"volume":"0.00126993","buyTxId":"64946875e2d0fd34feb46e86ee649a05e67faf6f-5","sellTxId":"66d16379b965ca052916cacd747f6eeb28c41e5b"}
{"index": {"_index":"spt","_id":"1860770"}}
	{"id":1860770,"type":"sell","buyer":"pi-trader","seller":"kapitanrosomak","symbol":"SPT","quantity":"11.687503","price":"0.00999533","timestamp":1635842568,"volume":"0.11682045","buyTxId":"a3a45641c6e6999fe6220da7afb173c92cdb1381-4","sellTxId":"47ade19ce4c66c51e7ad663be9619bda743b2b32"}
{"index": {"_index":"spt","_id":"1860863"}}
	{"id":1860863,"type":"sell","buyer":"pi-trader","seller":"najlive","symbol":"SPT","quantity":"0.495790","price":"0.00999563","timestamp":1635843933,"volume":"0.00495573","buyTxId":"5228fe6a0bf14bfc7b18e04c011657cd9b8029b5-3","sellTxId":"f6e8891b6a4430d1a478c393f96616d621aeef48"}
{"index": {"_index":"spt","_id":"1861005"}}
	{"id":1861005,"type":"buy","buyer":"ahmetay","seller":"sshila","symbol":"SPT","quantity":"3327.453657","price":"0.01100000","timestamp":1635845358,"volume":"36.60199023","buyTxId":"839b186730bffb3b2247f0db4c2c031b96f21c99","sellTxId":"5bdb52c4b19e2da74ea263e8303109a4329335ab"}
{"index": {"_index":"spt","_id":"1861061"}}
	{"id":1861061,"type":"sell","buyer":"pi-trader","seller":"fedesox","symbol":"SPT","quantity":"712.142000","price":"0.00999054","timestamp":1635846222,"volume":"7.11468314","buyTxId":"bad0a9ca74155e46ab82105b13b62c94a7787f93-1","sellTxId":"8315f716a94a51836388709876ec0c31e4676275"}
{"index": {"_index":"spt","_id":"1861157"}}
	{"id":1861157,"type":"sell","buyer":"pi-trader","seller":"durlan","symbol":"SPT","quantity":"515.610169","price":"0.00999009","timestamp":1635847377,"volume":"5.15099199","buyTxId":"063a67317c015cd88b3e85fa4580ab55c552e725-3","sellTxId":"265472d64e1e3a080a64af78cb0464fb79a3f1d5"}
{"index": {"_index":"spt","_id":"1861226"}}
	{"id":1861226,"type":"buy","buyer":"evernoticethat","seller":"laundrywoman","symbol":"SPT","quantity":"93.181107","price":"0.01149999","timestamp":1635848214,"volume":"1.07158180","buyTxId":"84373e653fdcfbbf4fdb47fe6bc6aab58763d988","sellTxId":"386ec00904866faed3f3fe680c47fb49d323ea49"}
{"index": {"_index":"spt","_id":"1861411"}}
	{"id":1861411,"type":"sell","buyer":"pi-trader","seller":"sam5689","symbol":"SPT","quantity":"110.000000","price":"0.01000022","timestamp":1635850596,"volume":"1.10002420","buyTxId":"35e33f244ee88aeebb45be5f0ef9a951d723526b-1","sellTxId":"e3dc56a41bbbcc9e278673397072e38b91b5ce67"}
{"index": {"_index":"spt","_id":"1861427"}}
	{"id":1861427,"type":"sell","buyer":"pi-trader","seller":"ahmetay","symbol":"SPT","quantity":"0.000574","price":"0.01000001","timestamp":1635850866,"volume":"0.00000574","buyTxId":"e87c6c1e706c7acb2cb8ed164726448e51b676e2-4","sellTxId":"45e88ffacc34a5b860da323353156253e56a9298"}
{"index": {"_index":"spt","_id":"1861508"}}
	{"id":1861508,"type":"buy","buyer":"gamefiles","seller":"laundrywoman","symbol":"SPT","quantity":"4752.657350","price":"0.01148489","timestamp":1635851565,"volume":"54.58374687","buyTxId":"96221735952c1d2e69ecc41f2d693d4efb79dbac","sellTxId":"18ba6d7a765e01567fa0b11296d5c2910e9d18ae"}
{"index": {"_index":"spt","_id":"1861538"}}
	{"id":1861538,"type":"sell","buyer":"pi-trader","seller":"saachi","symbol":"SPT","quantity":"146.000000","price":"0.01000004","timestamp":1635851925,"volume":"1.46000584","buyTxId":"6ba268465b911c8a1ff4f20655589ca30fe7767e-6","sellTxId":"baa136192dc92f302cd8a1575db3f5e390eb1c5c"}
{"index": {"_index":"spt","_id":"1861540"}}
	{"id":1861540,"type":"buy","buyer":"memehive","seller":"mango-juice","symbol":"SPT","quantity":"1.000000","price":"0.01120000","timestamp":1635851934,"volume":"0.01120000","buyTxId":"e1a7fe143f5b4f4bac548a02abadd52effd90b46","sellTxId":"93315f9580f4dd51ea5198022a2dedd3d29240de"}
{"index": {"_index":"spt","_id":"1861544"}}
	{"id":1861544,"type":"buy","buyer":"memehive","seller":"mango-juice","symbol":"SPT","quantity":"99.000000","price":"0.01120000","timestamp":1635852045,"volume":"1.10880000","buyTxId":"fafb0f614488f446fbd617ee7e28d515b2bd5505","sellTxId":"93315f9580f4dd51ea5198022a2dedd3d29240de"}
{"index": {"_index":"spt","_id":"1861720"}}
	{"id":1861720,"type":"sell","buyer":"pi-trader","seller":"uyobong","symbol":"SPT","quantity":"1017.653432","price":"0.01000011","timestamp":1635853707,"volume":"10.17664626","buyTxId":"c4d2acfa87c0364389dd6bc33cd327ff3338e1c8-5","sellTxId":"f5986c6da8c33ad907a79bd46636e5c2ff02fcee"}
{"index": {"_index":"spt","_id":"1861739"}}
	{"id":1861739,"type":"sell","buyer":"pi-trader","seller":"chekohler","symbol":"SPT","quantity":"0.682299","price":"0.01000015","timestamp":1635853845,"volume":"0.00682309","buyTxId":"f63364b8ca399ca4c103976e7b8eabf396da40c4-1","sellTxId":"43601272b7df2e48a1f7532c27e3d85687b63e40"}
{"index": {"_index":"spt","_id":"1861783"}}
	{"id":1861783,"type":"sell","buyer":"one-eye","seller":"elementm","symbol":"SPT","quantity":"82.000000","price":"0.01100000","timestamp":1635854439,"volume":"0.90200000","buyTxId":"f1d8a0d91b042fe0881100f6bcdb6b99bc38b2a1","sellTxId":"c32cf2e075f53d26f4f41c7e5b6da07bc1fe58a7"}
{"index": {"_index":"spt","_id":"1861820"}}
	{"id":1861820,"type":"sell","buyer":"pi-trader","seller":"costanza","symbol":"SPT","quantity":"7176.898576","price":"0.01000007","timestamp":1635854814,"volume":"71.76948814","buyTxId":"40f93c5d266e052496a32afeb7afb9c68ed199ce-1","sellTxId":"426229117c14d42c45b88850bfac8fbc03f4b688"}
{"index": {"_index":"spt","_id":"1861859"}}
	{"id":1861859,"type":"sell","buyer":"solovey6o2","seller":"alive.chat","symbol":"SPT","quantity":"0.062","price":"0.01000012","timestamp":1635854997,"volume":"0.00062001","buyTxId":"55d317c653b6ba19ab0e8809443fba78d36ed1a0","sellTxId":"8c519d08f3bf739692335ae1929926237ab51d78"}
{"index": {"_index":"spt","_id":"1861952"}}
	{"id":1861952,"type":"buy","buyer":"captainquack22","seller":"elementm","symbol":"SPT","quantity":"44.550758","price":"0.01100000","timestamp":1635855474,"volume":"0.49005834","buyTxId":"f2ca0c16b588758704520735f1389420026ebf74","sellTxId":"c32cf2e075f53d26f4f41c7e5b6da07bc1fe58a7"}
{"index": {"_index":"spt","_id":"1861968"}}
	{"id":1861968,"type":"buy","buyer":"arnob23","seller":"elementm","symbol":"SPT","quantity":"418.936501","price":"0.01100000","timestamp":1635855630,"volume":"4.60830152","buyTxId":"a11bfbeb84afa47fcc0cdca8f52c994e53774e10","sellTxId":"c32cf2e075f53d26f4f41c7e5b6da07bc1fe58a7"}
{"index": {"_index":"spt","_id":"1862102"}}
	{"id":1862102,"type":"sell","buyer":"pi-trader","seller":"dhedge-drips","symbol":"SPT","quantity":"0.011916","price":"0.01000058","timestamp":1635857139,"volume":"0.00011917","buyTxId":"cca1872430eda3e67020403b5cac06263c7e2c88-3","sellTxId":"f58022466ff98464ac492d0ca45dbd41be7a9e14"}
{"index": {"_index":"spt","_id":"1862204"}}
	{"id":1862204,"type":"sell","buyer":"granddaddies","seller":"najlive","symbol":"SPT","quantity":"4.156654","price":"0.01000006","timestamp":1635857928,"volume":"0.04156679","buyTxId":"33263ba168e527623d12cc4bb88a612a776109d0","sellTxId":"da9c8a22eee07cbb1cf447edebddff53bb1e326b"}
{"index": {"_index":"spt","_id":"1862271"}}
	{"id":1862271,"type":"buy","buyer":"samarek69","seller":"mango-juice","symbol":"SPT","quantity":"461.958996","price":"0.01088000","timestamp":1635858627,"volume":"5.02611388","buyTxId":"cc40d2236d646c97c25d054c2ad26d8134a9ff73","sellTxId":"a2405775d0337b748089b08960710541c052d3d8"}
{"index": {"_index":"spt","_id":"1862296"}}
	{"id":1862296,"type":"sell","buyer":"granddaddies","seller":"varsunger","symbol":"SPT","quantity":"4.149471","price":"0.01000008","timestamp":1635858960,"volume":"0.04149504","buyTxId":"d6b9a69fc04d7726ea8912ff3be348aed915a0df","sellTxId":"fd9f2a69d01f40102ee588d102ee92794f4e7aee"}
{"index": {"_index":"spt","_id":"1862353"}}
	{"id":1862353,"type":"sell","buyer":"granddaddies","seller":"nozzy","symbol":"SPT","quantity":"0.000218","price":"0.01000014","timestamp":1635859623,"volume":"0.00000218","buyTxId":"668cf237b764d2606607f500cc1480df995fc5d1","sellTxId":"8cc62fd708e184c85019d2248c8e873004b670fa"}
{"index": {"_index":"spt","_id":"1862366"}}
	{"id":1862366,"type":"sell","buyer":"pi-trader","seller":"mango-juice","symbol":"SPT","quantity":"1237.618196","price":"0.00999003","timestamp":1635859746,"volume":"12.36384291","buyTxId":"2c7e9ec89256723184ed34648e7e12decd7c7cef-1","sellTxId":"66995dbb6b49624a89e20b705a6d7f2b79229024"}
{"index": {"_index":"spt","_id":"1862478"}}
	{"id":1862478,"type":"buy","buyer":"granddaddies","seller":"mawit07","symbol":"SPT","quantity":"0.508246","price":"0.01000019","timestamp":1635860961,"volume":"0.00508256","buyTxId":"17aff5845b4bdfa1942b7b802fede2008a2bdb2d","sellTxId":"1016a59512ed307646a28406e0411ffec94e8ec6"}
{"index": {"_index":"spt","_id":"1862590"}}
	{"id":1862590,"type":"sell","buyer":"pi-trader","seller":"ghox","symbol":"SPT","quantity":"6.927253","price":"0.01000017","timestamp":1635861591,"volume":"0.06927371","buyTxId":"6f9bc87a37f312fce48209af2a68eba2d299fd2b-5","sellTxId":"039bd4aea38635d1992d15bd79af7361a454ef8e"}
{"index": {"_index":"spt","_id":"1862663"}}
	{"id":1862663,"type":"buy","buyer":"lxsxl","seller":"tokutaro22","symbol":"SPT","quantity":"13.943303","price":"0.01080000","timestamp":1635862278,"volume":"0.15058767","buyTxId":"c8c346f1275562e782d2a20e22b99a16d11d3fce","sellTxId":"53f1292f0496886233981e4ca465e5139ccbd76e"}
{"index": {"_index":"spt","_id":"1862865"}}
	{"id":1862865,"type":"sell","buyer":"lxsxl","seller":"magnacarta","symbol":"SPT","quantity":"0.947965","price":"0.01080000","timestamp":1635863508,"volume":"0.01023802","buyTxId":"c8c346f1275562e782d2a20e22b99a16d11d3fce","sellTxId":"6581dcc83045a6e71b007632c21f0c19f442d837"}
{"index": {"_index":"spt","_id":"1863111"}}
	{"id":1863111,"type":"sell","buyer":"pi-trader","seller":"kakakk","symbol":"SPT","quantity":"3949.596081","price":"0.01000021","timestamp":1635865638,"volume":"39.49679023","buyTxId":"f1affd8c8ef1856dd184970b3ff6ef77eaf06b09-3","sellTxId":"3c4c08e37fc134bad288a9deb63235fa75d8a71d"}
{"index": {"_index":"spt","_id":"1863139"}}
	{"id":1863139,"type":"buy","buyer":"pi-trader","seller":"lypisz","symbol":"SPT","quantity":"1080.420253","price":"0.01000027","timestamp":1635865872,"volume":"10.80449424","buyTxId":"d461d9de49724ae512cf79651e182e773fa9a641-1","sellTxId":"51d069b9925d5eeb676c4989b8a2440e13a515af"}
{"index": {"_index":"spt","_id":"1863175"}}
	{"id":1863175,"type":"sell","buyer":"granddaddies","seller":"sweetmonsters","symbol":"SPT","quantity":"1027.784413","price":"0.01000020","timestamp":1635866094,"volume":"10.27804969","buyTxId":"295986cb2c5e6525f6765196b0127e89d91efd2e","sellTxId":"6de268ca8de83bfd6d56755f81ac6ffcb21cfe28"}
{"index": {"_index":"spt","_id":"1863315"}}
	{"id":1863315,"type":"sell","buyer":"pi-trader","seller":"mriglesias","symbol":"SPT","quantity":"2002.294625","price":"0.01000023","timestamp":1635867207,"volume":"20.02340678","buyTxId":"dfcfc88c734108223f85d3f1d40b7fb1810b1292-1","sellTxId":"7842d93ac60117eb0008c4f046b54d3c94f7aea6"}
{"index": {"_index":"spt","_id":"1863513"}}
	{"id":1863513,"type":"sell","buyer":"pi-trader","seller":"dragouner","symbol":"SPT","quantity":"14.898928","price":"0.01010001","timestamp":1635868926,"volume":"0.15047932","buyTxId":"117405e0fe51cae86dc92839c6ad55e4cb1d1c8a-1","sellTxId":"b4b20a80d4137d320769ae464414eaf7b8fdd180"}
{"index": {"_index":"spt","_id":"1863633"}}
	{"id":1863633,"type":"buy","buyer":"ahmetay","seller":"jp72924","symbol":"SPT","quantity":"0.774204","price":"0.01000025","timestamp":1635869880,"volume":"0.00774223","buyTxId":"748ac8260cc2c960549ccd8a43d8c3e266040fc2","sellTxId":"7bba5ecd1fe873c837cc55b3f82c55dbe7f720fb"}
{"index": {"_index":"spt","_id":"1863634"}}
	{"id":1863634,"type":"buy","buyer":"ahmetay","seller":"xabi","symbol":"SPT","quantity":"916.720896","price":"0.01090000","timestamp":1635869880,"volume":"9.99225777","buyTxId":"748ac8260cc2c960549ccd8a43d8c3e266040fc2","sellTxId":"bf677a53c7e3fd1a308cad67c42240e5c6561465"}
{"index": {"_index":"spt","_id":"1863681"}}
	{"id":1863681,"type":"sell","buyer":"pi-trader","seller":"revisesociology","symbol":"SPT","quantity":"1000.000000","price":"0.01000019","timestamp":1635870234,"volume":"10.00019000","buyTxId":"e0328ac11d413b1c48e4a428960be07b77e57db2-9","sellTxId":"a47a98f49d95326862ffbe7d78684ae53686cf33"}
{"index": {"_index":"spt","_id":"1863968"}}
	{"id":1863968,"type":"buy","buyer":"hiveexplorers","seller":"xabi","symbol":"SPT","quantity":"4882.602489","price":"0.01090000","timestamp":1635871170,"volume":"53.22036713","buyTxId":"0f2aeb0249296793a282c63db1918e51aae77218","sellTxId":"bf677a53c7e3fd1a308cad67c42240e5c6561465"}
{"index": {"_index":"spt","_id":"1863969"}}
	{"id":1863969,"type":"buy","buyer":"hiveexplorers","seller":"dhedge-drips","symbol":"SPT","quantity":"0.011916","price":"0.01090000","timestamp":1635871170,"volume":"0.00012988","buyTxId":"0f2aeb0249296793a282c63db1918e51aae77218","sellTxId":"3cf89686f50f76c80a88ea490799a5acbf3ae829"}
{"index": {"_index":"spt","_id":"1863970"}}
	{"id":1863970,"type":"buy","buyer":"hiveexplorers","seller":"tdas0","symbol":"SPT","quantity":"105.000000","price":"0.01090000","timestamp":1635871170,"volume":"1.14450000","buyTxId":"0f2aeb0249296793a282c63db1918e51aae77218","sellTxId":"0876958cb65bcb3922f5ec93d4f792efd9013350"}
{"index": {"_index":"spt","_id":"1863971"}}
	{"id":1863971,"type":"buy","buyer":"hiveexplorers","seller":"laundrywoman","symbol":"SPT","quantity":"285012.385595","price":"0.01099999","timestamp":1635871170,"volume":"3135.13339142","buyTxId":"0f2aeb0249296793a282c63db1918e51aae77218","sellTxId":"a6c960289c3cee811e81e36079d418818e43c85b"}
{"index": {"_index":"spt","_id":"1863993"}}
	{"id":1863993,"type":"sell","buyer":"granddaddies","seller":"najlive","symbol":"SPT","quantity":"0.298322","price":"0.01000018","timestamp":1635871302,"volume":"0.00298327","buyTxId":"e646eb56016d9ae2f3edb99378bc6f7831ab7127","sellTxId":"6182cec0cc4ee0f6cac026ba965ff89b2cc6168b"}
{"index": {"_index":"spt","_id":"1864008"}}
	{"id":1864008,"type":"sell","buyer":"pi-trader","seller":"khazrakh","symbol":"SPT","quantity":"1224.316000","price":"0.01000023","timestamp":1635871512,"volume":"12.24344159","buyTxId":"4012a8ec7c937f27982318f0a31f941ae48834f4-1","sellTxId":"dbac5b33ea774fa3b9e7dc957e85339016e69288"}
{"index": {"_index":"spt","_id":"1864083"}}
	{"id":1864083,"type":"buy","buyer":"jongolson","seller":"elementm","symbol":"SPT","quantity":"614.512741","price":"0.01100000","timestamp":1635871815,"volume":"6.75964015","buyTxId":"a5b3ae699eb1304745538edf2951a7b6361be3f6","sellTxId":"c32cf2e075f53d26f4f41c7e5b6da07bc1fe58a7"}
{"index": {"_index":"spt","_id":"1864084"}}
	{"id":1864084,"type":"buy","buyer":"jongolson","seller":"muzehan","symbol":"SPT","quantity":"385.487259","price":"0.01100000","timestamp":1635871815,"volume":"4.24035985","buyTxId":"a5b3ae699eb1304745538edf2951a7b6361be3f6","sellTxId":"66b5edab23e6a7bf60251eeeb79e87e897d81a3f"}
{"index": {"_index":"spt","_id":"1864147"}}
	{"id":1864147,"type":"sell","buyer":"pi-trader","seller":"geom","symbol":"SPT","quantity":"0.566991","price":"0.01000021","timestamp":1635872088,"volume":"0.00567003","buyTxId":"54bf12661813d24889a9bb0f536893b3ecca2ab7-3","sellTxId":"3f08dcb444953167c463c478458dcc727f63630f"}
{"index": {"_index":"spt","_id":"1864267"}}
	{"id":1864267,"type":"sell","buyer":"pi-trader","seller":"eforucom","symbol":"SPT","quantity":"81.747113","price":"0.01000019","timestamp":1635873063,"volume":"0.81748666","buyTxId":"3c5d7df875d75bcd5521971e89a9834ca7356962-5","sellTxId":"afef4cf01c660e96f9ead72066c5e7f491cb5964"}
{"index": {"_index":"spt","_id":"1864294"}}
	{"id":1864294,"type":"sell","buyer":"granddaddies","seller":"tanguero","symbol":"SPT","quantity":"408.122429","price":"0.01000024","timestamp":1635873240,"volume":"4.08132224","buyTxId":"6a613cd17b26fdb4252d4dee65d26d9b85a2b472","sellTxId":"489fe736f519cc5c6f00ad17dc41da1568461da5"}
{"index": {"_index":"spt","_id":"1864323"}}
	{"id":1864323,"type":"buy","buyer":"ahmetay","seller":"muzehan","symbol":"SPT","quantity":"614.512741","price":"0.01100000","timestamp":1635873468,"volume":"6.75964015","buyTxId":"7db6365bfb787173bd6f168c2c87c10cee9c9f19","sellTxId":"66b5edab23e6a7bf60251eeeb79e87e897d81a3f"}
{"index": {"_index":"spt","_id":"1864409"}}
	{"id":1864409,"type":"buy","buyer":"tanguero","seller":"brofi-market","symbol":"SPT","quantity":"0.127111","price":"0.01149999","timestamp":1635874035,"volume":"0.00146178","buyTxId":"5ef48d7ec95d7cdf3f313d6d6b08c0f2480383e1","sellTxId":"9ee132b5a0bb97286422ab5134bb4d17a1b99d6c"}
{"index": {"_index":"spt","_id":"1864410"}}
	{"id":1864410,"type":"buy","buyer":"tanguero","seller":"laundrywoman","symbol":"SPT","quantity":"799.872889","price":"0.01149999","timestamp":1635874035,"volume":"9.19853022","buyTxId":"5ef48d7ec95d7cdf3f313d6d6b08c0f2480383e1","sellTxId":"bd848ce4b6b7b0e59ad8d67a849575a183874842"}
{"index": {"_index":"spt","_id":"1864812"}}
	{"id":1864812,"type":"sell","buyer":"pi-trader","seller":"bitcoinflood","symbol":"SPT","quantity":"2.306909","price":"0.01011001","timestamp":1635877341,"volume":"0.02332287","buyTxId":"ee9481ac186956c79420582a534af63936d41ca1-4","sellTxId":"960dafe1d7286ce073d9d892101cf40ef7681837"}
{"index": {"_index":"spt","_id":"1864849"}}
	{"id":1864849,"type":"buy","buyer":"dedoverde","seller":"laundrywoman","symbol":"SPT","quantity":"100.000000","price":"0.01149999","timestamp":1635877713,"volume":"1.14999900","buyTxId":"095348477ec750019a5b199f83fdcc376d2f3829","sellTxId":"bd848ce4b6b7b0e59ad8d67a849575a183874842"}
{"index": {"_index":"spt","_id":"1864880"}}
	{"id":1864880,"type":"buy","buyer":"he-index","seller":"laundrywoman","symbol":"SPT","quantity":"25.217000","price":"0.01149899","timestamp":1635878058,"volume":"0.28997003","buyTxId":"2920e1f4b59ecebff7720b531d5f906e11b8bf64","sellTxId":"97334924e7eb9add61ce0dad666a68b2b5ec116e"}
{"index": {"_index":"spt","_id":"1864886"}}
	{"id":1864886,"type":"sell","buyer":"granddaddies","seller":"ashikstd","symbol":"SPT","quantity":"6375.159024","price":"0.01011008","timestamp":1635878124,"volume":"64.45336775","buyTxId":"798f71859c84be9b5904267b2aeb895462b7bd34","sellTxId":"2d131df3b03f3b29ea28080cba99f0dd5841f706"}
{"index": {"_index":"spt","_id":"1865129"}}
	{"id":1865129,"type":"sell","buyer":"pi-trader","seller":"dswap","symbol":"SPT","quantity":"1425","price":"0.01011005","timestamp":1635879942,"volume":"14.40682125","buyTxId":"a3a0fe3d6817fde4d7f090687e452a2a7e456468-2","sellTxId":"7e7aaed917ebd4c922aeaea82e9e3e5360a11907"}
{"index": {"_index":"spt","_id":"1865149"}}
	{"id":1865149,"type":"buy","buyer":"bscrypto","seller":"laundrywoman","symbol":"SPT","quantity":"9697.000000","price":"0.01149899","timestamp":1635880107,"volume":"111.50570603","buyTxId":"84740b0dc0c3bd7e9375192a6a81c32113c60a54","sellTxId":"e287a226337fc5764018733f30368dfa3ceacec6"}
{"index": {"_index":"spt","_id":"1865191"}}
	{"id":1865191,"type":"sell","buyer":"granddaddies","seller":"okean123","symbol":"SPT","quantity":"1000.000000","price":"0.01011008","timestamp":1635880518,"volume":"10.11008000","buyTxId":"3e7f95816c5e5583e1064624562b5b51c3e86bc6","sellTxId":"cb5be45a689783f02a5778f80c10b206ae3f4322"}
{"index": {"_index":"spt","_id":"1865249"}}
	{"id":1865249,"type":"sell","buyer":"pi-trader","seller":"lanchik","symbol":"SPT","quantity":"0.135707","price":"0.01011013","timestamp":1635881088,"volume":"0.00137202","buyTxId":"6043dfb5898e793176622ec51e2abd3be5a29daf-3","sellTxId":"a3090725fb931bf957f6948b3e503a7ef9173bdb"}
{"index": {"_index":"spt","_id":"1865506"}}
	{"id":1865506,"type":"buy","buyer":"braaiboy","seller":"thebusycat","symbol":"SPT","quantity":"1084.000000","price":"0.01100000","timestamp":1635883620,"volume":"11.92400000","buyTxId":"696655d8e6a3d9940e6fa3ac53cc2e4607000ffc","sellTxId":"9f0d1daf243b46caa840e0b79e04738a440e41d6"}
{"index": {"_index":"spt","_id":"1865516"}}
	{"id":1865516,"type":"sell","buyer":"braaiboy","seller":"brofi-market","symbol":"SPT","quantity":"0.087765","price":"0.01100000","timestamp":1635883725,"volume":"0.00096542","buyTxId":"696655d8e6a3d9940e6fa3ac53cc2e4607000ffc","sellTxId":"62800be97fe9be8a09a962af2941575b0f1eb257"}
{"index": {"_index":"spt","_id":"1865581"}}
	{"id":1865581,"type":"sell","buyer":"braaiboy","seller":"myvest","symbol":"SPT","quantity":"0.130758","price":"0.01100000","timestamp":1635884328,"volume":"0.00143834","buyTxId":"696655d8e6a3d9940e6fa3ac53cc2e4607000ffc","sellTxId":"e3513394f5795e272c70054c885d8a635bb975e8"}
{"index": {"_index":"spt","_id":"1865613"}}
	{"id":1865613,"type":"sell","buyer":"braaiboy","seller":"cliffagreen","symbol":"SPT","quantity":"0.538000","price":"0.01100000","timestamp":1635884637,"volume":"0.00591800","buyTxId":"696655d8e6a3d9940e6fa3ac53cc2e4607000ffc","sellTxId":"d2fdc9b62f073bb92fa851141d0aa3933ad57390"}
{"index": {"_index":"spt","_id":"1865628"}}
	{"id":1865628,"type":"sell","buyer":"braaiboy","seller":"ahmetay","symbol":"SPT","quantity":"3868.118485","price":"0.01100000","timestamp":1635884733,"volume":"42.54930334","buyTxId":"696655d8e6a3d9940e6fa3ac53cc2e4607000ffc","sellTxId":"ad2be890919abf7436a764f2afcbcaeb28306239"}
{"index": {"_index":"spt","_id":"1865654"}}
	{"id":1865654,"type":"sell","buyer":"braaiboy","seller":"ahmetay","symbol":"SPT","quantity":"46.003042","price":"0.01100000","timestamp":1635884832,"volume":"0.50603346","buyTxId":"696655d8e6a3d9940e6fa3ac53cc2e4607000ffc","sellTxId":"b21e7895e7922e5d314f84c5eb44a5de077d4346"}
{"index": {"_index":"spt","_id":"1865728"}}
	{"id":1865728,"type":"buy","buyer":"steemitwork","seller":"laundrywoman","symbol":"SPT","quantity":"898.070266","price":"0.01149899","timestamp":1635885372,"volume":"10.32690101","buyTxId":"72db443c3be06025eba12b83d6a9f3f13a0b0ee2","sellTxId":"e287a226337fc5764018733f30368dfa3ceacec6"}
{"index": {"_index":"spt","_id":"1865809"}}
	{"id":1865809,"type":"buy","buyer":"stocktonf","seller":"laundrywoman","symbol":"SPT","quantity":"100.000000","price":"0.01149899","timestamp":1635886302,"volume":"1.14989900","buyTxId":"b5e353c0d4b7872c19b624035c111fc8a3451e06","sellTxId":"e287a226337fc5764018733f30368dfa3ceacec6"}
{"index": {"_index":"spt","_id":"1865817"}}
	{"id":1865817,"type":"sell","buyer":"steemitwork","seller":"nyxlabs","symbol":"SPT","quantity":"3167.951830","price":"0.01110000","timestamp":1635886356,"volume":"35.16426531","buyTxId":"ef9d0fb37160a96853bc6992a2fe7b346d579219","sellTxId":"5ebac9f89263afacf14df4c7e3006544fced1289"}
{"index": {"_index":"spt","_id":"1865840"}}
	{"id":1865840,"type":"sell","buyer":"steemitwork","seller":"hansgans","symbol":"SPT","quantity":"1832.048170","price":"0.01110000","timestamp":1635886617,"volume":"20.33573469","buyTxId":"ef9d0fb37160a96853bc6992a2fe7b346d579219","sellTxId":"d6b2cfcceb7c5e4fb5c002917d6d992a9c259694"}
{"index": {"_index":"spt","_id":"1865841"}}
	{"id":1865841,"type":"sell","buyer":"braaiboy","seller":"hansgans","symbol":"SPT","quantity":"1.121950","price":"0.01100000","timestamp":1635886617,"volume":"0.01234145","buyTxId":"696655d8e6a3d9940e6fa3ac53cc2e4607000ffc","sellTxId":"d6b2cfcceb7c5e4fb5c002917d6d992a9c259694"}
{"index": {"_index":"spt","_id":"1865842"}}
	{"id":1865842,"type":"sell","buyer":"granddaddies","seller":"hansgans","symbol":"SPT","quantity":"738.455698","price":"0.01011002","timestamp":1635886617,"volume":"7.46580188","buyTxId":"d3289ec888679f19f11c6981b575b44847923f70","sellTxId":"d6b2cfcceb7c5e4fb5c002917d6d992a9c259694"}
{"index": {"_index":"spt","_id":"1865889"}}
	{"id":1865889,"type":"sell","buyer":"pi-trader","seller":"bashadow","symbol":"SPT","quantity":"0.720289","price":"0.01011011","timestamp":1635886929,"volume":"0.00728220","buyTxId":"8b03908828f6cd35143d76c7680f24ae9f68f149-3","sellTxId":"19f5f828a00cc9fe30f7a41e96f9d6cbee27a3db"}
{"index": {"_index":"spt","_id":"1866223"}}
	{"id":1866223,"type":"buy","buyer":"dswap","seller":"laundrywoman","symbol":"SPT","quantity":"755.064485","price":"0.01139999","timestamp":1635891147,"volume":"8.60772758","buyTxId":"a04b8473859aa20faa21e07d792010c00335456a","sellTxId":"78e7ba0079e96fb15c6e736861c4fcab9237982c"}
{"index": {"_index":"spt","_id":"1866227"}}
	{"id":1866227,"type":"sell","buyer":"pi-trader","seller":"geom","symbol":"SPT","quantity":"0.553277","price":"0.01011011","timestamp":1635891180,"volume":"0.00559369","buyTxId":"75e14bf2f8605578ce0f7d781438dd2d9d3d542a-1","sellTxId":"15eb67768c7f24f5e40d0d534cc6ea0c6fae7caa"}
{"index": {"_index":"spt","_id":"1866506"}}
	{"id":1866506,"type":"sell","buyer":"pi-trader","seller":"dotwin1981","symbol":"SPT","quantity":"0.591927","price":"0.01011011","timestamp":1635892101,"volume":"0.00598445","buyTxId":"9f7d9199300bdd3e9ea4dddfc96f43d566808f9f-3","sellTxId":"83a7103b89caab2f0d2b2922d78eaf26d231866a"}
{"index": {"_index":"spt","_id":"1866566"}}
	{"id":1866566,"type":"buy","buyer":"pi-trader","seller":"he-index","symbol":"SPT","quantity":"0.006000","price":"0.01011011","timestamp":1635892674,"volume":"0.00006066","buyTxId":"07cbbe579a50cd2218cf95e811831542c1742ac6-4","sellTxId":"3ba7e7f2b22e372dbb37c0c4ed8ee22c3f70e14d"}
{"index": {"_index":"spt","_id":"1866612"}}
	{"id":1866612,"type":"buy","buyer":"panthera68","seller":"laundrywoman","symbol":"SPT","quantity":"70.000000","price":"0.01139999","timestamp":1635892917,"volume":"0.79799930","buyTxId":"f4bd8b5717b59bdf31edc72f4bec637a7b27f392","sellTxId":"78e7ba0079e96fb15c6e736861c4fcab9237982c"}
{"index": {"_index":"spt","_id":"1866708"}}
	{"id":1866708,"type":"sell","buyer":"pi-trader","seller":"carlosro","symbol":"SPT","quantity":"4716.353131","price":"0.01011009","timestamp":1635894078,"volume":"47.68275463","buyTxId":"fe07eb155cd0ff0c1f466bc3ca82892a0163233a-5","sellTxId":"bf12e3ba12c107e605ed4598c38ae361de11d1bd"}
{"index": {"_index":"spt","_id":"1866722"}}
	{"id":1866722,"type":"buy","buyer":"opinizeunltd","seller":"laundrywoman","symbol":"SPT","quantity":"400.000000","price":"0.01139999","timestamp":1635894279,"volume":"4.55999600","buyTxId":"9a4eccc9b77f68d8497e4c689f07723315b7e902","sellTxId":"5142257b8a2f2deaff0981b392107b16f8a3b36b"}
{"index": {"_index":"spt","_id":"1866827"}}
	{"id":1866827,"type":"buy","buyer":"anomalix","seller":"revisesociology","symbol":"SPT","quantity":"1000.000000","price":"0.01011015","timestamp":1635895137,"volume":"10.11015000","buyTxId":"ca55f2d7860a5c7c373a7b7ef974028376e8fe4e","sellTxId":"04f07e5535d532842d8a4a831c3579d92160a701"}
{"index": {"_index":"spt","_id":"1866858"}}
	{"id":1866858,"type":"sell","buyer":"pi-trader","seller":"elricmoonslayer","symbol":"SPT","quantity":"54.691173","price":"0.01011016","timestamp":1635895551,"volume":"0.55293651","buyTxId":"d2ba2f9e57e2ab332cc8d69e08f0959fda92dcd2-1","sellTxId":"02148eb03f84789ed6d929851faaeac928bf7da2"}
{"index": {"_index":"spt","_id":"1867107"}}
	{"id":1867107,"type":"sell","buyer":"pi-trader","seller":"brofi-market","symbol":"SPT","quantity":"2.763133","price":"0.01011022","timestamp":1635898278,"volume":"0.02793588","buyTxId":"b1427a241d0e1d814e76900cf72f0684fe81f387-5","sellTxId":"15792f57843e8173af9ec03d3a78da22fbe21e2d"}
{"index": {"_index":"spt","_id":"1867113"}}
	{"id":1867113,"type":"buy","buyer":"dswap","seller":"laundrywoman","symbol":"SPT","quantity":"500.000000","price":"0.01139999","timestamp":1635898335,"volume":"5.69999500","buyTxId":"a47924d90ee9c9936842e7f66a791c352ce90cb6","sellTxId":"5142257b8a2f2deaff0981b392107b16f8a3b36b"}
{"index": {"_index":"spt","_id":"1867150"}}
	{"id":1867150,"type":"sell","buyer":"pi-trader","seller":"nrg","symbol":"SPT","quantity":"8000.000000","price":"0.01011032","timestamp":1635898716,"volume":"80.88256000","buyTxId":"d9a3c32809915c3cdcad727f6f54d1e8585ef352-2","sellTxId":"67d7cd5ba55b0c5d005537444e3f64ae6807fdf4"}
{"index": {"_index":"spt","_id":"1867151"}}
	{"id":1867151,"type":"sell","buyer":"he-index","seller":"nrg","symbol":"SPT","quantity":"161.817000","price":"0.01011016","timestamp":1635898716,"volume":"1.63599576","buyTxId":"4a90e5e26e6851f9c4f6f97b529d6b4e02cb76ba","sellTxId":"67d7cd5ba55b0c5d005537444e3f64ae6807fdf4"}
{"index": {"_index":"spt","_id":"1867152"}}
	{"id":1867152,"type":"sell","buyer":"anomalix","seller":"nrg","symbol":"SPT","quantity":"1858.451340","price":"0.01011015","timestamp":1635898716,"volume":"18.78922182","buyTxId":"ca55f2d7860a5c7c373a7b7ef974028376e8fe4e","sellTxId":"67d7cd5ba55b0c5d005537444e3f64ae6807fdf4"}
{"index": {"_index":"spt","_id":"1867321"}}
	{"id":1867321,"type":"sell","buyer":"pi-trader","seller":"dhedge-drips","symbol":"SPT","quantity":"0.021728","price":"0.01011020","timestamp":1635900384,"volume":"0.00021967","buyTxId":"d53948776376acfd6e0a1f617cd21a358b68bd76-11","sellTxId":"e82ab7254b5415a33b4d2f95389469d16d0ad8eb"}
{"index": {"_index":"spt","_id":"1867344"}}
	{"id":1867344,"type":"sell","buyer":"granddaddies","seller":"iceman23","symbol":"SPT","quantity":"166.829378","price":"0.01011027","timestamp":1635900666,"volume":"1.68669006","buyTxId":"5591a0561c707d6d2a4f8dad75ec4e0d4a9a8ae8","sellTxId":"aeabf70003961465de709a77cf80b9e8509d0833"}
{"index": {"_index":"spt","_id":"1867687"}}
	{"id":1867687,"type":"sell","buyer":"pi-trader","seller":"j4ygt","symbol":"SPT","quantity":"0.660036","price":"0.01011016","timestamp":1635904464,"volume":"0.00667307","buyTxId":"50e42e0512cc6e4f8a1c89a882f202e97ec2fec3-6","sellTxId":"c56c38b3e972e64995f6e9d6b12146fe4f0c53e5"}
{"index": {"_index":"spt","_id":"1867746"}}
	{"id":1867746,"type":"sell","buyer":"pi-trader","seller":"roguecrane","symbol":"SPT","quantity":"0.000333","price":"0.01011026","timestamp":1635904896,"volume":"0.00000337","buyTxId":"3c344f90362649e877c27e2dba24dab4e4c0d2b2-3","sellTxId":"41833cb497a8c9fc4d964c02b704b31a4c5b52d0"}
{"index": {"_index":"spt","_id":"1867785"}}
	{"id":1867785,"type":"sell","buyer":"granddaddies","seller":"teenagecrypto","symbol":"SPT","quantity":"7.888780","price":"0.01011019","timestamp":1635905628,"volume":"0.07975706","buyTxId":"9d5107a74c10b38514c3aa725693782ba65a32eb","sellTxId":"9762682a7cc3d0d626e8918302440d52cfe75330"}
{"index": {"_index":"spt","_id":"1867940"}}
	{"id":1867940,"type":"buy","buyer":"steemitwork","seller":"laundrywoman","symbol":"SPT","quantity":"437.240579","price":"0.01099999","timestamp":1635907500,"volume":"4.80964200","buyTxId":"ce1938089eeda5fa1f921c51e4d75d7ff81c7568","sellTxId":"c0839e48de41521b4d46830335de1630c963ef56"}
{"index": {"_index":"spt","_id":"1868026"}}
	{"id":1868026,"type":"buy","buyer":"dswap","seller":"laundrywoman","symbol":"SPT","quantity":"30.545482","price":"0.01099999","timestamp":1635908304,"volume":"0.33600000","buyTxId":"68e36e89857571806e5ed3cce72750b76a8ba281","sellTxId":"c0839e48de41521b4d46830335de1630c963ef56"}
{"index": {"_index":"spt","_id":"1868050"}}
	{"id":1868050,"type":"sell","buyer":"pi-trader","seller":"chireerocks","symbol":"SPT","quantity":"69.350606","price":"0.01011018","timestamp":1635908613,"volume":"0.70114711","buyTxId":"79c4348644e5b3c1db27148353753a6c206a328c-1","sellTxId":"ac51c83e0ba8f1c7f50c3ff6b4060bd9c63f5a72"}
{"index": {"_index":"spt","_id":"1868236"}}
	{"id":1868236,"type":"buy","buyer":"zaddyboy","seller":"laundrywoman","symbol":"SPT","quantity":"1600.775308","price":"0.01099999","timestamp":1635910629,"volume":"17.60851238","buyTxId":"2410457f9392390ff08e19ea6e5a8f6a2b9b1f0b","sellTxId":"c0839e48de41521b4d46830335de1630c963ef56"}
{"index": {"_index":"spt","_id":"1868267"}}
	{"id":1868267,"type":"sell","buyer":"granddaddies","seller":"informal","symbol":"SPT","quantity":"56.541914","price":"0.01011021","timestamp":1635911178,"volume":"0.57165062","buyTxId":"46b044f3a24a33c1e8008b929ce1f921053b1a73","sellTxId":"11a48b9f58ba9a171a1429033835fb3f94dbea48"}
{"index": {"_index":"spt","_id":"1868297"}}
	{"id":1868297,"type":"buy","buyer":"panthera68","seller":"laundrywoman","symbol":"SPT","quantity":"602.000000","price":"0.01099999","timestamp":1635911709,"volume":"6.62199398","buyTxId":"cd1878c9b1de2b9507f753b866753493db16e21c","sellTxId":"c0839e48de41521b4d46830335de1630c963ef56"}
