{"index": {"_index":"spt","_id":"2592852"}}
	{"id":2592852,"type":"sell","buyer":"granddaddies","seller":"brofi-market","symbol":"SPT","quantity":"0.077451","price":"0.00215003","timestamp":1642651830,"volume":"0.00016652","buyTxId":"5ed44ce252de23c9e91c86e420458ea407590f06","sellTxId":"307e69bf0ee6b75833c70e5c4164ead6d896edf1"}
{"index": {"_index":"spt","_id":"2593276"}}
	{"id":2593276,"type":"sell","buyer":"granddaddies","seller":"chriptomaster","symbol":"SPT","quantity":"6.265772","price":"0.00215003","timestamp":1642656621,"volume":"0.01347160","buyTxId":"5ed44ce252de23c9e91c86e420458ea407590f06","sellTxId":"3ad41b494406cfab7048762d2f100fdd8c39b257"}
{"index": {"_index":"spt","_id":"2593406"}}
	{"id":2593406,"type":"sell","buyer":"granddaddies","seller":"mercurial9","symbol":"SPT","quantity":"344.201273","price":"0.00215003","timestamp":1642658832,"volume":"0.74004306","buyTxId":"5ed44ce252de23c9e91c86e420458ea407590f06","sellTxId":"68182c00dd2dfea580554a6c2139f30a614c298c"}
{"index": {"_index":"spt","_id":"2593565"}}
	{"id":2593565,"type":"buy","buyer":"captainquack22","seller":"brofi-market","symbol":"SPT","quantity":"0.077451","price":"0.00236999","timestamp":1642660758,"volume":"0.00018356","buyTxId":"b9fd512106451b23ea508e198aba80ff884e09e2","sellTxId":"f323dd4fb1eb4e2d9317f477cd1e8d73ca7befb7"}
{"index": {"_index":"spt","_id":"2593566"}}
	{"id":2593566,"type":"buy","buyer":"captainquack22","seller":"laundrywoman","symbol":"SPT","quantity":"421.865256","price":"0.00236999","timestamp":1642660758,"volume":"0.99981644","buyTxId":"b9fd512106451b23ea508e198aba80ff884e09e2","sellTxId":"6ccd4a9d133959c2f378fa4bf180c0fdd3b304b6"}
{"index": {"_index":"spt","_id":"2593593"}}
	{"id":2593593,"type":"sell","buyer":"granddaddies","seller":"dhedge-drips","symbol":"SPT","quantity":"0.007260","price":"0.00215003","timestamp":1642661142,"volume":"0.00001561","buyTxId":"5ed44ce252de23c9e91c86e420458ea407590f06","sellTxId":"f73b97036b0148e0897ee46fa629a0d6b8f9f9ee"}
{"index": {"_index":"spt","_id":"2593801"}}
	{"id":2593801,"type":"sell","buyer":"granddaddies","seller":"bokica80","symbol":"SPT","quantity":"161.890537","price":"0.00215003","timestamp":1642663347,"volume":"0.34806951","buyTxId":"5ed44ce252de23c9e91c86e420458ea407590f06","sellTxId":"d0269a729118ca7b7c13d4ea498780dc5ce51f28"}
{"index": {"_index":"spt","_id":"2593949"}}
	{"id":2593949,"type":"sell","buyer":"granddaddies","seller":"twentyfourseven","symbol":"SPT","quantity":"779.852111","price":"0.00215003","timestamp":1642665792,"volume":"1.67670543","buyTxId":"5ed44ce252de23c9e91c86e420458ea407590f06","sellTxId":"cfa268a703538c2db1770ff951ea49277904549d"}
{"index": {"_index":"spt","_id":"2594023"}}
	{"id":2594023,"type":"sell","buyer":"granddaddies","seller":"vaporent","symbol":"SPT","quantity":"0.041575","price":"0.00215003","timestamp":1642666707,"volume":"0.00008939","buyTxId":"5ed44ce252de23c9e91c86e420458ea407590f06","sellTxId":"facb0300b2ee0cc35449eb1b589f600319a510fc"}
{"index": {"_index":"spt","_id":"2594104"}}
	{"id":2594104,"type":"sell","buyer":"granddaddies","seller":"davethegreat","symbol":"SPT","quantity":"27.000000","price":"0.00215003","timestamp":1642668378,"volume":"0.05805081","buyTxId":"5ed44ce252de23c9e91c86e420458ea407590f06","sellTxId":"602e20401d62c8c723037938284c1390c13c0bf1"}
{"index": {"_index":"spt","_id":"2594289"}}
	{"id":2594289,"type":"sell","buyer":"granddaddies","seller":"riponr","symbol":"SPT","quantity":"1484.879559","price":"0.00215003","timestamp":1642670361,"volume":"3.19253560","buyTxId":"5ed44ce252de23c9e91c86e420458ea407590f06","sellTxId":"9b4b37d7f9a20695103acf279800cfab8288da81"}
{"index": {"_index":"spt","_id":"2594502"}}
	{"id":2594502,"type":"buy","buyer":"samarek69","seller":"laundrywoman","symbol":"SPT","quantity":"1.090400","price":"0.00236997","timestamp":1642673064,"volume":"0.00258422","buyTxId":"f6163848c59730cf3f0273bf273d11c663f03c0e","sellTxId":"c125e59a6287d96b8fa21951c52a1302d9f0320f"}
{"index": {"_index":"spt","_id":"2594676"}}
	{"id":2594676,"type":"sell","buyer":"granddaddies","seller":"dswap","symbol":"SPT","quantity":"82.448688","price":"0.00215005","timestamp":1642675302,"volume":"0.17726880","buyTxId":"8eeb607da9850b1d16889edc4f55e63d1ff2fab2","sellTxId":"c0411501b8220e44324ceb183dd2eac3eb8c2ef3"}
{"index": {"_index":"spt","_id":"2594920"}}
	{"id":2594920,"type":"sell","buyer":"granddaddies","seller":"themarkymark","symbol":"SPT","quantity":"54.807000","price":"0.00215005","timestamp":1642676460,"volume":"0.11783779","buyTxId":"8eeb607da9850b1d16889edc4f55e63d1ff2fab2","sellTxId":"80305ae9105bbd5175945c7da22306b7f4200511"}
{"index": {"_index":"spt","_id":"2594932"}}
	{"id":2594932,"type":"buy","buyer":"chireerocks","seller":"laundrywoman","symbol":"SPT","quantity":"867.000000","price":"0.00236995","timestamp":1642676679,"volume":"2.05474665","buyTxId":"b79ce10ffa85d36d583209e267d78f8eb7c33178","sellTxId":"ffea0c9a7cb52a4772e1af3219fe1bca7f126f80"}
{"index": {"_index":"spt","_id":"2594960"}}
	{"id":2594960,"type":"sell","buyer":"granddaddies","seller":"carlosro","symbol":"SPT","quantity":"1407.338825","price":"0.00215005","timestamp":1642677168,"volume":"3.02584884","buyTxId":"8eeb607da9850b1d16889edc4f55e63d1ff2fab2","sellTxId":"95dfdd4a52bb75dec6097ed20280f62099c80e2b"}
{"index": {"_index":"spt","_id":"2595145"}}
	{"id":2595145,"type":"sell","buyer":"granddaddies","seller":"anderssinho","symbol":"SPT","quantity":"0.087000","price":"0.00215005","timestamp":1642679715,"volume":"0.00018705","buyTxId":"8eeb607da9850b1d16889edc4f55e63d1ff2fab2","sellTxId":"4e98a135361a1458c7684d874cd3cd4cd7f3908c"}
{"index": {"_index":"spt","_id":"2595191"}}
	{"id":2595191,"type":"sell","buyer":"granddaddies","seller":"freeztag","symbol":"SPT","quantity":"139.293077","price":"0.00215005","timestamp":1642680141,"volume":"0.29948708","buyTxId":"8eeb607da9850b1d16889edc4f55e63d1ff2fab2","sellTxId":"5fd6890373f5fa3959dbffa4b19c066353445fb5"}
{"index": {"_index":"spt","_id":"2595279"}}
	{"id":2595279,"type":"buy","buyer":"samarek69","seller":"laundrywoman","symbol":"SPT","quantity":"0.440540","price":"0.00235999","timestamp":1642681203,"volume":"0.00103967","buyTxId":"bfb3431bf0c176d023ec0b32d0305b6cf19647c4","sellTxId":"fbafa126db3da1b3c7a127ce7b9b0b6579567012"}
{"index": {"_index":"spt","_id":"2595293"}}
	{"id":2595293,"type":"buy","buyer":"samarek69","seller":"laundrywoman","symbol":"SPT","quantity":"43.030000","price":"0.00235999","timestamp":1642681344,"volume":"0.10155037","buyTxId":"59943fa3f00c96fd815ad4f688d7df4e5050e475","sellTxId":"fbafa126db3da1b3c7a127ce7b9b0b6579567012"}
{"index": {"_index":"spt","_id":"2595418"}}
	{"id":2595418,"type":"buy","buyer":"samarek69","seller":"laundrywoman","symbol":"SPT","quantity":"0.046490","price":"0.00235999","timestamp":1642682868,"volume":"0.00010972","buyTxId":"14109d933da764ecd4aa629eb8fe84553b540dc3","sellTxId":"fbafa126db3da1b3c7a127ce7b9b0b6579567012"}
{"index": {"_index":"spt","_id":"2595616"}}
	{"id":2595616,"type":"sell","buyer":"granddaddies","seller":"lilsob","symbol":"SPT","quantity":"92.354920","price":"0.00215005","timestamp":1642684605,"volume":"0.19856770","buyTxId":"8eeb607da9850b1d16889edc4f55e63d1ff2fab2","sellTxId":"2ed9ccac208fb5dd13e0ed32985cfa4297f42f65"}
{"index": {"_index":"spt","_id":"2595659"}}
	{"id":2595659,"type":"sell","buyer":"granddaddies","seller":"fcb.spt","symbol":"SPT","quantity":"100.062326","price":"0.00215005","timestamp":1642685121,"volume":"0.21513900","buyTxId":"8eeb607da9850b1d16889edc4f55e63d1ff2fab2","sellTxId":"6d30472716101fc80f84a6194010292b64b7e759"}
{"index": {"_index":"spt","_id":"2595783"}}
	{"id":2595783,"type":"sell","buyer":"granddaddies","seller":"vaporent","symbol":"SPT","quantity":"2.465917","price":"0.00215005","timestamp":1642687026,"volume":"0.00530184","buyTxId":"8eeb607da9850b1d16889edc4f55e63d1ff2fab2","sellTxId":"e161446c1f54588f49876381c9a82f08d9c8587d"}
{"index": {"_index":"spt","_id":"2595784"}}
	{"id":2595784,"type":"sell","buyer":"granddaddies","seller":"petreius","symbol":"SPT","quantity":"20","price":"0.00215005","timestamp":1642687035,"volume":"0.04300100","buyTxId":"8eeb607da9850b1d16889edc4f55e63d1ff2fab2","sellTxId":"354942dfd36397c986ab3f2a4306b9703de105c6"}
{"index": {"_index":"spt","_id":"2595837"}}
	{"id":2595837,"type":"sell","buyer":"granddaddies","seller":"robmojo","symbol":"SPT","quantity":"1885","price":"0.00215005","timestamp":1642687479,"volume":"4.05284425","buyTxId":"8eeb607da9850b1d16889edc4f55e63d1ff2fab2","sellTxId":"0adfcab50a9442ebf9d433b052093465f68e03c4"}
{"index": {"_index":"spt","_id":"2596335"}}
	{"id":2596335,"type":"buy","buyer":"druidsblood","seller":"laundrywoman","symbol":"SPT","quantity":"10000.000000","price":"0.00234999","timestamp":1642692609,"volume":"23.49990000","buyTxId":"8bcfa6391a6140f3e45fcf73bc06249696550862","sellTxId":"8f7c988295de5f458541bcf929b83e7e46a23eb5"}
{"index": {"_index":"spt","_id":"2596438"}}
	{"id":2596438,"type":"sell","buyer":"granddaddies","seller":"chronocrypto","symbol":"SPT","quantity":"4262.556922","price":"0.00215005","timestamp":1642693338,"volume":"9.16471051","buyTxId":"8eeb607da9850b1d16889edc4f55e63d1ff2fab2","sellTxId":"442095796b964a4f1f5d18573d00940022e7793b"}
{"index": {"_index":"spt","_id":"2596605"}}
	{"id":2596605,"type":"sell","buyer":"granddaddies","seller":"brofi-market","symbol":"SPT","quantity":"0.253660","price":"0.00215005","timestamp":1642695006,"volume":"0.00054538","buyTxId":"8eeb607da9850b1d16889edc4f55e63d1ff2fab2","sellTxId":"1e6a3339fdbe3707ffdc43968bdd7d1d3c273b97"}
{"index": {"_index":"spt","_id":"2596685"}}
	{"id":2596685,"type":"sell","buyer":"granddaddies","seller":"falcout","symbol":"SPT","quantity":"2307.140758","price":"0.00215005","timestamp":1642695915,"volume":"4.96046799","buyTxId":"8eeb607da9850b1d16889edc4f55e63d1ff2fab2","sellTxId":"fd8ac9d2a159968d8ffcd497423701f4b854f1bf"}
{"index": {"_index":"spt","_id":"2596815"}}
	{"id":2596815,"type":"buy","buyer":"samarek69","seller":"laundrywoman","symbol":"SPT","quantity":"0.444730","price":"0.00234999","timestamp":1642696983,"volume":"0.00104511","buyTxId":"c6b80a188ae3f96d642f255aa05c7d17085d31fe","sellTxId":"8f7c988295de5f458541bcf929b83e7e46a23eb5"}
{"index": {"_index":"spt","_id":"2597123"}}
	{"id":2597123,"type":"buy","buyer":"worldfinances","seller":"laundrywoman","symbol":"SPT","quantity":"425.000000","price":"0.00234999","timestamp":1642698681,"volume":"0.99874575","buyTxId":"8ce637db4c260eca82c5277a5c1d996908b1ed35","sellTxId":"8f7c988295de5f458541bcf929b83e7e46a23eb5"}
{"index": {"_index":"spt","_id":"2597153"}}
	{"id":2597153,"type":"sell","buyer":"granddaddies","seller":"eghnim","symbol":"SPT","quantity":"48.147980","price":"0.00215005","timestamp":1642698900,"volume":"0.10352056","buyTxId":"8eeb607da9850b1d16889edc4f55e63d1ff2fab2","sellTxId":"e2f386f9df54a52227adb96df4202e1327756ac5"}
{"index": {"_index":"spt","_id":"2597160"}}
	{"id":2597160,"type":"sell","buyer":"granddaddies","seller":"decepticons","symbol":"SPT","quantity":"760.000000","price":"0.00215005","timestamp":1642698993,"volume":"1.63403800","buyTxId":"8eeb607da9850b1d16889edc4f55e63d1ff2fab2","sellTxId":"dba6eb00699677a019fad21cdedb567f051523ac"}
{"index": {"_index":"spt","_id":"2597183"}}
	{"id":2597183,"type":"sell","buyer":"granddaddies","seller":"dswap","symbol":"SPT","quantity":"992.765705","price":"0.00215005","timestamp":1642699152,"volume":"2.13449590","buyTxId":"8eeb607da9850b1d16889edc4f55e63d1ff2fab2","sellTxId":"289b8e1f606f76b45aa6efff066c79a6bc66faec"}
{"index": {"_index":"spt","_id":"2597413"}}
	{"id":2597413,"type":"sell","buyer":"granddaddies","seller":"kennysgaminglife","symbol":"SPT","quantity":"5233.786448","price":"0.00215005","timestamp":1642700820,"volume":"11.25290255","buyTxId":"8eeb607da9850b1d16889edc4f55e63d1ff2fab2","sellTxId":"f0fc32a1dd8211afdd0b3000cc09d83f56953872"}
{"index": {"_index":"spt","_id":"2597683"}}
	{"id":2597683,"type":"sell","buyer":"granddaddies","seller":"christislord","symbol":"SPT","quantity":"29.882089","price":"0.00215005","timestamp":1642702326,"volume":"0.06424799","buyTxId":"8eeb607da9850b1d16889edc4f55e63d1ff2fab2","sellTxId":"f03268835fdcddc1e4853c9d1e50be9f5745cf6e"}
{"index": {"_index":"spt","_id":"2597685"}}
	{"id":2597685,"type":"sell","buyer":"granddaddies","seller":"freeztag","symbol":"SPT","quantity":"239.931268","price":"0.00215005","timestamp":1642702362,"volume":"0.51586422","buyTxId":"8eeb607da9850b1d16889edc4f55e63d1ff2fab2","sellTxId":"e2292042b327afe9559ce319e1d27eac343a83a2"}
{"index": {"_index":"spt","_id":"2597784"}}
	{"id":2597784,"type":"buy","buyer":"balbaabart","seller":"laundrywoman","symbol":"SPT","quantity":"119.418257","price":"0.00234999","timestamp":1642702992,"volume":"0.28063171","buyTxId":"6bb2ed98755dac94ef7349b99bf2997ebc7138d4","sellTxId":"8f7c988295de5f458541bcf929b83e7e46a23eb5"}
{"index": {"_index":"spt","_id":"2598022"}}
	{"id":2598022,"type":"sell","buyer":"granddaddies","seller":"dhedge-drips","symbol":"SPT","quantity":"0.023780","price":"0.00215005","timestamp":1642704339,"volume":"0.00005113","buyTxId":"8eeb607da9850b1d16889edc4f55e63d1ff2fab2","sellTxId":"164958c2a03e094e04608f2ee34038029ef214e4"}
{"index": {"_index":"spt","_id":"2598155"}}
	{"id":2598155,"type":"sell","buyer":"granddaddies","seller":"kran1um","symbol":"SPT","quantity":"1171.244877","price":"0.00215005","timestamp":1642705530,"volume":"2.51823505","buyTxId":"8eeb607da9850b1d16889edc4f55e63d1ff2fab2","sellTxId":"ab5bbce4d7781bf946f55085ffa0e00e10c9f542"}
{"index": {"_index":"spt","_id":"2598168"}}
	{"id":2598168,"type":"sell","buyer":"granddaddies","seller":"dswap","symbol":"SPT","quantity":"8.637176","price":"0.00215005","timestamp":1642705626,"volume":"0.01857036","buyTxId":"8eeb607da9850b1d16889edc4f55e63d1ff2fab2","sellTxId":"415a41200a4e6f8656c1f47b7903ca27996ead7b"}
{"index": {"_index":"spt","_id":"2598201"}}
	{"id":2598201,"type":"buy","buyer":"cryptomajika","seller":"laundrywoman","symbol":"SPT","quantity":"100.000000","price":"0.00229999","timestamp":1642705803,"volume":"0.22999900","buyTxId":"df1594cf1ec9bc839d2b93323e807f7262d827db","sellTxId":"d5c6361cde5dbc75cf9f6258931b830801ea36bf"}
{"index": {"_index":"spt","_id":"2598550"}}
	{"id":2598550,"type":"buy","buyer":"jongolson","seller":"laundrywoman","symbol":"SPT","quantity":"1000.000000","price":"0.00229999","timestamp":1642709082,"volume":"2.29999000","buyTxId":"64a1559e0922cb65b90af2523c9da634ec112b3f","sellTxId":"d5c6361cde5dbc75cf9f6258931b830801ea36bf"}
{"index": {"_index":"spt","_id":"2598628"}}
	{"id":2598628,"type":"sell","buyer":"biglotto","seller":"brofi-market","symbol":"SPT","quantity":"0.215070","price":"0.00215004","timestamp":1642709454,"volume":"0.00046241","buyTxId":"b0997ee220ca7c8c5857fc80a31fc04bf3a1e053","sellTxId":"92ab5ad1b97a3cce88e7ea97ccb24b85a063787f"}
{"index": {"_index":"spt","_id":"2599026"}}
	{"id":2599026,"type":"sell","buyer":"biglotto","seller":"elricmoonslayer","symbol":"SPT","quantity":"22.987376","price":"0.00215004","timestamp":1642713420,"volume":"0.04942378","buyTxId":"b0997ee220ca7c8c5857fc80a31fc04bf3a1e053","sellTxId":"fd1ac43ddba5bc424b0ce190418b2e61d2d5efc8"}
{"index": {"_index":"spt","_id":"2599168"}}
	{"id":2599168,"type":"sell","buyer":"biglotto","seller":"hiveexplorers","symbol":"SPT","quantity":"10.256490","price":"0.00215004","timestamp":1642715148,"volume":"0.02205186","buyTxId":"b0997ee220ca7c8c5857fc80a31fc04bf3a1e053","sellTxId":"ae8dbb3a68d28e45af6f36315440cff6391b9a9b"}
{"index": {"_index":"spt","_id":"2599486"}}
	{"id":2599486,"type":"buy","buyer":"borgito","seller":"laundrywoman","symbol":"SPT","quantity":"245.000000","price":"0.00229999","timestamp":1642718532,"volume":"0.56349755","buyTxId":"8ada75c8c25e515350a084463ee1c51fcbdc886e","sellTxId":"d5c6361cde5dbc75cf9f6258931b830801ea36bf"}
{"index": {"_index":"spt","_id":"2599549"}}
	{"id":2599549,"type":"sell","buyer":"biglotto","seller":"itachi24","symbol":"SPT","quantity":"126.379901","price":"0.00215004","timestamp":1642718856,"volume":"0.27172184","buyTxId":"b0997ee220ca7c8c5857fc80a31fc04bf3a1e053","sellTxId":"b2271ce001c01652e4b571e93c0b8bd7e7696de8"}
{"index": {"_index":"spt","_id":"2599602"}}
	{"id":2599602,"type":"buy","buyer":"simsahas","seller":"laundrywoman","symbol":"SPT","quantity":"3870.000000","price":"0.00229999","timestamp":1642719372,"volume":"8.90096130","buyTxId":"f8e01a4e1fd3eac81ca511d26a0d7fe52df05d7c","sellTxId":"d5c6361cde5dbc75cf9f6258931b830801ea36bf"}
{"index": {"_index":"spt","_id":"2599947"}}
	{"id":2599947,"type":"buy","buyer":"druidsblood","seller":"dhedge-drips","symbol":"SPT","quantity":"0.023780","price":"0.00229999","timestamp":1642722258,"volume":"0.00005469","buyTxId":"e14d09a9dc1fc437cd7b1f1c01c0e97e2b693183","sellTxId":"824168e64486d0a052c295ba259eccb76129b1d8"}
{"index": {"_index":"spt","_id":"2599948"}}
	{"id":2599948,"type":"buy","buyer":"druidsblood","seller":"brofi-market","symbol":"SPT","quantity":"0.215070","price":"0.00229999","timestamp":1642722258,"volume":"0.00049466","buyTxId":"e14d09a9dc1fc437cd7b1f1c01c0e97e2b693183","sellTxId":"e8a003a15c683e88fbda85f8a8babf54e742fbcd"}
{"index": {"_index":"spt","_id":"2599949"}}
	{"id":2599949,"type":"buy","buyer":"druidsblood","seller":"he-index","symbol":"SPT","quantity":"0.049000","price":"0.00229999","timestamp":1642722258,"volume":"0.00011270","buyTxId":"e14d09a9dc1fc437cd7b1f1c01c0e97e2b693183","sellTxId":"0952b4ce40422e3057b37587412f96ae37d1d25c"}
{"index": {"_index":"spt","_id":"2599950"}}
	{"id":2599950,"type":"buy","buyer":"druidsblood","seller":"laundrywoman","symbol":"SPT","quantity":"19154.712150","price":"0.00229999","timestamp":1642722258,"volume":"44.05564640","buyTxId":"e14d09a9dc1fc437cd7b1f1c01c0e97e2b693183","sellTxId":"6fb43f7c002ea55ed8c063797eb5fe389a166054"}
{"index": {"_index":"spt","_id":"2600129"}}
	{"id":2600129,"type":"sell","buyer":"granddaddies","seller":"eturnerx","symbol":"SPT","quantity":"0.560","price":"0.00215005","timestamp":1642723929,"volume":"0.00120403","buyTxId":"a78fb80d443ceed32162f96d007f00d838c8453b","sellTxId":"d994c9864c5952077843081f6276bd48628916ab"}
{"index": {"_index":"spt","_id":"2600157"}}
	{"id":2600157,"type":"sell","buyer":"granddaddies","seller":"brofi-market","symbol":"SPT","quantity":"5.667125","price":"0.00215005","timestamp":1642724043,"volume":"0.01218460","buyTxId":"a78fb80d443ceed32162f96d007f00d838c8453b","sellTxId":"5cccb4efe7c0ab2e76c02a6944eb3969a6e69bf2"}
{"index": {"_index":"spt","_id":"2600226"}}
	{"id":2600226,"type":"buy","buyer":"successforall","seller":"laundrywoman","symbol":"SPT","quantity":"123.427758","price":"0.00229999","timestamp":1642724607,"volume":"0.28388261","buyTxId":"80f1086678f3344fa37b94d5b108baea1740143b","sellTxId":"0495d394002739bb3582f017ff2eaf3e29212851"}
{"index": {"_index":"spt","_id":"2600228"}}
	{"id":2600228,"type":"sell","buyer":"biglotto","seller":"knightsunited","symbol":"SPT","quantity":"21.756874","price":"0.00215004","timestamp":1642724658,"volume":"0.04677815","buyTxId":"b0997ee220ca7c8c5857fc80a31fc04bf3a1e053","sellTxId":"72d57f2831d8fc6f8a47f9c597d52394d79101c5"}
{"index": {"_index":"spt","_id":"2600229"}}
	{"id":2600229,"type":"sell","buyer":"druidsblood","seller":"knightsunited","symbol":"SPT","quantity":"526.623298","price":"0.00215002","timestamp":1642724658,"volume":"1.13225062","buyTxId":"a81fa8886c4f176a4fa2f92755bbffa87bcc318f","sellTxId":"72d57f2831d8fc6f8a47f9c597d52394d79101c5"}
{"index": {"_index":"spt","_id":"2600254"}}
	{"id":2600254,"type":"sell","buyer":"druidsblood","seller":"sketchygamerguy","symbol":"SPT","quantity":"28.525110","price":"0.00215002","timestamp":1642725000,"volume":"0.06132956","buyTxId":"a81fa8886c4f176a4fa2f92755bbffa87bcc318f","sellTxId":"dc754fb813c947327b32c90a8a9a87d3f3f4785f"}
{"index": {"_index":"spt","_id":"2600288"}}
	{"id":2600288,"type":"buy","buyer":"thewycher","seller":"laundrywoman","symbol":"SPT","quantity":"14.782672","price":"0.00229999","timestamp":1642725171,"volume":"0.034","buyTxId":"6b9fc0c7a300715678c1b230742255fe8c879571","sellTxId":"0495d394002739bb3582f017ff2eaf3e29212851"}
{"index": {"_index":"spt","_id":"2600398"}}
	{"id":2600398,"type":"sell","buyer":"druidsblood","seller":"dhedge-drips","symbol":"SPT","quantity":"0.021488","price":"0.00215002","timestamp":1642725993,"volume":"0.00004620","buyTxId":"a81fa8886c4f176a4fa2f92755bbffa87bcc318f","sellTxId":"dccdfd2cdba59a9ba39f8245c50ecaf8de110fd0"}
{"index": {"_index":"spt","_id":"2600452"}}
	{"id":2600452,"type":"buy","buyer":"forsakensushi","seller":"laundrywoman","symbol":"SPT","quantity":"20000.000000","price":"0.00229999","timestamp":1642726809,"volume":"45.99980000","buyTxId":"4b5286fdcdb1f085d9153c915c2c138917c10c4d","sellTxId":"0495d394002739bb3582f017ff2eaf3e29212851"}
{"index": {"_index":"spt","_id":"2600633"}}
	{"id":2600633,"type":"buy","buyer":"captainquack22","seller":"laundrywoman","symbol":"SPT","quantity":"869.568998","price":"0.00229999","timestamp":1642729035,"volume":"2","buyTxId":"033392c5d9b1356d9b5f52182f3efa1d06d40657","sellTxId":"0495d394002739bb3582f017ff2eaf3e29212851"}
{"index": {"_index":"spt","_id":"2600952"}}
	{"id":2600952,"type":"sell","buyer":"granddaddies","seller":"xabi","symbol":"SPT","quantity":"769.268650","price":"0.00215003","timestamp":1642733199,"volume":"1.65395068","buyTxId":"52350b861ca8f8a58d9e520ae7dc5d81c15bad2a","sellTxId":"422b17363f7f3f5e45fa62e9e45e3a91493a656a"}
{"index": {"_index":"spt","_id":"2601303"}}
	{"id":2601303,"type":"sell","buyer":"granddaddies","seller":"mvl2304","symbol":"SPT","quantity":"2487.439882","price":"0.00215003","timestamp":1642737066,"volume":"5.34807037","buyTxId":"a3f376a72b1f7244c1f4d459dfe53abc67bd48ac","sellTxId":"edc78481cd193e225358654bf3bb32c04c173485"}
