{"index": {"_index":"spt","_id":"1796298"}}
	{"id":1796298,"type":"sell","buyer":"mastergerund","seller":"brofi-market","symbol":"SPT","quantity":"5.478089","price":"0.00842000","timestamp":1635207159,"volume":"0.04612551","buyTxId":"57d7acf6cdae7aa5298e42f5b96ac9d87c1f70bc","sellTxId":"c6d9c10df9665b0feccf04c794b7936dac43f58d"}
{"index": {"_index":"spt","_id":"1796390"}}
	{"id":1796390,"type":"sell","buyer":"mastergerund","seller":"he-index","symbol":"SPT","quantity":"0.009000","price":"0.00842000","timestamp":1635208566,"volume":"0.00007578","buyTxId":"57d7acf6cdae7aa5298e42f5b96ac9d87c1f70bc","sellTxId":"514b5f00b55e55d80b2228a126fd6df4aa213c7f"}
{"index": {"_index":"spt","_id":"1796434"}}
	{"id":1796434,"type":"sell","buyer":"mastergerund","seller":"dhedge-drips","symbol":"SPT","quantity":"0.065811","price":"0.00842000","timestamp":1635209229,"volume":"0.00055413","buyTxId":"57d7acf6cdae7aa5298e42f5b96ac9d87c1f70bc","sellTxId":"98be2eadbc4a978fd4457d9d23248e2eb8c4b311"}
{"index": {"_index":"spt","_id":"1796460"}}
	{"id":1796460,"type":"buy","buyer":"jongolson","seller":"walkingkeys","symbol":"SPT","quantity":"450.040270","price":"0.00844000","timestamp":1635209442,"volume":"3.79833988","buyTxId":"40c7266febd14d80934d455c01cf79450f6fe991","sellTxId":"58332a4c3ea87acc75206429e9b1fdf6b4ad602e"}
{"index": {"_index":"spt","_id":"1796461"}}
	{"id":1796461,"type":"buy","buyer":"jongolson","seller":"brofi-market","symbol":"SPT","quantity":"5.478089","price":"0.00844000","timestamp":1635209442,"volume":"0.04623507","buyTxId":"40c7266febd14d80934d455c01cf79450f6fe991","sellTxId":"4788e7e8d71c968b24e93e4e6970ec1d51ee9b80"}
{"index": {"_index":"spt","_id":"1796462"}}
	{"id":1796462,"type":"buy","buyer":"jongolson","seller":"dhedge-drips","symbol":"SPT","quantity":"0.065811","price":"0.00844000","timestamp":1635209442,"volume":"0.00055544","buyTxId":"40c7266febd14d80934d455c01cf79450f6fe991","sellTxId":"c11d39cdad47c94c0a4fbb595dbdd61ed5cc3dce"}
{"index": {"_index":"spt","_id":"1796463"}}
	{"id":1796463,"type":"buy","buyer":"jongolson","seller":"despise","symbol":"SPT","quantity":"1044.415830","price":"0.00869000","timestamp":1635209442,"volume":"9.07597356","buyTxId":"40c7266febd14d80934d455c01cf79450f6fe991","sellTxId":"21a16c8a16b85c4dadd1fd58b6cd1f1e66287ec7"}
{"index": {"_index":"spt","_id":"1796677"}}
	{"id":1796677,"type":"buy","buyer":"frankcapital","seller":"laundrywoman","symbol":"SPT","quantity":"4750.000000","price":"0.00865999","timestamp":1635211593,"volume":"41.13495250","buyTxId":"179c16fc95089b6c0f5042e86585fb813ebb7ff4","sellTxId":"455996524e4279eaea158f42e5ed20703b86a307"}
{"index": {"_index":"spt","_id":"1796705"}}
	{"id":1796705,"type":"sell","buyer":"mastergerund","seller":"captainkaye","symbol":"SPT","quantity":"118343.000000","price":"0.00845000","timestamp":1635211842,"volume":"999.99835000","buyTxId":"b0fbb469ba6ef4da96066cf86f9cfd74fc929dd7","sellTxId":"46cbc1434cad1b03852692e9dd6bc6f70f06cb99"}
{"index": {"_index":"spt","_id":"1796717"}}
	{"id":1796717,"type":"sell","buyer":"dyimsen","seller":"buackaw","symbol":"SPT","quantity":"12.500000","price":"0.00844000","timestamp":1635212028,"volume":"0.10550000","buyTxId":"91ea20c8833bd129321c3694b8abec95df5ce82b","sellTxId":"9d7a5b7b0eef3ef2ab56acdcfab94f16b2a04067"}
{"index": {"_index":"spt","_id":"1796848"}}
	{"id":1796848,"type":"sell","buyer":"dyimsen","seller":"frankches","symbol":"SPT","quantity":"56.500000","price":"0.00844000","timestamp":1635213990,"volume":"0.47686000","buyTxId":"91ea20c8833bd129321c3694b8abec95df5ce82b","sellTxId":"14e4eb1def853d9fbaee38d7b51b019c0012e0e9"}
{"index": {"_index":"spt","_id":"1796849"}}
	{"id":1796849,"type":"sell","buyer":"muzehan","seller":"frankches","symbol":"SPT","quantity":"1000.000000","price":"0.00840000","timestamp":1635213990,"volume":"8.40000000","buyTxId":"9c457bb046b7f7bf2f88a89c33f9c6c33e945913","sellTxId":"14e4eb1def853d9fbaee38d7b51b019c0012e0e9"}
{"index": {"_index":"spt","_id":"1796880"}}
	{"id":1796880,"type":"sell","buyer":"pi-trader","seller":"frankches","symbol":"SPT","quantity":"183.380500","price":"0.00830001","timestamp":1635214362,"volume":"1.52205998","buyTxId":"1a47e7096801a83f094467157152bdf42d195e3e-2","sellTxId":"831e1533814b1312891e5663eb93f15156834ba4"}
{"index": {"_index":"spt","_id":"1797044"}}
	{"id":1797044,"type":"sell","buyer":"eirik","seller":"trentonlundy1","symbol":"SPT","quantity":"0.367737","price":"0.00830000","timestamp":1635216579,"volume":"0.00305222","buyTxId":"4f76b55055e27f4098babe293cd5e04f37b7b39e","sellTxId":"9d12de90f30c62cc8381b74d72532739f2337db5"}
{"index": {"_index":"spt","_id":"1797113"}}
	{"id":1797113,"type":"sell","buyer":"eirik","seller":"zasktrader","symbol":"SPT","quantity":"24.94","price":"0.00830000","timestamp":1635217341,"volume":"0.20700200","buyTxId":"4f76b55055e27f4098babe293cd5e04f37b7b39e","sellTxId":"306da124319787ffcb1f775230e354249ef1ee5c"}
{"index": {"_index":"spt","_id":"1797262"}}
	{"id":1797262,"type":"sell","buyer":"pi-trader","seller":"steem82868","symbol":"SPT","quantity":"55.694941","price":"0.00830001","timestamp":1635219180,"volume":"0.46226857","buyTxId":"45ca393aaa61d36b63dc31b5f1ce5fbc119f48df-4","sellTxId":"0add5087ef2e3394b8b395acbc09cebfd7896a75"}
{"index": {"_index":"spt","_id":"1797483"}}
	{"id":1797483,"type":"sell","buyer":"pi-trader","seller":"brofi-market","symbol":"SPT","quantity":"0.673041","price":"0.00830003","timestamp":1635221520,"volume":"0.00558626","buyTxId":"afe670372d213163896414d5d02cd926ed046d2e-4","sellTxId":"bbcbcb040fb8b53d27cf82edc77c8b1111c7711a"}
{"index": {"_index":"spt","_id":"1797504"}}
	{"id":1797504,"type":"buy","buyer":"catchacannonball","seller":"laundrywoman","symbol":"SPT","quantity":"4991.000000","price":"0.00864988","timestamp":1635221811,"volume":"43.17155108","buyTxId":"88ec000a2112b5b7de5755b6c7e9f3d8a76438de","sellTxId":"374ade29ed1a497069b9ce1ba2936dda2d556f77"}
{"index": {"_index":"spt","_id":"1797786"}}
	{"id":1797786,"type":"sell","buyer":"pi-trader","seller":"mercurial9","symbol":"SPT","quantity":"308.093000","price":"0.00830001","timestamp":1635225330,"volume":"2.55717498","buyTxId":"bdf7c48f32312f5edb5c25510aa497e8018560e5-3","sellTxId":"61ac48b1032deac068bded82fdfaf004ac6c3f28"}
{"index": {"_index":"spt","_id":"1797815"}}
	{"id":1797815,"type":"sell","buyer":"pi-trader","seller":"dkid14","symbol":"SPT","quantity":"499.033102","price":"0.00830001","timestamp":1635225756,"volume":"4.14197974","buyTxId":"3e06d06d27645a77e5f6349ad7f15e88af50a19b-2","sellTxId":"ee12971697231e9784b03267a8eb646dcc70225d"}
{"index": {"_index":"spt","_id":"1797862"}}
	{"id":1797862,"type":"buy","buyer":"sansey","seller":"solovey6o2","symbol":"SPT","quantity":"17000.000000","price":"0.00864986","timestamp":1635226533,"volume":"147.04762000","buyTxId":"999ab417bc3b427e846eef830a6fc14401af58f9","sellTxId":"562b9af1474e685be6041bd73ce465aa5a1e817d"}
{"index": {"_index":"spt","_id":"1797881"}}
	{"id":1797881,"type":"sell","buyer":"pi-trader","seller":"iceman23","symbol":"SPT","quantity":"11.477706","price":"0.00830001","timestamp":1635226851,"volume":"0.09526507","buyTxId":"f91d22c50ef2e9c20db9b6d26e05283566989769-8","sellTxId":"1b5fda537db6a71be569865b72f7ea6817941c50"}
{"index": {"_index":"spt","_id":"1797890"}}
	{"id":1797890,"type":"sell","buyer":"pi-trader","seller":"iceman-23","symbol":"SPT","quantity":"48.034667","price":"0.00830001","timestamp":1635227031,"volume":"0.39868822","buyTxId":"e6c3f8cdaad4aeb832cc4bb882a6e541c908c678-2","sellTxId":"d2622136b4a1182da4c535984076546ae27a643b"}
{"index": {"_index":"spt","_id":"1797891"}}
	{"id":1797891,"type":"sell","buyer":"pi-trader","seller":"hive.pizza","symbol":"SPT","quantity":"2189.371171","price":"0.00830001","timestamp":1635227043,"volume":"18.17180261","buyTxId":"e6c3f8cdaad4aeb832cc4bb882a6e541c908c678-2","sellTxId":"d824643a2a9012908608150cadce2ea76f74a928"}
{"index": {"_index":"spt","_id":"1797953"}}
	{"id":1797953,"type":"sell","buyer":"pi-trader","seller":"mightyrocklee","symbol":"SPT","quantity":"1360.739413","price":"0.00830001","timestamp":1635227577,"volume":"11.29415074","buyTxId":"d29531a95de740333ebdd672e3d246c8cf38877e-3","sellTxId":"1f1cbf2923b24449f9e8eada233cdad1db90856c"}
{"index": {"_index":"spt","_id":"1797990"}}
	{"id":1797990,"type":"buy","buyer":"evernoticethat","seller":"laundrywoman","symbol":"SPT","quantity":"3000.000000","price":"0.00864991","timestamp":1635228054,"volume":"25.94973000","buyTxId":"32b703bd554410f3f7524872b26b27b522a45345","sellTxId":"438d203fa563f0a9fb6ec46db2a04a8208366d79"}
{"index": {"_index":"spt","_id":"1798070"}}
	{"id":1798070,"type":"sell","buyer":"pi-trader","seller":"bambukah","symbol":"SPT","quantity":"1.910507","price":"0.00830001","timestamp":1635228687,"volume":"0.01585723","buyTxId":"6459d1a78ace523f427ee37bb7d8bfee52e821fa-4","sellTxId":"b4fe83997852c39ecc74d7328dc39aca5556a0a6"}
{"index": {"_index":"spt","_id":"1798334"}}
	{"id":1798334,"type":"sell","buyer":"pi-trader","seller":"dhedge-drips","symbol":"SPT","quantity":"0.063097","price":"0.00830001","timestamp":1635230739,"volume":"0.00052371","buyTxId":"15b018db1783a3759b4848ff694604929b6f0bcd-1","sellTxId":"f10b220a27b10b5f768d2030000f454f8a564725"}
{"index": {"_index":"spt","_id":"1798520"}}
	{"id":1798520,"type":"buy","buyer":"jongolson","seller":"dhedge-drips","symbol":"SPT","quantity":"0.063097","price":"0.00864979","timestamp":1635231951,"volume":"0.00054578","buyTxId":"bf9f5ba6e37bb7e05bbd3c1c6cd731a8253982e1","sellTxId":"f03bbe5beb124688ce6cb40b959f4102f92b78b3"}
{"index": {"_index":"spt","_id":"1798521"}}
	{"id":1798521,"type":"buy","buyer":"jongolson","seller":"brofi-market","symbol":"SPT","quantity":"0.673041","price":"0.00864992","timestamp":1635231951,"volume":"0.00582175","buyTxId":"bf9f5ba6e37bb7e05bbd3c1c6cd731a8253982e1","sellTxId":"21346c6cb8772a716a8260676d07d49bcca09862"}
{"index": {"_index":"spt","_id":"1798522"}}
	{"id":1798522,"type":"buy","buyer":"jongolson","seller":"captainkaye","symbol":"SPT","quantity":"999.263862","price":"0.00865000","timestamp":1635231951,"volume":"8.64363241","buyTxId":"bf9f5ba6e37bb7e05bbd3c1c6cd731a8253982e1","sellTxId":"b2eb626dfca0460dc92ab0988ea1389e7ec55105"}
{"index": {"_index":"spt","_id":"1798716"}}
	{"id":1798716,"type":"sell","buyer":"pi-trader","seller":"anderssinho","symbol":"SPT","quantity":"0.063000","price":"0.00830002","timestamp":1635233607,"volume":"0.00052290","buyTxId":"6d5a11e1d1657c1da028add7c14e90b6748839dc-5","sellTxId":"d4bcaa49ea2d9b2106de71520c34cb62345374c7"}
{"index": {"_index":"spt","_id":"1798780"}}
	{"id":1798780,"type":"buy","buyer":"shebe","seller":"remiakther","symbol":"SPT","quantity":"20.000000","price":"0.00850000","timestamp":1635234051,"volume":"0.17","buyTxId":"fbe3a096c59340bc8313162f3f2f67ddd8cafe91","sellTxId":"58d4428b1b7cbda418945efd51888677daec6214"}
{"index": {"_index":"spt","_id":"1798996"}}
	{"id":1798996,"type":"sell","buyer":"he-index","seller":"brofi-market","symbol":"SPT","quantity":"0.271051","price":"0.00830001","timestamp":1635235785,"volume":"0.00224973","buyTxId":"f85656d1d28ea6e98fb65671ecf7c4a79ce92c2f","sellTxId":"60dbb6a112a782742696bc770bb41b8b7ce496e4"}
{"index": {"_index":"spt","_id":"1799244"}}
	{"id":1799244,"type":"sell","buyer":"pi-trader","seller":"remiakther","symbol":"SPT","quantity":"437","price":"0.00830002","timestamp":1635239187,"volume":"3.62710874","buyTxId":"ab223abca0f16b8202704a4af896df8a8b22425d-2","sellTxId":"c1d8e2eeb36b9e99cf80a2b4b9443424f744be7b"}
{"index": {"_index":"spt","_id":"1799609"}}
	{"id":1799609,"type":"buy","buyer":"shebe","seller":"brofi-market","symbol":"SPT","quantity":"0.271051","price":"0.00850000","timestamp":1635243600,"volume":"0.00230393","buyTxId":"2885aa67cb8d4a34548ce1a822ae0181a9af9106","sellTxId":"72f1430809dbfd104533fbdb5fc1cba255e2f19e"}
{"index": {"_index":"spt","_id":"1799610"}}
	{"id":1799610,"type":"buy","buyer":"shebe","seller":"laundrywoman","symbol":"SPT","quantity":"15.918786","price":"0.00864991","timestamp":1635243600,"volume":"0.13769607","buyTxId":"2885aa67cb8d4a34548ce1a822ae0181a9af9106","sellTxId":"06ac6e58193465ca51aac31d046510296717c2b7"}
{"index": {"_index":"spt","_id":"1799663"}}
	{"id":1799663,"type":"buy","buyer":"shebe","seller":"captainkaye","symbol":"SPT","quantity":"682.080924","price":"0.00865000","timestamp":1635244113,"volume":"5.9","buyTxId":"73a8e77680f3437c6d7f3fd4a512b6f1051b80a4","sellTxId":"b2eb626dfca0460dc92ab0988ea1389e7ec55105"}
{"index": {"_index":"spt","_id":"1799737"}}
	{"id":1799737,"type":"sell","buyer":"cryptoche","seller":"solaito","symbol":"SPT","quantity":"14.800000","price":"0.00860000","timestamp":1635245181,"volume":"0.12728000","buyTxId":"c6d1530be3bc443e7b42c20a965c2db4df062f71","sellTxId":"1b8e416bd9fc91a91f4333de742e173729b75076"}
{"index": {"_index":"spt","_id":"1800012"}}
	{"id":1800012,"type":"sell","buyer":"pi-trader","seller":"onealfa","symbol":"SPT","quantity":"0.664266","price":"0.00830047","timestamp":1635248586,"volume":"0.00551372","buyTxId":"576586a69aa43d96ac401a61752b0ced7c938285-1","sellTxId":"d982468c5cea8914d857c2c6d20208356343b4cb"}
{"index": {"_index":"spt","_id":"1800036"}}
	{"id":1800036,"type":"sell","buyer":"pi-trader","seller":"draicor","symbol":"SPT","quantity":"5494.494931","price":"0.00830047","timestamp":1635248943,"volume":"45.60689034","buyTxId":"43ebbd7815235e2cff36ba0d618d773336af3c90-5","sellTxId":"11c9e1bf23825785e75cd8f1c4dfe3d48fec9841"}
{"index": {"_index":"spt","_id":"1800069"}}
	{"id":1800069,"type":"sell","buyer":"pi-trader","seller":"forexbrokr","symbol":"SPT","quantity":"0.121984","price":"0.00830051","timestamp":1635249288,"volume":"0.00101253","buyTxId":"1c63bb1a9b311dc82260b29eea1526ed93b8878e-1","sellTxId":"f32db48a605cbc0c18e242cf1605f1f65ef3fffc"}
{"index": {"_index":"spt","_id":"1800166"}}
	{"id":1800166,"type":"sell","buyer":"pi-trader","seller":"brofi-market","symbol":"SPT","quantity":"1.455718","price":"0.00830002","timestamp":1635250170,"volume":"0.01208249","buyTxId":"58a686fd6a5add2bb2af58b1a555b48ed894eb7d-1","sellTxId":"5bb0f24d0bacdd411720b60fd8abaf185a6b7b5f"}
{"index": {"_index":"spt","_id":"1800243"}}
	{"id":1800243,"type":"sell","buyer":"pi-trader","seller":"nuzomoj1","symbol":"SPT","quantity":"1.011419","price":"0.00830010","timestamp":1635251088,"volume":"0.00839488","buyTxId":"5d3e284c242e2f15dd35cb9114dccb49b8fe4e97-1","sellTxId":"902d34a9ce3455c8e81b9534530eb538cd55449f"}
{"index": {"_index":"spt","_id":"1800358"}}
	{"id":1800358,"type":"sell","buyer":"pi-trader","seller":"themarkymark","symbol":"SPT","quantity":"101.270000","price":"0.00830004","timestamp":1635252303,"volume":"0.84054505","buyTxId":"63689cbb4c59e89a0f0e67add9a0bbeee5be3342-2","sellTxId":"4cab1ba1d23339ed3407a9c74c4b00c9d26b54d7"}
{"index": {"_index":"spt","_id":"1800368"}}
	{"id":1800368,"type":"sell","buyer":"granddaddies","seller":"dhedge-drips","symbol":"SPT","quantity":"0.025410","price":"0.00830005","timestamp":1635252345,"volume":"0.00021090","buyTxId":"698428690a7d2ef39d4813ea345a18b2a0369fa4","sellTxId":"c70340535dc389cd9aa0d70f0d801b73034230ee"}
{"index": {"_index":"spt","_id":"1800918"}}
	{"id":1800918,"type":"sell","buyer":"pi-trader","seller":"ashikstd","symbol":"SPT","quantity":"2010.191716","price":"0.00831011","timestamp":1635257997,"volume":"16.70491428","buyTxId":"d7c0cda58fdf85c319565b52b8f0bd363d965b14-1","sellTxId":"905e200d2be920b59899b7c899f2259bfee69ffa"}
{"index": {"_index":"spt","_id":"1801126"}}
	{"id":1801126,"type":"sell","buyer":"infidel1258","seller":"aweee","symbol":"SPT","quantity":"0.123401","price":"0.00831000","timestamp":1635259461,"volume":"0.00102546","buyTxId":"48a9b3965cefb04f053679757ff60e627ad24acf","sellTxId":"ff445c227ab84fdd77dffa695b6d191f15deb2de"}
{"index": {"_index":"spt","_id":"1801141"}}
	{"id":1801141,"type":"sell","buyer":"infidel1258","seller":"pewsplosions","symbol":"SPT","quantity":"22.444497","price":"0.00831000","timestamp":1635259548,"volume":"0.18651377","buyTxId":"48a9b3965cefb04f053679757ff60e627ad24acf","sellTxId":"7e8077420132e549e7af9b33c3fc5ba5d46f1305"}
{"index": {"_index":"spt","_id":"1801163"}}
	{"id":1801163,"type":"buy","buyer":"kevm","seller":"solovey6o2","symbol":"SPT","quantity":"2.000000","price":"0.00859991","timestamp":1635259677,"volume":"0.01719982","buyTxId":"981f6fb82febc591053d5e81697a6df925f0bb25","sellTxId":"089e32db31d2357363ddf5727e34c82e3068bbf2"}
{"index": {"_index":"spt","_id":"1801237"}}
	{"id":1801237,"type":"buy","buyer":"samarek69","seller":"solaito","symbol":"SPT","quantity":"0.294200","price":"0.00860000","timestamp":1635260073,"volume":"0.00253012","buyTxId":"8a6c8995cab71ed8956252114ada0351675b1866","sellTxId":"1b8e416bd9fc91a91f4333de742e173729b75076"}
{"index": {"_index":"spt","_id":"1801266"}}
	{"id":1801266,"type":"buy","buyer":"panthera68","seller":"solovey6o2","symbol":"SPT","quantity":"1441.000000","price":"0.00859985","timestamp":1635260124,"volume":"12.39238385","buyTxId":"486e4c3fa09d588a7ead0650fbd327d2751282a6","sellTxId":"423a917dd31b4d1ad741be8e2d1551fa4e714c98"}
{"index": {"_index":"spt","_id":"1801295"}}
	{"id":1801295,"type":"sell","buyer":"infidel1258","seller":"dudeontheweb","symbol":"SPT","quantity":"43.700000","price":"0.00831000","timestamp":1635260235,"volume":"0.36314700","buyTxId":"48a9b3965cefb04f053679757ff60e627ad24acf","sellTxId":"bdfe3bb37895b3fd4366d67bfb431fc50f6d8f14"}
{"index": {"_index":"spt","_id":"1801449"}}
	{"id":1801449,"type":"buy","buyer":"captainquack22","seller":"laundrywoman","symbol":"SPT","quantity":"59.522687","price":"0.00859993","timestamp":1635260781,"volume":"0.51189095","buyTxId":"a45bf447c705b28fab14abfea5bf3f00afcf781a","sellTxId":"a24ae9affa3e4fdee83bf33314db9a6c8e24e5da"}
{"index": {"_index":"spt","_id":"1801471"}}
	{"id":1801471,"type":"sell","buyer":"infidel1258","seller":"magnacarta","symbol":"SPT","quantity":"20.947965","price":"0.00831000","timestamp":1635260919,"volume":"0.17407759","buyTxId":"48a9b3965cefb04f053679757ff60e627ad24acf","sellTxId":"2ec6812e6ccad2c705dbadcd1bbf1a3a87e2f330"}
{"index": {"_index":"spt","_id":"1801721"}}
	{"id":1801721,"type":"buy","buyer":"belemo","seller":"jnn10","symbol":"SPT","quantity":"0.038372","price":"0.00850000","timestamp":1635263094,"volume":"0.00032616","buyTxId":"f24b145b69056f2335642907a019dc56cdf504ba","sellTxId":"9a235f78d4f87311e368ecd04f617d37ddfd0270"}
{"index": {"_index":"spt","_id":"1801722"}}
	{"id":1801722,"type":"buy","buyer":"belemo","seller":"solovey6o2","symbol":"SPT","quantity":"7499.961628","price":"0.00859988","timestamp":1635263094,"volume":"64.49877001","buyTxId":"f24b145b69056f2335642907a019dc56cdf504ba","sellTxId":"adcf39b3d7519ca4c50fd4abcc17c2f6b7cd6796"}
{"index": {"_index":"spt","_id":"1801735"}}
	{"id":1801735,"type":"sell","buyer":"solovey6o2","seller":"mawit07","symbol":"SPT","quantity":"311.624303","price":"0.00831002","timestamp":1635263208,"volume":"2.58960419","buyTxId":"5fa3eb5a15f974e55324616654787c3fb6abdc2b","sellTxId":"f9aaba0c184bf1cfd7316fa52e383490cf4a6c90"}
{"index": {"_index":"spt","_id":"1801822"}}
	{"id":1801822,"type":"buy","buyer":"msiltnt","seller":"laundrywoman","symbol":"SPT","quantity":"7779.989109","price":"0.00859981","timestamp":1635264078,"volume":"66.90642814","buyTxId":"b67683ed670ad0d51f4d8137f0f0894993934cb5","sellTxId":"54fef8a877fbadd6f718dd4f4d9e3552cc73303e"}
{"index": {"_index":"spt","_id":"1801917"}}
	{"id":1801917,"type":"sell","buyer":"solovey6o2","seller":"brofi-market","symbol":"SPT","quantity":"0.796456","price":"0.00831002","timestamp":1635264768,"volume":"0.00661857","buyTxId":"5fa3eb5a15f974e55324616654787c3fb6abdc2b","sellTxId":"9ac21c5895e898e5457f47e31bd1be7c322a1575"}
{"index": {"_index":"spt","_id":"1802082"}}
	{"id":1802082,"type":"sell","buyer":"solovey6o2","seller":"votebetting","symbol":"SPT","quantity":"1.093000","price":"0.00831002","timestamp":1635265713,"volume":"0.00908285","buyTxId":"5fa3eb5a15f974e55324616654787c3fb6abdc2b","sellTxId":"7ca61f3f0abd2152f5abb5572204083d58ef1d8a"}
{"index": {"_index":"spt","_id":"1802170"}}
	{"id":1802170,"type":"sell","buyer":"solovey6o2","seller":"lanchik","symbol":"SPT","quantity":"51.053792","price":"0.00831002","timestamp":1635266031,"volume":"0.42425803","buyTxId":"5fa3eb5a15f974e55324616654787c3fb6abdc2b","sellTxId":"91d53db3b05abe4acecc7d9273df07dec03baa96"}
{"index": {"_index":"spt","_id":"1802250"}}
	{"id":1802250,"type":"sell","buyer":"solovey6o2","seller":"chekohler","symbol":"SPT","quantity":"2.846386","price":"0.00831002","timestamp":1635266358,"volume":"0.02365352","buyTxId":"5fa3eb5a15f974e55324616654787c3fb6abdc2b","sellTxId":"71ff4d766755938062ed5a054ed56c21e533979a"}
{"index": {"_index":"spt","_id":"1802332"}}
	{"id":1802332,"type":"sell","buyer":"solovey6o2","seller":"sbra","symbol":"SPT","quantity":"241.802664","price":"0.00831002","timestamp":1635266700,"volume":"2.00938497","buyTxId":"5fa3eb5a15f974e55324616654787c3fb6abdc2b","sellTxId":"9ae185fb038edfda2af3adda23685a66e7b23273"}
{"index": {"_index":"spt","_id":"1802343"}}
	{"id":1802343,"type":"sell","buyer":"solovey6o2","seller":"dynamicgreentk","symbol":"SPT","quantity":"300.520378","price":"0.00831002","timestamp":1635266784,"volume":"2.49733035","buyTxId":"5fa3eb5a15f974e55324616654787c3fb6abdc2b","sellTxId":"efe105dfffc2b5c514dfcdc39c47533be1a86543"}
{"index": {"_index":"spt","_id":"1802503"}}
	{"id":1802503,"type":"buy","buyer":"jongolson","seller":"laundrywoman","symbol":"SPT","quantity":"1500.000000","price":"0.00859992","timestamp":1635267417,"volume":"12.89988000","buyTxId":"db4eaec7a1e9a0e02881f25a83373dfd26c966aa","sellTxId":"d6babaa692b9e6bee6e98b74c88d43ddda32fd0b"}
{"index": {"_index":"spt","_id":"1802604"}}
	{"id":1802604,"type":"sell","buyer":"solovey6o2","seller":"nrg","symbol":"SPT","quantity":"6078.349641","price":"0.00831002","timestamp":1635267966,"volume":"50.51120708","buyTxId":"5fa3eb5a15f974e55324616654787c3fb6abdc2b","sellTxId":"95d4c222b74c0287c8b0a63136aba934464c9758"}
{"index": {"_index":"spt","_id":"1802657"}}
	{"id":1802657,"type":"buy","buyer":"bscrypto","seller":"laundrywoman","symbol":"SPT","quantity":"16868.000000","price":"0.00859986","timestamp":1635268266,"volume":"145.06243848","buyTxId":"594f6ce763309d60f02ec442a1acafd1bcf84c7e","sellTxId":"5f6341b4308a36e772b4900fe9880352b3a1fc68"}
{"index": {"_index":"spt","_id":"1802698"}}
	{"id":1802698,"type":"buy","buyer":"samarek69","seller":"laundrywoman","symbol":"SPT","quantity":"1.126500","price":"0.00859983","timestamp":1635268473,"volume":"0.00968771","buyTxId":"26144a394410996da2d783be67d4be4d4ffae6c7","sellTxId":"6e66b96f010f1ec28e966ec0e42fe7f9f78f3802"}
{"index": {"_index":"spt","_id":"1802729"}}
	{"id":1802729,"type":"buy","buyer":"chrono.spt","seller":"laundrywoman","symbol":"SPT","quantity":"3614.064938","price":"0.00859983","timestamp":1635268614,"volume":"31.08034408","buyTxId":"e6fd928f812fac90a364e9075634e11d2e4bcde7","sellTxId":"6e66b96f010f1ec28e966ec0e42fe7f9f78f3802"}
{"index": {"_index":"spt","_id":"1802744"}}
	{"id":1802744,"type":"buy","buyer":"chronocrypto","seller":"laundrywoman","symbol":"SPT","quantity":"4249.000000","price":"0.00859983","timestamp":1635268716,"volume":"36.54067767","buyTxId":"e90f714ac1025caa874c8d8307e9294f9c2e48a0","sellTxId":"6e66b96f010f1ec28e966ec0e42fe7f9f78f3802"}
{"index": {"_index":"spt","_id":"1802760"}}
	{"id":1802760,"type":"buy","buyer":"chronocrypto","seller":"laundrywoman","symbol":"SPT","quantity":"941.973677","price":"0.00859983","timestamp":1635268791,"volume":"8.10081349","buyTxId":"ce0d5ded27434e8c88f82f8ae28a480b7d0ff436","sellTxId":"6e66b96f010f1ec28e966ec0e42fe7f9f78f3802"}
{"index": {"_index":"spt","_id":"1802769"}}
	{"id":1802769,"type":"buy","buyer":"solips","seller":"solovey6o2","symbol":"SPT","quantity":"64.344000","price":"0.00859981","timestamp":1635268905,"volume":"0.55334617","buyTxId":"700868b261e829421a69b99f2dbfbe3e39da5b76","sellTxId":"e0f1185da59e970f9da26222072a028ff8070585"}
{"index": {"_index":"spt","_id":"1802780"}}
	{"id":1802780,"type":"sell","buyer":"solovey6o2","seller":"anadolu","symbol":"SPT","quantity":"6638","price":"0.00831002","timestamp":1635268992,"volume":"55.16191276","buyTxId":"5fa3eb5a15f974e55324616654787c3fb6abdc2b","sellTxId":"9cc62b69696fc76ca0dd006d7e7e8aa3e340d084"}
{"index": {"_index":"spt","_id":"1802835"}}
	{"id":1802835,"type":"sell","buyer":"solovey6o2","seller":"anadolu","symbol":"SPT","quantity":"7143","price":"0.00831002","timestamp":1635269334,"volume":"59.35847286","buyTxId":"5fa3eb5a15f974e55324616654787c3fb6abdc2b","sellTxId":"da306353b9453c91b6759f74484608ba416e63ab"}
{"index": {"_index":"spt","_id":"1802887"}}
	{"id":1802887,"type":"sell","buyer":"solovey6o2","seller":"anadolu","symbol":"SPT","quantity":"4492.913380","price":"0.00831002","timestamp":1635269688,"volume":"37.33620005","buyTxId":"5fa3eb5a15f974e55324616654787c3fb6abdc2b","sellTxId":"ed2209022fcc05abd2ebbd85b9c069e86afb47ba"}
{"index": {"_index":"spt","_id":"1802888"}}
	{"id":1802888,"type":"sell","buyer":"solovey6o2","seller":"anadolu","symbol":"SPT","quantity":"4395.000000","price":"0.00831002","timestamp":1635269688,"volume":"36.52253790","buyTxId":"caa5346dc8cc1097ee420814d4a055885f0f7eea","sellTxId":"ed2209022fcc05abd2ebbd85b9c069e86afb47ba"}
{"index": {"_index":"spt","_id":"1802889"}}
	{"id":1802889,"type":"sell","buyer":"infidel1258","seller":"anadolu","symbol":"SPT","quantity":"34912.784137","price":"0.00831000","timestamp":1635269688,"volume":"290.12523618","buyTxId":"48a9b3965cefb04f053679757ff60e627ad24acf","sellTxId":"ed2209022fcc05abd2ebbd85b9c069e86afb47ba"}
{"index": {"_index":"spt","_id":"1802890"}}
	{"id":1802890,"type":"sell","buyer":"he-index","seller":"anadolu","symbol":"SPT","quantity":"24.547949","price":"0.00830001","timestamp":1635269688,"volume":"0.20374822","buyTxId":"f85656d1d28ea6e98fb65671ecf7c4a79ce92c2f","sellTxId":"ed2209022fcc05abd2ebbd85b9c069e86afb47ba"}
{"index": {"_index":"spt","_id":"1802891"}}
	{"id":1802891,"type":"sell","buyer":"eirik","seller":"anadolu","symbol":"SPT","quantity":"974.692263","price":"0.00830000","timestamp":1635269688,"volume":"8.08994578","buyTxId":"4f76b55055e27f4098babe293cd5e04f37b7b39e","sellTxId":"ed2209022fcc05abd2ebbd85b9c069e86afb47ba"}
{"index": {"_index":"spt","_id":"1802892"}}
	{"id":1802892,"type":"sell","buyer":"muzehan","seller":"anadolu","symbol":"SPT","quantity":"1000.000000","price":"0.00800000","timestamp":1635269688,"volume":"8.00000000","buyTxId":"e686899e2ad13c5c043debe58a8820150cf00b85","sellTxId":"ed2209022fcc05abd2ebbd85b9c069e86afb47ba"}
{"index": {"_index":"spt","_id":"1802893"}}
	{"id":1802893,"type":"sell","buyer":"iamgreatness","seller":"anadolu","symbol":"SPT","quantity":"250.000000","price":"0.00800000","timestamp":1635269688,"volume":"2.00000000","buyTxId":"105f3252ee9a5256d9fa7e9ab04a8c3f4ff81b1d","sellTxId":"ed2209022fcc05abd2ebbd85b9c069e86afb47ba"}
{"index": {"_index":"spt","_id":"1802894"}}
	{"id":1802894,"type":"sell","buyer":"assasin","seller":"anadolu","symbol":"SPT","quantity":"143.000000","price":"0.00760008","timestamp":1635269688,"volume":"1.08681144","buyTxId":"048628ef772ffc35dc4c589e4dc7b5f91cfec893","sellTxId":"ed2209022fcc05abd2ebbd85b9c069e86afb47ba"}
{"index": {"_index":"spt","_id":"1802895"}}
	{"id":1802895,"type":"sell","buyer":"muzehan","seller":"anadolu","symbol":"SPT","quantity":"1000.000000","price":"0.00760000","timestamp":1635269688,"volume":"7.60000000","buyTxId":"d694ffcc1abdb4759018df767b65779e0148d1ea","sellTxId":"ed2209022fcc05abd2ebbd85b9c069e86afb47ba"}
{"index": {"_index":"spt","_id":"1802896"}}
	{"id":1802896,"type":"sell","buyer":"skymin","seller":"anadolu","symbol":"SPT","quantity":"2807.062271","price":"0.00750000","timestamp":1635269688,"volume":"21.05296703","buyTxId":"9dad0a11819ac671315bbb3f84ccf53958dbbaaf","sellTxId":"ed2209022fcc05abd2ebbd85b9c069e86afb47ba"}
{"index": {"_index":"spt","_id":"1802945"}}
	{"id":1802945,"type":"sell","buyer":"pi-trader","seller":"captainkaye","symbol":"SPT","quantity":"8000.000000","price":"0.00752005","timestamp":1635270159,"volume":"60.16040000","buyTxId":"9edfe7c08905cedadf0b87d4d5b5764e77c880a0-4","sellTxId":"bc10ab7cd74cd6952290f9abc1d65d69249a7dca"}
{"index": {"_index":"spt","_id":"1802946"}}
	{"id":1802946,"type":"sell","buyer":"anadolu","seller":"captainkaye","symbol":"SPT","quantity":"10000.000000","price":"0.00752000","timestamp":1635270159,"volume":"75.20000000","buyTxId":"79effe3ae4c6eb32feb2ff5531a57c1dc381dd4e","sellTxId":"bc10ab7cd74cd6952290f9abc1d65d69249a7dca"}
{"index": {"_index":"spt","_id":"1802947"}}
	{"id":1802947,"type":"buy","buyer":"granddaddies","seller":"captainkaye","symbol":"SPT","quantity":"72803.000000","price":"0.00752000","timestamp":1635270162,"volume":"547.47856000","buyTxId":"58d91230a9109c27ce2a4f449a88cafdbf2c31f8","sellTxId":"bc10ab7cd74cd6952290f9abc1d65d69249a7dca"}
{"index": {"_index":"spt","_id":"1803230"}}
	{"id":1803230,"type":"sell","buyer":"pi-trader","seller":"rotceh93","symbol":"SPT","quantity":"33.439945","price":"0.00755011","timestamp":1635272289,"volume":"0.25247526","buyTxId":"1dc208ff17b78c2545cd6d37e25bc8d229b41826-5","sellTxId":"a69e3d125efa3298ab3727992a97d860fd28ece3"}
{"index": {"_index":"spt","_id":"1803463"}}
	{"id":1803463,"type":"sell","buyer":"pi-trader","seller":"dhedge-drips","symbol":"SPT","quantity":"0.074668","price":"0.00755003","timestamp":1635274002,"volume":"0.00056375","buyTxId":"19f671433c71c1eecd050c53bd61f8af8745b37e-2","sellTxId":"c1033baf66dda421848e0dbfcb9d584b0aee9143"}
{"index": {"_index":"spt","_id":"1803599"}}
	{"id":1803599,"type":"buy","buyer":"dswap","seller":"laundrywoman","symbol":"SPT","quantity":"595.242346","price":"0.00839994","timestamp":1635275361,"volume":"5","buyTxId":"8f7fb5f7e337491f86860aae8d527eaa6f8960b4","sellTxId":"ba36b090e9451a99efec05715646c8491a64f44f"}
{"index": {"_index":"spt","_id":"1803630"}}
	{"id":1803630,"type":"sell","buyer":"pi-trader","seller":"dswap","symbol":"SPT","quantity":"595.242346","price":"0.00755005","timestamp":1635275613,"volume":"4.49410947","buyTxId":"890d3ca043fb8c9478fb28bad76a0d2f87ae18bf-7","sellTxId":"6b82c7b54b3233968fc8f050a1ba83e5ea53fa77"}
{"index": {"_index":"spt","_id":"1803925"}}
	{"id":1803925,"type":"sell","buyer":"pi-trader","seller":"georgeknowsall","symbol":"SPT","quantity":"109.533701","price":"0.00760001","timestamp":1635277839,"volume":"0.83245722","buyTxId":"450a374577c36f6c4d39ae2d2b2b0d57558b1040-5","sellTxId":"65673b723b56afbd3aee1b42be6a14bc19822eed"}
{"index": {"_index":"spt","_id":"1803982"}}
	{"id":1803982,"type":"sell","buyer":"granddaddies","seller":"cliffagreen","symbol":"SPT","quantity":"1.870000","price":"0.00760011","timestamp":1635278274,"volume":"0.01421221","buyTxId":"4ad7f580089a25f02ba44bc2f6051bc0ded0c2d9","sellTxId":"c08fef427359f9a2bc2bb5ed949418b7ec69a432"}
{"index": {"_index":"spt","_id":"1804287"}}
	{"id":1804287,"type":"sell","buyer":"pi-trader","seller":"mango-juice","symbol":"SPT","quantity":"843.473828","price":"0.00770011","timestamp":1635281055,"volume":"6.49484126","buyTxId":"c20e425a257eead1b35ac70d9137d090cc238154-5","sellTxId":"130d4c2fa8b85a13b6adccac0f0eb1c4a1493915"}
{"index": {"_index":"spt","_id":"1804305"}}
	{"id":1804305,"type":"sell","buyer":"granddaddies","seller":"alive.chat","symbol":"SPT","quantity":"0.083","price":"0.00770002","timestamp":1635281169,"volume":"0.00063910","buyTxId":"9cea7cccc2bc138eae3dd88d33dfefb00573d201","sellTxId":"3d7856b5d1d6b0622e8c57ec06bc5a6c5ba50782"}
{"index": {"_index":"spt","_id":"1804341"}}
	{"id":1804341,"type":"sell","buyer":"pi-trader","seller":"zeruxanime","symbol":"SPT","quantity":"79.330987","price":"0.00770007","timestamp":1635281361,"volume":"0.61085415","buyTxId":"f03a0e790fb86be7fd1575421042d614faecf8f1-4","sellTxId":"2381547533acaf8ec77f8dc9e5904ef7d12ffe88"}
{"index": {"_index":"spt","_id":"1804448"}}
	{"id":1804448,"type":"sell","buyer":"mysteriousdebris","seller":"solovey6o2","symbol":"SPT","quantity":"39.000000","price":"0.00839991","timestamp":1635282318,"volume":"0.32759649","buyTxId":"56603ac2c718baa834f20ad5c60c23f3206228bf","sellTxId":"b2a1c141c6f6576d21c3f03149c3a8080ec0c886"}
{"index": {"_index":"spt","_id":"1804571"}}
	{"id":1804571,"type":"sell","buyer":"granddaddies","seller":"chireerocks","symbol":"SPT","quantity":"29.713776","price":"0.00771014","timestamp":1635283920,"volume":"0.22909737","buyTxId":"bb9e8c8f222c608604952c11f3e062a994618b28","sellTxId":"1af5d0a59e3e9f9f6d25a7120d00210e77c65d82"}
{"index": {"_index":"spt","_id":"1804572"}}
	{"id":1804572,"type":"sell","buyer":"granddaddies","seller":"knightsunited","symbol":"SPT","quantity":"4662.939819","price":"0.00771014","timestamp":1635283932,"volume":"35.95191882","buyTxId":"bb9e8c8f222c608604952c11f3e062a994618b28","sellTxId":"6e71377d4c8e78135ad9ee499969323d7291d52d"}
{"index": {"_index":"spt","_id":"1804611"}}
	{"id":1804611,"type":"sell","buyer":"pi-trader","seller":"dodorocket","symbol":"SPT","quantity":"3968.000000","price":"0.00771011","timestamp":1635284325,"volume":"30.59371648","buyTxId":"9fa8572e17f0e362fe3ce901e6bc8011fb369e97-1","sellTxId":"c4a8ee87c342b3321b2c501357b512a231605f40"}
{"index": {"_index":"spt","_id":"1804797"}}
	{"id":1804797,"type":"sell","buyer":"pi-trader","seller":"andrewmusic","symbol":"SPT","quantity":"1940.000274","price":"0.00780001","timestamp":1635286098,"volume":"15.13202154","buyTxId":"1a9799f9669daaf3e9eae250f972dfa8dfea3c96-6","sellTxId":"f1c72cb6ace268050e682bb73369d5d0f30e88d9"}
{"index": {"_index":"spt","_id":"1804798"}}
	{"id":1804798,"type":"buy","buyer":"salem22","seller":"laundrywoman","symbol":"SPT","quantity":"2000.000000","price":"0.00839985","timestamp":1635286128,"volume":"16.79970000","buyTxId":"a48345987d4b1646401afa4cb091487c8dffbe37","sellTxId":"0c411ca47bfbc55f0f2de4bac7336ca7e9631165"}
{"index": {"_index":"spt","_id":"1804839"}}
	{"id":1804839,"type":"sell","buyer":"pi-trader","seller":"bitcoinflood","symbol":"SPT","quantity":"3.726857","price":"0.00780005","timestamp":1635286641,"volume":"0.02906967","buyTxId":"c45fe81742245ebb7cc660cc51ccddf0994bd020-4","sellTxId":"d8b516924798083d0262798c4d3b1fd29a6b4e79"}
{"index": {"_index":"spt","_id":"1804937"}}
	{"id":1804937,"type":"buy","buyer":"egistar","seller":"laundrywoman","symbol":"SPT","quantity":"465.124031","price":"0.00839991","timestamp":1635287859,"volume":"3.907","buyTxId":"4c47c06d7e68d5e5b8fa558a4c4a42e6e0831cd8","sellTxId":"ba37abe4c3debe5399c87db92fdf2f2137649529"}
{"index": {"_index":"spt","_id":"1805003"}}
	{"id":1805003,"type":"buy","buyer":"ketcom","seller":"laundrywoman","symbol":"SPT","quantity":"100000.000000","price":"0.00839982","timestamp":1635288927,"volume":"839.98200000","buyTxId":"ea2465db15ce6ee68e75340a0399a7763610ef3b","sellTxId":"c39e8ba56a03cc527b7880228477dfb419f7f013"}
{"index": {"_index":"spt","_id":"1805086"}}
	{"id":1805086,"type":"buy","buyer":"ketcom","seller":"solovey6o2","symbol":"SPT","quantity":"34057.934931","price":"0.00839986","timestamp":1635289977,"volume":"286.08188531","buyTxId":"b600c2878fb9fd53742540ef839301734ff70bee","sellTxId":"6de8bf698e7cdbd27f2372258a7d49ed549ea07b"}
{"index": {"_index":"spt","_id":"1805087"}}
	{"id":1805087,"type":"buy","buyer":"ketcom","seller":"laundrywoman","symbol":"SPT","quantity":"65942.065069","price":"0.00839988","timestamp":1635289977,"volume":"553.90543353","buyTxId":"b600c2878fb9fd53742540ef839301734ff70bee","sellTxId":"6035ba9d15774289785886183f52a514929093b9"}
{"index": {"_index":"spt","_id":"1805141"}}
	{"id":1805141,"type":"buy","buyer":"darksutra","seller":"laundrywoman","symbol":"SPT","quantity":"1.000000","price":"0.00839988","timestamp":1635290799,"volume":"0.00839988","buyTxId":"cb91bce878a8437ae664b94389fa8f0d89ecc23b","sellTxId":"6035ba9d15774289785886183f52a514929093b9"}
{"index": {"_index":"spt","_id":"1805232"}}
	{"id":1805232,"type":"sell","buyer":"pi-trader","seller":"iceman23","symbol":"SPT","quantity":"14.774686","price":"0.00790001","timestamp":1635291990,"volume":"0.11672017","buyTxId":"f90c6523a00c133b76a5392f303bb8450b852536-7","sellTxId":"5617f18e90843cb40e7f0547ad1d46d54be5f755"}
{"index": {"_index":"spt","_id":"1805340"}}
	{"id":1805340,"type":"sell","buyer":"pi-trader","seller":"brofi-market","symbol":"SPT","quantity":"0.170069","price":"0.00790001","timestamp":1635293379,"volume":"0.00134355","buyTxId":"f113b1eb5bf40da5118ac56c6529ee959f5ec4d2-5","sellTxId":"cdb2b0993d962e9cde0056656f1a65aa8a7b0198"}
{"index": {"_index":"spt","_id":"1805354"}}
	{"id":1805354,"type":"sell","buyer":"pi-trader","seller":"iceman23","symbol":"SPT","quantity":"0.386000","price":"0.00790001","timestamp":1635293490,"volume":"0.00304940","buyTxId":"a46eb188000662fa42546395de6fa660faefe7c4-3","sellTxId":"b59daa0fb5dfe4b7f45c7b3a9716402dc024fcba"}
