{"index": {"_index":"spt","_id":"2624972"}}
	{"id":2624972,"type":"sell","buyer":"stickupcash","seller":"dkid14","symbol":"SPT","quantity":"320.953158","price":"0.00251000","timestamp":1642995153,"volume":"0.80559243","buyTxId":"891541af083c328fbf274b291e236eb0e2839504","sellTxId":"1d216b87176e22dceacef2d85de4d61965f60880"}
{"index": {"_index":"spt","_id":"2625162"}}
	{"id":2625162,"type":"sell","buyer":"multifurcate","seller":"brofi-market","symbol":"SPT","quantity":"0.530762","price":"0.00251100","timestamp":1642997538,"volume":"0.00133274","buyTxId":"61d6fb4b5f8817e582a5d2776d4074e51ea9f33e","sellTxId":"9719885d700392c40751a142bd68aa886fcd138c"}
{"index": {"_index":"spt","_id":"2625277"}}
	{"id":2625277,"type":"sell","buyer":"stickupcash","seller":"vipservice","symbol":"SPT","quantity":"46.176970","price":"0.00251000","timestamp":1642999683,"volume":"0.11590419","buyTxId":"891541af083c328fbf274b291e236eb0e2839504","sellTxId":"da69ee327513e815c972267a36ff4923b90b1eda"}
{"index": {"_index":"spt","_id":"2625583"}}
	{"id":2625583,"type":"sell","buyer":"stickupcash","seller":"bearbear613","symbol":"SPT","quantity":"48.370000","price":"0.00251000","timestamp":1643004075,"volume":"0.12140870","buyTxId":"891541af083c328fbf274b291e236eb0e2839504","sellTxId":"a0e110ca73c5ae50bad07a8287e5059b661a4cb7"}
{"index": {"_index":"spt","_id":"2625789"}}
	{"id":2625789,"type":"sell","buyer":"stickupcash","seller":"dhedge-drips","symbol":"SPT","quantity":"0.049758","price":"0.00251000","timestamp":1643006757,"volume":"0.00012489","buyTxId":"891541af083c328fbf274b291e236eb0e2839504","sellTxId":"5b3572aeaff417b9aa59c7a53f3983209a6bf539"}
{"index": {"_index":"spt","_id":"2625998"}}
	{"id":2625998,"type":"sell","buyer":"stickupcash","seller":"sralim","symbol":"SPT","quantity":"38.58","price":"0.00251000","timestamp":1643009937,"volume":"0.09683580","buyTxId":"891541af083c328fbf274b291e236eb0e2839504","sellTxId":"32bb916653046df915b1899759133cce46f63e18"}
{"index": {"_index":"spt","_id":"2626126"}}
	{"id":2626126,"type":"sell","buyer":"dechuck","seller":"belemo","symbol":"SPT","quantity":"100.000000","price":"0.00251500","timestamp":1643011482,"volume":"0.25150000","buyTxId":"a053d512366145475c5cd3d80712a20775d98b50","sellTxId":"2505334f239ac1f6ee0c721f79604af0b9491882"}
{"index": {"_index":"spt","_id":"2626127"}}
	{"id":2626127,"type":"sell","buyer":"stickupcash","seller":"belemo","symbol":"SPT","quantity":"400.000000","price":"0.00251000","timestamp":1643011482,"volume":"1.00400000","buyTxId":"891541af083c328fbf274b291e236eb0e2839504","sellTxId":"2505334f239ac1f6ee0c721f79604af0b9491882"}
{"index": {"_index":"spt","_id":"2626141"}}
	{"id":2626141,"type":"sell","buyer":"stickupcash","seller":"belemo","symbol":"SPT","quantity":"249.000000","price":"0.00251000","timestamp":1643011641,"volume":"0.62499000","buyTxId":"891541af083c328fbf274b291e236eb0e2839504","sellTxId":"4e7c745d414687fb1c14c852196fd8cb929c1640"}
{"index": {"_index":"spt","_id":"2626151"}}
	{"id":2626151,"type":"sell","buyer":"stickupcash","seller":"brofi-market","symbol":"SPT","quantity":"0.060748","price":"0.00251000","timestamp":1643011761,"volume":"0.00015248","buyTxId":"891541af083c328fbf274b291e236eb0e2839504","sellTxId":"80e56e6549cf6c80f3ecf1ef558f42121ce9929b"}
{"index": {"_index":"spt","_id":"2626702"}}
	{"id":2626702,"type":"sell","buyer":"multifurcate","seller":"vaporent","symbol":"SPT","quantity":"0.144671","price":"0.00251100","timestamp":1643018217,"volume":"0.00036327","buyTxId":"1fcbc5c7da5bf902c931c1b526b27da83f3c1c36","sellTxId":"8178b266db44fc82965b8400668fda6aa93b4a22"}
{"index": {"_index":"spt","_id":"2626721"}}
	{"id":2626721,"type":"sell","buyer":"stickupcash","seller":"davidcrosscr","symbol":"SPT","quantity":"34.625000","price":"0.00251000","timestamp":1643018400,"volume":"0.08690875","buyTxId":"891541af083c328fbf274b291e236eb0e2839504","sellTxId":"93faf7d3f5b9a6b507afb7c870dc721a70b45683"}
{"index": {"_index":"spt","_id":"2626837"}}
	{"id":2626837,"type":"sell","buyer":"multifurcate","seller":"anderssinho","symbol":"SPT","quantity":"0.355000","price":"0.00251100","timestamp":1643019657,"volume":"0.00089141","buyTxId":"9cd7b9dabf05f33d2f5ae5cc6a5c3ecc6c7c7f7e","sellTxId":"d533d4512bc3ea908221d4d7c2f2611e924100f8"}
{"index": {"_index":"spt","_id":"2627109"}}
	{"id":2627109,"type":"sell","buyer":"multifurcate","seller":"blurtyield","symbol":"SPT","quantity":"2.211883","price":"0.00251100","timestamp":1643023521,"volume":"0.00555404","buyTxId":"a59dd8d7f266ac9d501a3e6a5d2132f278634ea0","sellTxId":"19aed800c0534fa0a0e6f2ddd63d0c27977737c8"}
{"index": {"_index":"spt","_id":"2627302"}}
	{"id":2627302,"type":"buy","buyer":"samarek69","seller":"brofi-market","symbol":"SPT","quantity":"0.350000","price":"0.00263900","timestamp":1643025825,"volume":"0.00092365","buyTxId":"63563e4bcd907860a6c71c26d646eb0a9ff749b4","sellTxId":"5530411a00b616f44ef23bf630f61473302755a3"}
{"index": {"_index":"spt","_id":"2627334"}}
	{"id":2627334,"type":"sell","buyer":"stickupcash","seller":"brofi-market","symbol":"SPT","quantity":"0.009047","price":"0.00251000","timestamp":1643026215,"volume":"0.00002271","buyTxId":"891541af083c328fbf274b291e236eb0e2839504","sellTxId":"8cfc1b3b34fa819772ff89016e6e587607af32ec"}
{"index": {"_index":"spt","_id":"2627365"}}
	{"id":2627365,"type":"sell","buyer":"multifurcate","seller":"fedesox","symbol":"SPT","quantity":"942.556707","price":"0.00251100","timestamp":1643026692,"volume":"2.36675989","buyTxId":"4fc27b834747d1678baa9ee7d71b4f0482001e83","sellTxId":"5bb89d154a79b9c64aa0713cc9fad4f602c386bb"}
{"index": {"_index":"spt","_id":"2627490"}}
	{"id":2627490,"type":"sell","buyer":"multifurcate","seller":"dhedge-drips","symbol":"SPT","quantity":"0.006542","price":"0.00251100","timestamp":1643028342,"volume":"0.00001643","buyTxId":"7d7b5fa064ba31e17dd7ea8f7f9c6539ccfaedba","sellTxId":"7fa5faa0c50094f6882200bccd29f80ad2c185d7"}
{"index": {"_index":"spt","_id":"2627553"}}
	{"id":2627553,"type":"buy","buyer":"multifurcate","seller":"sweetmonsters","symbol":"SPT","quantity":"931.928502","price":"0.00251100","timestamp":1643029101,"volume":"2.34007247","buyTxId":"c1cb6999752bae0437ded51f1237b296cad10dc9","sellTxId":"75182998eafb8cc5e411696a495869fd215d09bd"}
{"index": {"_index":"spt","_id":"2627680"}}
	{"id":2627680,"type":"buy","buyer":"multifurcate","seller":"itachi24","symbol":"SPT","quantity":"114.280758","price":"0.00251100","timestamp":1643030661,"volume":"0.28695898","buyTxId":"3356b54c00a027b86c9c8e064c9d969090084c7e","sellTxId":"ce8fae701e0961ce9398509401ed8381979fd0b8"}
{"index": {"_index":"spt","_id":"2627683"}}
	{"id":2627683,"type":"buy","buyer":"samarek69","seller":"brofi-market","symbol":"SPT","quantity":"0.157000","price":"0.00263900","timestamp":1643030682,"volume":"0.00041432","buyTxId":"bf293679599ebce376ac2f25106b85f946301c34","sellTxId":"5530411a00b616f44ef23bf630f61473302755a3"}
{"index": {"_index":"spt","_id":"2628187"}}
	{"id":2628187,"type":"sell","buyer":"stickupcash","seller":"themarkymark","symbol":"SPT","quantity":"53.995000","price":"0.00251000","timestamp":1643036205,"volume":"0.13552745","buyTxId":"891541af083c328fbf274b291e236eb0e2839504","sellTxId":"3c070c848cd98c7987e80ee7b11ad04ea704535c"}
{"index": {"_index":"spt","_id":"2628201"}}
	{"id":2628201,"type":"sell","buyer":"stickupcash","seller":"asdzxc87926","symbol":"SPT","quantity":"145.612659","price":"0.00251000","timestamp":1643036412,"volume":"0.36548777","buyTxId":"891541af083c328fbf274b291e236eb0e2839504","sellTxId":"8fee15dbcb31e88e454cb6f9fcf4e4d3114bf07c"}
{"index": {"_index":"spt","_id":"2628234"}}
	{"id":2628234,"type":"buy","buyer":"liucixin","seller":"brofi-market","symbol":"SPT","quantity":"0.023762","price":"0.00263900","timestamp":1643036814,"volume":"0.00006271","buyTxId":"4fbb001ba074874e8817c04f284a15d7499554b4","sellTxId":"5530411a00b616f44ef23bf630f61473302755a3"}
{"index": {"_index":"spt","_id":"2628235"}}
	{"id":2628235,"type":"buy","buyer":"liucixin","seller":"dhedge-drips","symbol":"SPT","quantity":"0.049758","price":"0.00263900","timestamp":1643036814,"volume":"0.00013131","buyTxId":"4fbb001ba074874e8817c04f284a15d7499554b4","sellTxId":"be70190fce0839f63ee88f26c6f6044a478ea99c"}
{"index": {"_index":"spt","_id":"2628236"}}
	{"id":2628236,"type":"buy","buyer":"liucixin","seller":"brofi-market","symbol":"SPT","quantity":"0.060748","price":"0.00263900","timestamp":1643036814,"volume":"0.00016031","buyTxId":"4fbb001ba074874e8817c04f284a15d7499554b4","sellTxId":"1ed54700123e0b4fb07f8c50e4c84b7b3f919e81"}
{"index": {"_index":"spt","_id":"2628237"}}
	{"id":2628237,"type":"buy","buyer":"liucixin","seller":"brofi-market","symbol":"SPT","quantity":"0.009047","price":"0.00263900","timestamp":1643036814,"volume":"0.00002388","buyTxId":"4fbb001ba074874e8817c04f284a15d7499554b4","sellTxId":"3bb7c2782d4ef93fe8c33194cc178259d7dfc9bd"}
{"index": {"_index":"spt","_id":"2628238"}}
	{"id":2628238,"type":"buy","buyer":"liucixin","seller":"dhedge-drips","symbol":"SPT","quantity":"0.006542","price":"0.00263900","timestamp":1643036814,"volume":"0.00001726","buyTxId":"4fbb001ba074874e8817c04f284a15d7499554b4","sellTxId":"2eeee083d8a1a3d248ca400227abafda06d59f52"}
{"index": {"_index":"spt","_id":"2628239"}}
	{"id":2628239,"type":"buy","buyer":"liucixin","seller":"kojiri","symbol":"SPT","quantity":"50.000000","price":"0.00264000","timestamp":1643036814,"volume":"0.13200000","buyTxId":"4fbb001ba074874e8817c04f284a15d7499554b4","sellTxId":"5251c02c8205afcfec85f726f1f2b9f40c6495cc"}
{"index": {"_index":"spt","_id":"2628240"}}
	{"id":2628240,"type":"buy","buyer":"liucixin","seller":"brofi-market","symbol":"SPT","quantity":"4.888991","price":"0.00264000","timestamp":1643036814,"volume":"0.01290694","buyTxId":"4fbb001ba074874e8817c04f284a15d7499554b4","sellTxId":"a4584d8e802f434c0435bb04de99746683282659"}
{"index": {"_index":"spt","_id":"2628241"}}
	{"id":2628241,"type":"buy","buyer":"liucixin","seller":"dhedge-drips","symbol":"SPT","quantity":"0.024922","price":"0.00264000","timestamp":1643036814,"volume":"0.00006579","buyTxId":"4fbb001ba074874e8817c04f284a15d7499554b4","sellTxId":"875161729ced8af3a083aeac23c26223dc538f5e"}
{"index": {"_index":"spt","_id":"2628242"}}
	{"id":2628242,"type":"buy","buyer":"liucixin","seller":"beco132","symbol":"SPT","quantity":"9944.936230","price":"0.00265000","timestamp":1643036814,"volume":"26.35408101","buyTxId":"4fbb001ba074874e8817c04f284a15d7499554b4","sellTxId":"81ae256539fb5d63d84349b545de8e4ef149b7f2"}
{"index": {"_index":"spt","_id":"2628248"}}
	{"id":2628248,"type":"buy","buyer":"liucixin","seller":"beco132","symbol":"SPT","quantity":"22636.140442","price":"0.00265000","timestamp":1643036898,"volume":"59.98577217","buyTxId":"5249f5208675dc9131f2cf6e4dcb476050834b9c","sellTxId":"81ae256539fb5d63d84349b545de8e4ef149b7f2"}
{"index": {"_index":"spt","_id":"2628249"}}
	{"id":2628249,"type":"buy","buyer":"liucixin","seller":"brofi-market","symbol":"SPT","quantity":"0.610546","price":"0.00265000","timestamp":1643036898,"volume":"0.00161795","buyTxId":"5249f5208675dc9131f2cf6e4dcb476050834b9c","sellTxId":"e16e066d21a5f1d67052b1a0c9848cef9c4b464a"}
{"index": {"_index":"spt","_id":"2628250"}}
	{"id":2628250,"type":"buy","buyer":"liucixin","seller":"dhedge-drips","symbol":"SPT","quantity":"0.079866","price":"0.00265000","timestamp":1643036898,"volume":"0.00021164","buyTxId":"5249f5208675dc9131f2cf6e4dcb476050834b9c","sellTxId":"60abbea586cdd51e819a1ae6632670fd47c45bd1"}
{"index": {"_index":"spt","_id":"2628251"}}
	{"id":2628251,"type":"buy","buyer":"liucixin","seller":"dhedge-drips","symbol":"SPT","quantity":"0.003485","price":"0.00265000","timestamp":1643036898,"volume":"0.00000924","buyTxId":"5249f5208675dc9131f2cf6e4dcb476050834b9c","sellTxId":"5237d658217d7aabe0936bbe28fe483fdc6b5835"}
{"index": {"_index":"spt","_id":"2628252"}}
	{"id":2628252,"type":"buy","buyer":"liucixin","seller":"brofi-market","symbol":"SPT","quantity":"0.037177","price":"0.00265000","timestamp":1643036898,"volume":"0.00009852","buyTxId":"5249f5208675dc9131f2cf6e4dcb476050834b9c","sellTxId":"4d8b9929455a3244067ac1b4b43ed7b82d6f9da3"}
{"index": {"_index":"spt","_id":"2628253"}}
	{"id":2628253,"type":"buy","buyer":"liucixin","seller":"brofi-market","symbol":"SPT","quantity":"0.265841","price":"0.00265000","timestamp":1643036898,"volume":"0.00070448","buyTxId":"5249f5208675dc9131f2cf6e4dcb476050834b9c","sellTxId":"d970faf27458fb03b7cb3a8736ea332c3c71c372"}
{"index": {"_index":"spt","_id":"2628255"}}
	{"id":2628255,"type":"buy","buyer":"liucixin","seller":"myothuzar","symbol":"SPT","quantity":"26571.318435","price":"0.00268980","timestamp":1643036931,"volume":"71.47153233","buyTxId":"9ca1bdb8dc151e7f3444d363fa3cc29deb9675d2","sellTxId":"c10e8d737f290c3869b53ff6a5d20f402260f0b4"}
{"index": {"_index":"spt","_id":"2628264"}}
	{"id":2628264,"type":"buy","buyer":"liucixin","seller":"brofi-market","symbol":"SPT","quantity":"4.426993","price":"0.00268997","timestamp":1643037024,"volume":"0.01190848","buyTxId":"c7a58442cdd0e740d1bba99da7a3735984bf4c71","sellTxId":"33f423b5e58983b03555b7656300b3e82f3c8179"}
{"index": {"_index":"spt","_id":"2628265"}}
	{"id":2628265,"type":"buy","buyer":"liucixin","seller":"brofi-market","symbol":"SPT","quantity":"0.277098","price":"0.00268998","timestamp":1643037024,"volume":"0.00074539","buyTxId":"c7a58442cdd0e740d1bba99da7a3735984bf4c71","sellTxId":"c4dbc905c48bafa2f85db03624043494b31f2fee"}
{"index": {"_index":"spt","_id":"2628266"}}
	{"id":2628266,"type":"buy","buyer":"liucixin","seller":"dhedge-drips","symbol":"SPT","quantity":"0.025977","price":"0.00268998","timestamp":1643037024,"volume":"0.00006988","buyTxId":"c7a58442cdd0e740d1bba99da7a3735984bf4c71","sellTxId":"074532d57f50d0b4b672dc4d6c022a423549f04f"}
{"index": {"_index":"spt","_id":"2628267"}}
	{"id":2628267,"type":"buy","buyer":"liucixin","seller":"brofi-market","symbol":"SPT","quantity":"0.679939","price":"0.00268998","timestamp":1643037024,"volume":"0.00182902","buyTxId":"c7a58442cdd0e740d1bba99da7a3735984bf4c71","sellTxId":"83924d60f26caaa61243134d37d61c51c219ddbf"}
{"index": {"_index":"spt","_id":"2628268"}}
	{"id":2628268,"type":"buy","buyer":"liucixin","seller":"he-index","symbol":"SPT","quantity":"0.027000","price":"0.00268998","timestamp":1643037024,"volume":"0.00007263","buyTxId":"c7a58442cdd0e740d1bba99da7a3735984bf4c71","sellTxId":"a07584b436f778424b8ed9f1553ea60fe6c439bb"}
{"index": {"_index":"spt","_id":"2628269"}}
	{"id":2628269,"type":"buy","buyer":"liucixin","seller":"brofi-market","symbol":"SPT","quantity":"2.951034","price":"0.00268999","timestamp":1643037024,"volume":"0.00793825","buyTxId":"c7a58442cdd0e740d1bba99da7a3735984bf4c71","sellTxId":"c0df60468cf3ba9eff10ec572a4685f44a32af29"}
{"index": {"_index":"spt","_id":"2628270"}}
	{"id":2628270,"type":"buy","buyer":"liucixin","seller":"dhedge-drips","symbol":"SPT","quantity":"0.009680","price":"0.00268999","timestamp":1643037024,"volume":"0.00002604","buyTxId":"c7a58442cdd0e740d1bba99da7a3735984bf4c71","sellTxId":"5b639d35c1aff9739d2724cbe331c52662dcf818"}
{"index": {"_index":"spt","_id":"2628271"}}
	{"id":2628271,"type":"buy","buyer":"liucixin","seller":"infinitytcg","symbol":"SPT","quantity":"3003.660000","price":"0.00269000","timestamp":1643037024,"volume":"8.07984540","buyTxId":"c7a58442cdd0e740d1bba99da7a3735984bf4c71","sellTxId":"5c6c76cad3d27a4e9c013d1c8e6d966094bc11b2"}
{"index": {"_index":"spt","_id":"2628272"}}
	{"id":2628272,"type":"buy","buyer":"liucixin","seller":"infinitytcg","symbol":"SPT","quantity":"1998.000000","price":"0.00269998","timestamp":1643037024,"volume":"5.39456004","buyTxId":"c7a58442cdd0e740d1bba99da7a3735984bf4c71","sellTxId":"10c3ed12630f276d3bf9c2c44c747213774bb391"}
{"index": {"_index":"spt","_id":"2628389"}}
	{"id":2628389,"type":"sell","buyer":"stickupcash","seller":"brofi-market","symbol":"SPT","quantity":"0.381000","price":"0.00251000","timestamp":1643038476,"volume":"0.00095631","buyTxId":"891541af083c328fbf274b291e236eb0e2839504","sellTxId":"7b7e6eac766ab752c0d3ef71c25fd19c65f0ca0d"}
{"index": {"_index":"spt","_id":"2628963"}}
	{"id":2628963,"type":"buy","buyer":"captainquack22","seller":"brofi-market","symbol":"SPT","quantity":"3.826492","price":"0.00274997","timestamp":1643043717,"volume":"0.01052274","buyTxId":"97d0a143dd29e935962ed1a7a870efd0f6f0e6ea","sellTxId":"4c42a6f4e627952c1bf3023d6d6a0b3d60cc87fc"}
{"index": {"_index":"spt","_id":"2628964"}}
	{"id":2628964,"type":"buy","buyer":"captainquack22","seller":"dhedge-drips","symbol":"SPT","quantity":"0.002834","price":"0.00274997","timestamp":1643043717,"volume":"0.00000779","buyTxId":"97d0a143dd29e935962ed1a7a870efd0f6f0e6ea","sellTxId":"0e9d2a17dd42b9802c24ef3247d71f1ed3015a8e"}
{"index": {"_index":"spt","_id":"2628965"}}
	{"id":2628965,"type":"buy","buyer":"captainquack22","seller":"brofi-market","symbol":"SPT","quantity":"0.381000","price":"0.00274997","timestamp":1643043717,"volume":"0.00104774","buyTxId":"97d0a143dd29e935962ed1a7a870efd0f6f0e6ea","sellTxId":"ab5d4dea91ddeaf4e2b075b64487ee6a5262a608"}
{"index": {"_index":"spt","_id":"2628966"}}
	{"id":2628966,"type":"buy","buyer":"captainquack22","seller":"brofi-market","symbol":"SPT","quantity":"0.279132","price":"0.00279999","timestamp":1643043717,"volume":"0.00078157","buyTxId":"97d0a143dd29e935962ed1a7a870efd0f6f0e6ea","sellTxId":"7d06756a311fb1a59a7474646beacca3b90ba688"}
{"index": {"_index":"spt","_id":"2628967"}}
	{"id":2628967,"type":"buy","buyer":"captainquack22","seller":"laundrywoman","symbol":"SPT","quantity":"494.123443","price":"0.00286900","timestamp":1643043717,"volume":"1.41764016","buyTxId":"97d0a143dd29e935962ed1a7a870efd0f6f0e6ea","sellTxId":"583a6c6aff166db1bd6b95b4d0d05eea548c7d4b"}
{"index": {"_index":"spt","_id":"2629049"}}
	{"id":2629049,"type":"sell","buyer":"stickupcash","seller":"investinthefutur","symbol":"SPT","quantity":"89.000000","price":"0.00251000","timestamp":1643044251,"volume":"0.22339000","buyTxId":"891541af083c328fbf274b291e236eb0e2839504","sellTxId":"0bfa239c8fea82034b943f82e740668d75c1e14d"}
{"index": {"_index":"spt","_id":"2629183"}}
	{"id":2629183,"type":"sell","buyer":"stickupcash","seller":"catomoon","symbol":"SPT","quantity":"1.429109","price":"0.00251000","timestamp":1643045547,"volume":"0.00358706","buyTxId":"891541af083c328fbf274b291e236eb0e2839504","sellTxId":"110fe9b781e76b834f09d0f11069324b182932cf"}
{"index": {"_index":"spt","_id":"2629234"}}
	{"id":2629234,"type":"sell","buyer":"stickupcash","seller":"rainbow8","symbol":"SPT","quantity":"37.101810","price":"0.00251000","timestamp":1643046048,"volume":"0.09312554","buyTxId":"891541af083c328fbf274b291e236eb0e2839504","sellTxId":"c52154bcac94fc0416a11954f621a329d6b621c3"}
{"index": {"_index":"spt","_id":"2629248"}}
	{"id":2629248,"type":"sell","buyer":"stickupcash","seller":"itachi24","symbol":"SPT","quantity":"1.426166","price":"0.00251000","timestamp":1643046150,"volume":"0.00357968","buyTxId":"891541af083c328fbf274b291e236eb0e2839504","sellTxId":"fe11589b94f0c80ce5cf4c85f820987579f5f0a2"}
{"index": {"_index":"spt","_id":"2629465"}}
	{"id":2629465,"type":"sell","buyer":"stickupcash","seller":"sketchygamerguy","symbol":"SPT","quantity":"26.671736","price":"0.00251000","timestamp":1643047479,"volume":"0.06694606","buyTxId":"891541af083c328fbf274b291e236eb0e2839504","sellTxId":"99fd40487c962c41f785fb11d6f3fe842458cfd3"}
{"index": {"_index":"spt","_id":"2629712"}}
	{"id":2629712,"type":"sell","buyer":"stickupcash","seller":"tanguero","symbol":"SPT","quantity":"51.465321","price":"0.00251000","timestamp":1643049183,"volume":"0.12917796","buyTxId":"891541af083c328fbf274b291e236eb0e2839504","sellTxId":"341884d67a4e05079372afe1eb53e8d5fad1dbd0"}
{"index": {"_index":"spt","_id":"2629718"}}
	{"id":2629718,"type":"sell","buyer":"multifurcate","seller":"tanguero","symbol":"SPT","quantity":"1908.534679","price":"0.00215102","timestamp":1643049273,"volume":"4.10529627","buyTxId":"b4fa936137e1482cecdbaf63bc993568655f077d","sellTxId":"ea246c598a8a3b1d92f91145154689b34850c980"}
{"index": {"_index":"spt","_id":"2629791"}}
	{"id":2629791,"type":"sell","buyer":"druidsblood","seller":"dhedge-drips","symbol":"SPT","quantity":"0.035719","price":"0.00215002","timestamp":1643049963,"volume":"0.00007680","buyTxId":"a81fa8886c4f176a4fa2f92755bbffa87bcc318f","sellTxId":"402f605bf0f32f389f7a889945f09360b85b8488"}
{"index": {"_index":"spt","_id":"2629999"}}
	{"id":2629999,"type":"buy","buyer":"udontknowm3","seller":"eghnim","symbol":"SPT","quantity":"48.803261","price":"0.00215255","timestamp":1643051244,"volume":"0.10505146","buyTxId":"09e06ac2d8c57df5ebf9143e79522ada46f13552","sellTxId":"40fb5e0eafd55304808c0135646b14c1eaed1ff3"}
{"index": {"_index":"spt","_id":"2630061"}}
	{"id":2630061,"type":"sell","buyer":"multifurcate","seller":"tex73110","symbol":"SPT","quantity":"14.888016","price":"0.00220100","timestamp":1643051820,"volume":"0.03276852","buyTxId":"c18c6a15e71cccf1c29bbefb4f03b4184e970991","sellTxId":"556df2012834f7ee832a167b68d5c4d2b964b267"}
{"index": {"_index":"spt","_id":"2630291"}}
	{"id":2630291,"type":"sell","buyer":"udontknowm3","seller":"yanes94","symbol":"SPT","quantity":"491.740909","price":"0.00220000","timestamp":1643053902,"volume":"1.08183000","buyTxId":"ad6fcce44e977c64556944ac56a63a2a4a962f36","sellTxId":"d726a70360ffed12f78989f3a3cb11c34077a401"}
{"index": {"_index":"spt","_id":"2630394"}}
	{"id":2630394,"type":"sell","buyer":"jongolson","seller":"laundrywoman","symbol":"SPT","quantity":"1000.000000","price":"0.00286000","timestamp":1643054514,"volume":"2.86000000","buyTxId":"a4c18e0d4b40620570e471926fff359842f34b15","sellTxId":"3ea0a8f617aa7eaab2f918194dd0ec8eae59474c"}
{"index": {"_index":"spt","_id":"2630453"}}
	{"id":2630453,"type":"buy","buyer":"multifurcate","seller":"bananofarmer","symbol":"SPT","quantity":"7.487081","price":"0.00215255","timestamp":1643054841,"volume":"0.01611632","buyTxId":"77b0c733cef1c2171a024891154d8f56bac52cff","sellTxId":"891d686cb7a9fb34c898ee220c9624c101cb77cd"}
{"index": {"_index":"spt","_id":"2630484"}}
	{"id":2630484,"type":"buy","buyer":"udontknowm3","seller":"cryptojiang","symbol":"SPT","quantity":"50.000000","price":"0.00220100","timestamp":1643055096,"volume":"0.11005000","buyTxId":"0c5da32ab1cab9d6982c6b2cfbe1bfdeac6e45b8","sellTxId":"27d1bd80467ee75e216fdac8ac03180c1ad25817"}
{"index": {"_index":"spt","_id":"2630537"}}
	{"id":2630537,"type":"sell","buyer":"druidsblood","seller":"brofi-market","symbol":"SPT","quantity":"0.184008","price":"0.00215256","timestamp":1643055456,"volume":"0.00039609","buyTxId":"c4ad6533ef52b182d787302363a41a0b61d2150e","sellTxId":"e6380e0120f23ec7bb0912783bdbec684a595ecf"}
{"index": {"_index":"spt","_id":"2630565"}}
	{"id":2630565,"type":"buy","buyer":"trinitylove","seller":"chel-koby","symbol":"SPT","quantity":"120.000000","price":"0.00286004","timestamp":1643055576,"volume":"0.34320480","buyTxId":"699d3036b64f779f08bfb451cbafa24163a928a2","sellTxId":"e40fbea7e9097fae5eeb5937e1e219f6b2e33807"}
{"index": {"_index":"spt","_id":"2631189"}}
	{"id":2631189,"type":"buy","buyer":"multifurcate","seller":"theclasser1","symbol":"SPT","quantity":"40816.723773","price":"0.00215356","timestamp":1643063085,"volume":"87.90126365","buyTxId":"3b90f75345a59b7944443a3f6d110c6e47bb0d21","sellTxId":"7e8ed9ad5c46763d5c99111f8241b23123a7b653"}
{"index": {"_index":"spt","_id":"2631321"}}
	{"id":2631321,"type":"sell","buyer":"druidsblood","seller":"dhedge-drips","symbol":"SPT","quantity":"0.017250","price":"0.00215256","timestamp":1643064333,"volume":"0.00003713","buyTxId":"c4ad6533ef52b182d787302363a41a0b61d2150e","sellTxId":"6d4fbe712ab7c4190dc510f3990eba0069776a8b"}
{"index": {"_index":"spt","_id":"2631486"}}
	{"id":2631486,"type":"sell","buyer":"druidsblood","seller":"he-index","symbol":"SPT","quantity":"0.049000","price":"0.00215256","timestamp":1643066346,"volume":"0.00010548","buyTxId":"c4ad6533ef52b182d787302363a41a0b61d2150e","sellTxId":"92bfba28a1cf2788e163983d2cef9ae58b79fc0a"}
{"index": {"_index":"spt","_id":"2631827"}}
	{"id":2631827,"type":"sell","buyer":"druidsblood","seller":"brofi-market","symbol":"SPT","quantity":"5.539640","price":"0.00215256","timestamp":1643069610,"volume":"0.01192441","buyTxId":"c4ad6533ef52b182d787302363a41a0b61d2150e","sellTxId":"4c27852d86625874ef409733638019360eaae061"}
{"index": {"_index":"spt","_id":"2631846"}}
	{"id":2631846,"type":"buy","buyer":"thewycher","seller":"freeztag","symbol":"SPT","quantity":"14.210719","price":"0.00239256","timestamp":1643069796,"volume":"0.034","buyTxId":"c63859c0063ab18ceefd8391836528d80f869145","sellTxId":"e39946c1c412ae2ef2d71daed7234789a81a1d91"}
{"index": {"_index":"spt","_id":"2631851"}}
	{"id":2631851,"type":"sell","buyer":"druidsblood","seller":"rocknrolldm","symbol":"SPT","quantity":"65.096653","price":"0.00215256","timestamp":1643069865,"volume":"0.14012445","buyTxId":"c4ad6533ef52b182d787302363a41a0b61d2150e","sellTxId":"fd49e28208808f71596ee10aa7918068ab974e22"}
{"index": {"_index":"spt","_id":"2631881"}}
	{"id":2631881,"type":"sell","buyer":"druidsblood","seller":"iceman23","symbol":"SPT","quantity":"5.84421","price":"0.00215256","timestamp":1643070669,"volume":"0.01258001","buyTxId":"c4ad6533ef52b182d787302363a41a0b61d2150e","sellTxId":"4bc68b0b08f37207653bfe5699d2b3a59f590ab7"}
{"index": {"_index":"spt","_id":"2631951"}}
	{"id":2631951,"type":"sell","buyer":"multifurcate","seller":"dhedge-drips","symbol":"SPT","quantity":"0.004186","price":"0.00215356","timestamp":1643071572,"volume":"0.00000901","buyTxId":"b2e8f2e3087f17ccc473af8531f399c936a76851","sellTxId":"6401c00d4bc96c2cddd635a9cdea28aa96816775"}
{"index": {"_index":"spt","_id":"2632053"}}
	{"id":2632053,"type":"sell","buyer":"druidsblood","seller":"sketchygamerguy","symbol":"SPT","quantity":"3.027512","price":"0.00215256","timestamp":1643072469,"volume":"0.00651690","buyTxId":"c4ad6533ef52b182d787302363a41a0b61d2150e","sellTxId":"e48b640e61b4f76823f8a21373cdbccb177579e1"}
{"index": {"_index":"spt","_id":"2632064"}}
	{"id":2632064,"type":"buy","buyer":"captainquack22","seller":"freeztag","symbol":"SPT","quantity":"1985.789281","price":"0.00239256","timestamp":1643072541,"volume":"4.75112000","buyTxId":"ed3dc829fbca9e3cb843ca56b8efb824cb4c4495","sellTxId":"e39946c1c412ae2ef2d71daed7234789a81a1d91"}
{"index": {"_index":"spt","_id":"2632065"}}
	{"id":2632065,"type":"buy","buyer":"captainquack22","seller":"dhedge-drips","symbol":"SPT","quantity":"0.017250","price":"0.00239256","timestamp":1643072541,"volume":"0.00004127","buyTxId":"ed3dc829fbca9e3cb843ca56b8efb824cb4c4495","sellTxId":"8f761470e6697996b6184b50997f32c37d5bf1e0"}
{"index": {"_index":"spt","_id":"2632066"}}
	{"id":2632066,"type":"buy","buyer":"captainquack22","seller":"brofi-market","symbol":"SPT","quantity":"5.539640","price":"0.00239256","timestamp":1643072541,"volume":"0.01325392","buyTxId":"ed3dc829fbca9e3cb843ca56b8efb824cb4c4495","sellTxId":"b8282c31f51cccb6af806937b8c172a2154c8f53"}
{"index": {"_index":"spt","_id":"2632067"}}
	{"id":2632067,"type":"buy","buyer":"captainquack22","seller":"dhedge-drips","symbol":"SPT","quantity":"0.004186","price":"0.00239256","timestamp":1643072541,"volume":"0.00001002","buyTxId":"ed3dc829fbca9e3cb843ca56b8efb824cb4c4495","sellTxId":"6ab737aa09b36339229e2fef4c21f9bdd367f331"}
{"index": {"_index":"spt","_id":"2632068"}}
	{"id":2632068,"type":"buy","buyer":"captainquack22","seller":"laundrywoman","symbol":"SPT","quantity":"15821.945404","price":"0.00285904","timestamp":1643072541,"volume":"45.23557479","buyTxId":"ed3dc829fbca9e3cb843ca56b8efb824cb4c4495","sellTxId":"f5c5f877a9fa4379b38840804b4141b21ccca361"}
{"index": {"_index":"spt","_id":"2632129"}}
	{"id":2632129,"type":"buy","buyer":"trinitylove","seller":"chel-koby","symbol":"SPT","quantity":"229.000000","price":"0.00286004","timestamp":1643073408,"volume":"0.65494916","buyTxId":"758d6e2e608c61422961012fde8a0145320728c0","sellTxId":"e40fbea7e9097fae5eeb5937e1e219f6b2e33807"}
{"index": {"_index":"spt","_id":"2632143"}}
	{"id":2632143,"type":"buy","buyer":"multifurcate","seller":"navre","symbol":"SPT","quantity":"1038.000000","price":"0.00215356","timestamp":1643073726,"volume":"2.23539528","buyTxId":"9c78101a6d882d2f32d3dcea203ab768d841d8d2","sellTxId":"1976e72f5050c61ffea22253fe6c7f5f84045030"}
{"index": {"_index":"spt","_id":"2632242"}}
	{"id":2632242,"type":"buy","buyer":"trinitylove","seller":"laundrywoman","symbol":"SPT","quantity":"2416.000000","price":"0.00285904","timestamp":1643075076,"volume":"6.90744064","buyTxId":"e951455d407af7e1f00edd4a538f3c5d1f25b52c","sellTxId":"1e929e04297b238c718b43c6167198739dbb0499"}
{"index": {"_index":"spt","_id":"2632352"}}
	{"id":2632352,"type":"sell","buyer":"multifurcate","seller":"jujubajubs","symbol":"SPT","quantity":"2094.030914","price":"0.00215356","timestamp":1643076597,"volume":"4.50962122","buyTxId":"7ee1b488fb6f7b3ea33424baf3e72611d25c8128","sellTxId":"b4da6dccc1294d489c1dbc930cf338f2d0d27ce2"}
{"index": {"_index":"spt","_id":"2632389"}}
	{"id":2632389,"type":"buy","buyer":"captainquack22","seller":"laundrywoman","symbol":"SPT","quantity":"4547.839776","price":"0.00285850","timestamp":1643077218,"volume":"13","buyTxId":"6db214cf07786d77356087a0cee5b0cc328b30cf","sellTxId":"3a70a2b979479ccffd82f430f205aa64fe30985c"}
{"index": {"_index":"spt","_id":"2632628"}}
	{"id":2632628,"type":"sell","buyer":"multifurcate","seller":"opinizeunltd","symbol":"SPT","quantity":"257.000000","price":"0.00215356","timestamp":1643080071,"volume":"0.55346492","buyTxId":"dd145de0d6180e4c6fc395a6e541e178ef573091","sellTxId":"25fe77a237a98250a412b25b0e89124fa1efc701"}
{"index": {"_index":"spt","_id":"2632686"}}
	{"id":2632686,"type":"buy","buyer":"janoshik","seller":"underlock","symbol":"SPT","quantity":"1872.989560","price":"0.00285950","timestamp":1643081010,"volume":"5.35581365","buyTxId":"c9eeca822d6018d3f9ec8ba14bf3d9a9ae036663","sellTxId":"e0078478f45dcde8e707f1cb5b28967dcf83d8d7"}
{"index": {"_index":"spt","_id":"2632687"}}
	{"id":2632687,"type":"buy","buyer":"janoshik","seller":"chel-koby","symbol":"SPT","quantity":"2451.000000","price":"0.00286004","timestamp":1643081010,"volume":"7.00995804","buyTxId":"c9eeca822d6018d3f9ec8ba14bf3d9a9ae036663","sellTxId":"e40fbea7e9097fae5eeb5937e1e219f6b2e33807"}
{"index": {"_index":"spt","_id":"2632688"}}
	{"id":2632688,"type":"buy","buyer":"janoshik","seller":"brofi-market","symbol":"SPT","quantity":"0.184008","price":"0.00286004","timestamp":1643081010,"volume":"0.00052627","buyTxId":"c9eeca822d6018d3f9ec8ba14bf3d9a9ae036663","sellTxId":"36574588e763a9e09016c1a0a8654ceb247d22d1"}
{"index": {"_index":"spt","_id":"2632689"}}
	{"id":2632689,"type":"buy","buyer":"janoshik","seller":"tradingideas.spt","symbol":"SPT","quantity":"2675.826432","price":"0.00287000","timestamp":1643081010,"volume":"7.67962186","buyTxId":"c9eeca822d6018d3f9ec8ba14bf3d9a9ae036663","sellTxId":"82b677e985709ef0ed9d714c969031ae53bb9e08"}
