{"index": {"_index":"spt","_id":"1734281"}}
	{"id":1734281,"type":"sell","buyer":"nft-hunter","seller":"fer.nando","symbol":"SPT","quantity":"1.406447","price":"0.01100000","timestamp":1634612355,"volume":"0.01547092","buyTxId":"d2b6fbd9885fb82fa51d08c40d772f84768edea8","sellTxId":"ac4e533742d4d1d2c4d91707154d0a9979ccbe8c"}
{"index": {"_index":"spt","_id":"1734283"}}
	{"id":1734283,"type":"sell","buyer":"nft-hunter","seller":"dynamicgreentk","symbol":"SPT","quantity":"18.268953","price":"0.01100000","timestamp":1634612361,"volume":"0.20095848","buyTxId":"d2b6fbd9885fb82fa51d08c40d772f84768edea8","sellTxId":"1651138f6dcad9a82f32994ecc3d2378eacf7292"}
{"index": {"_index":"spt","_id":"1734284"}}
	{"id":1734284,"type":"sell","buyer":"granddaddies","seller":"dynamicgreentk","symbol":"SPT","quantity":"567.734542","price":"0.01017002","timestamp":1634612361,"volume":"5.77387165","buyTxId":"48ced71f3d9312b7f6ec3ab6a24561e1ec6cd97f","sellTxId":"1651138f6dcad9a82f32994ecc3d2378eacf7292"}
{"index": {"_index":"spt","_id":"1734297"}}
	{"id":1734297,"type":"buy","buyer":"thebugiq","seller":"laundrywoman","symbol":"SPT","quantity":"5254.433873","price":"0.01149999","timestamp":1634612517,"volume":"60.42593700","buyTxId":"757d34e449a72f6e0f0e287adfc134b39f96fbbb","sellTxId":"033eccbf1e7082f24c221c2cd6c3f511e0d36cfe"}
{"index": {"_index":"spt","_id":"1734312"}}
	{"id":1734312,"type":"buy","buyer":"thebugiq","seller":"laundrywoman","symbol":"SPT","quantity":"2212.000000","price":"0.01149999","timestamp":1634612697,"volume":"25.43797788","buyTxId":"0a0d53e50bbdf26217909d11e5150ae92f09fff9","sellTxId":"033eccbf1e7082f24c221c2cd6c3f511e0d36cfe"}
{"index": {"_index":"spt","_id":"1734368"}}
	{"id":1734368,"type":"buy","buyer":"thebugiq","seller":"laundrywoman","symbol":"SPT","quantity":"2697.000000","price":"0.01149999","timestamp":1634613306,"volume":"31.01547303","buyTxId":"47c2e4a01c4369d7e7824b3ad4c8eadb42ab4730","sellTxId":"033eccbf1e7082f24c221c2cd6c3f511e0d36cfe"}
{"index": {"_index":"spt","_id":"1734512"}}
	{"id":1734512,"type":"sell","buyer":"granddaddies","seller":"iceman23","symbol":"SPT","quantity":"1.072442","price":"0.01017004","timestamp":1634615073,"volume":"0.01090678","buyTxId":"937aad63a914f2e9643e8c7f0ffe8c67482cda22","sellTxId":"a708a164dd2f5c35126f00866637b2227b23fae8"}
{"index": {"_index":"spt","_id":"1734590"}}
	{"id":1734590,"type":"sell","buyer":"granddaddies","seller":"seogsa","symbol":"SPT","quantity":"369","price":"0.01017002","timestamp":1634615973,"volume":"3.75273738","buyTxId":"09662c93f149047ee06fd128eb39699b898c36ee","sellTxId":"332edabb5d05d9076875fd045351744fef8b4612"}
{"index": {"_index":"spt","_id":"1734661"}}
	{"id":1734661,"type":"sell","buyer":"pi-trader","seller":"hive.pizza","symbol":"SPT","quantity":"59.327613","price":"0.01017009","timestamp":1634616693,"volume":"0.60336716","buyTxId":"45404c2bb3abd06b04a323ebd2b849a1db5d5d95-3","sellTxId":"a91a56ff170549e96b7d78faeb1ce5c54f5dfe97"}
{"index": {"_index":"spt","_id":"1734673"}}
	{"id":1734673,"type":"sell","buyer":"pi-trader","seller":"haileejean","symbol":"SPT","quantity":"1929.633875","price":"0.01017013","timestamp":1634616897,"volume":"19.62462736","buyTxId":"9d10a1be98b029a6cbb47f4687182b7a30086c68-5","sellTxId":"42e7dcabe4fc1032367b7305039ad2faefff815d"}
{"index": {"_index":"spt","_id":"1734741"}}
	{"id":1734741,"type":"sell","buyer":"granddaddies","seller":"esmeesmith","symbol":"SPT","quantity":"0.031","price":"0.01017006","timestamp":1634617605,"volume":"0.00031527","buyTxId":"e2cec598f2f0176851482dcc3fcaf83c9dff26c6","sellTxId":"228eb65f62d4347052e118ae3386c69242e84a5b"}
{"index": {"_index":"spt","_id":"1734910"}}
	{"id":1734910,"type":"sell","buyer":"pi-trader","seller":"steem82868","symbol":"SPT","quantity":"16.562750","price":"0.01017003","timestamp":1634619231,"volume":"0.16844366","buyTxId":"493e6d5465ca5cbff65d14e98b77e445b44d50a2-3","sellTxId":"4ce71e0d782821e3538fa7cca58ebed74a69c06e"}
{"index": {"_index":"spt","_id":"1734969"}}
	{"id":1734969,"type":"sell","buyer":"pi-trader","seller":"mightyrocklee","symbol":"SPT","quantity":"1272.636191","price":"0.01017015","timestamp":1634619777,"volume":"12.94290096","buyTxId":"5f9ad3afde5cde58df49d68eb0700f56800295ff-1","sellTxId":"5e3d70424d989edd7943f3304518700c01d45c5e"}
{"index": {"_index":"spt","_id":"1734976"}}
	{"id":1734976,"type":"buy","buyer":"spacetrucker","seller":"koreaminer","symbol":"SPT","quantity":"175.746924","price":"0.01138000","timestamp":1634619921,"volume":"2","buyTxId":"252150c239dfffba49310d235952e3e39330e7ec","sellTxId":"dcd270fa34fac47520386afb850f7d881052e4d7"}
{"index": {"_index":"spt","_id":"1735004"}}
	{"id":1735004,"type":"buy","buyer":"panthera68","seller":"koreaminer","symbol":"SPT","quantity":"107.610876","price":"0.01138000","timestamp":1634620188,"volume":"1.22461177","buyTxId":"86bc2b802f7a6b4f44eb00a1078fe67b6de8e428","sellTxId":"dcd270fa34fac47520386afb850f7d881052e4d7"}
{"index": {"_index":"spt","_id":"1735106"}}
	{"id":1735106,"type":"sell","buyer":"panthera68","seller":"buackaw","symbol":"SPT","quantity":"12.500000","price":"0.01138000","timestamp":1634621307,"volume":"0.14225000","buyTxId":"86bc2b802f7a6b4f44eb00a1078fe67b6de8e428","sellTxId":"c4176911facf3813e08b95c6ea202def78141aa7"}
{"index": {"_index":"spt","_id":"1735130"}}
	{"id":1735130,"type":"buy","buyer":"catchacannonball","seller":"logicforce","symbol":"SPT","quantity":"18.909377","price":"0.01140000","timestamp":1634621634,"volume":"0.21556690","buyTxId":"59332fae05fad56a576b8f2233eae1e774105672","sellTxId":"b48eb894e3497ae70b03fadad3e31b25c0c20aff"}
{"index": {"_index":"spt","_id":"1735131"}}
	{"id":1735131,"type":"buy","buyer":"catchacannonball","seller":"laundrywoman","symbol":"SPT","quantity":"4731.090623","price":"0.01149998","timestamp":1634621634,"volume":"54.40744754","buyTxId":"59332fae05fad56a576b8f2233eae1e774105672","sellTxId":"91250f4b1bc3f30430a6ff7e4f19dc59836446e1"}
{"index": {"_index":"spt","_id":"1735166"}}
	{"id":1735166,"type":"buy","buyer":"fredfettmeister","seller":"brofi-market","symbol":"SPT","quantity":"5.252154","price":"0.01149999","timestamp":1634622165,"volume":"0.06039972","buyTxId":"558146eb29e4e86332d67e82d54aead8af5edd7d","sellTxId":"2dbc2a40d108a74c844122dc4936297070216913"}
{"index": {"_index":"spt","_id":"1735167"}}
	{"id":1735167,"type":"buy","buyer":"fredfettmeister","seller":"dhedge-drips","symbol":"SPT","quantity":"0.030500","price":"0.01149999","timestamp":1634622165,"volume":"0.00035075","buyTxId":"558146eb29e4e86332d67e82d54aead8af5edd7d","sellTxId":"4df99419670c7d8626ab7300105c51eda34a0c92"}
{"index": {"_index":"spt","_id":"1735178"}}
	{"id":1735178,"type":"sell","buyer":"fredfettmeister","seller":"laundrywoman","symbol":"SPT","quantity":"194.717346","price":"0.01149999","timestamp":1634622381,"volume":"2.23924753","buyTxId":"558146eb29e4e86332d67e82d54aead8af5edd7d","sellTxId":"0895c0f80d0266661c4ba4c839d383bf3b56056a"}
{"index": {"_index":"spt","_id":"1735256"}}
	{"id":1735256,"type":"sell","buyer":"panthera68","seller":"magnacarta","symbol":"SPT","quantity":"20.947965","price":"0.01138000","timestamp":1634623089,"volume":"0.23838784","buyTxId":"86bc2b802f7a6b4f44eb00a1078fe67b6de8e428","sellTxId":"db5c3719cf656e5d63ebcdd5ac48f1435682b709"}
{"index": {"_index":"spt","_id":"1735298"}}
	{"id":1735298,"type":"sell","buyer":"panthera68","seller":"chekohler","symbol":"SPT","quantity":"3.539096","price":"0.01138000","timestamp":1634623419,"volume":"0.04027491","buyTxId":"86bc2b802f7a6b4f44eb00a1078fe67b6de8e428","sellTxId":"3301acdc1c5b4923883ecd72bc3038ac4c3fe534"}
{"index": {"_index":"spt","_id":"1735403"}}
	{"id":1735403,"type":"sell","buyer":"panthera68","seller":"mercurial9","symbol":"SPT","quantity":"267.953000","price":"0.01138000","timestamp":1634623980,"volume":"3.04930514","buyTxId":"86bc2b802f7a6b4f44eb00a1078fe67b6de8e428","sellTxId":"3d47dc3125e9252ad6fe2a2c5211d7cd4ee7397f"}
{"index": {"_index":"spt","_id":"1735557"}}
	{"id":1735557,"type":"buy","buyer":"sigmaboyblu5","seller":"laundrywoman","symbol":"SPT","quantity":"100.000000","price":"0.01149999","timestamp":1634624862,"volume":"1.14999900","buyTxId":"2d90a6dbfd5d7132d907651496b6b83e03773e9a","sellTxId":"c7bfb2f88e1668ac62b2300ba7d8ac1c41a837d1"}
{"index": {"_index":"spt","_id":"1735896"}}
	{"id":1735896,"type":"sell","buyer":"panthera68","seller":"bambukah","symbol":"SPT","quantity":"2.246758","price":"0.01138000","timestamp":1634627550,"volume":"0.02556811","buyTxId":"86bc2b802f7a6b4f44eb00a1078fe67b6de8e428","sellTxId":"c6125ecef3e9db758f6a34384394e3e6c667d473"}
{"index": {"_index":"spt","_id":"1736181"}}
	{"id":1736181,"type":"buy","buyer":"mad-runner","seller":"laundrywoman","symbol":"SPT","quantity":"248.000000","price":"0.01149999","timestamp":1634630355,"volume":"2.85199752","buyTxId":"5a416439c97d972bf88ae1f183d83941053fd3cb","sellTxId":"de12333207f08e7741448bb8162067ad19d4a792"}
{"index": {"_index":"spt","_id":"1736276"}}
	{"id":1736276,"type":"buy","buyer":"bunker231","seller":"laundrywoman","symbol":"SPT","quantity":"0.071693","price":"0.01149999","timestamp":1634631465,"volume":"0.00082447","buyTxId":"c58807b8cf7aa9306f34b668225cd4189bfa9e3d","sellTxId":"de12333207f08e7741448bb8162067ad19d4a792"}
{"index": {"_index":"spt","_id":"1736281"}}
	{"id":1736281,"type":"sell","buyer":"panthera68","seller":"tokutaro22","symbol":"SPT","quantity":"61.010704","price":"0.01138000","timestamp":1634631507,"volume":"0.69430181","buyTxId":"86bc2b802f7a6b4f44eb00a1078fe67b6de8e428","sellTxId":"a07a9f2149a10f3baef626c92754e1f40eff8674"}
{"index": {"_index":"spt","_id":"1736465"}}
	{"id":1736465,"type":"buy","buyer":"aekyyy","seller":"laundrywoman","symbol":"SPT","quantity":"19.850000","price":"0.01149999","timestamp":1634634093,"volume":"0.22827480","buyTxId":"e5f7acc7a4d3e41794dbe7ab213ce68e251f7126","sellTxId":"5cf012dd3203877b7aeab377f735c8afc74241ec"}
{"index": {"_index":"spt","_id":"1736607"}}
	{"id":1736607,"type":"sell","buyer":"panthera68","seller":"karlitosgambitos","symbol":"SPT","quantity":"7.191601","price":"0.01138000","timestamp":1634635101,"volume":"0.08184042","buyTxId":"86bc2b802f7a6b4f44eb00a1078fe67b6de8e428","sellTxId":"7f74b2582b3929262462d63457aefcd7151930dc"}
{"index": {"_index":"spt","_id":"1736608"}}
	{"id":1736608,"type":"sell","buyer":"he-index","seller":"karlitosgambitos","symbol":"SPT","quantity":"58.172000","price":"0.01138000","timestamp":1634635101,"volume":"0.66199736","buyTxId":"4f310b2ba8f7cc776defbab7b17852bcfd369383","sellTxId":"7f74b2582b3929262462d63457aefcd7151930dc"}
{"index": {"_index":"spt","_id":"1736747"}}
	{"id":1736747,"type":"buy","buyer":"peeholder","seller":"laundrywoman","symbol":"SPT","quantity":"3000.000000","price":"0.01144999","timestamp":1634636466,"volume":"34.34997000","buyTxId":"7db284d31a2df7139839e0dc7880519919419f0b","sellTxId":"48bc22d76c7581d231dc9072859da71d3250842d"}
{"index": {"_index":"spt","_id":"1736927"}}
	{"id":1736927,"type":"sell","buyer":"pi-trader","seller":"chekohler","symbol":"SPT","quantity":"0.561731","price":"0.01017014","timestamp":1634638314,"volume":"0.00571288","buyTxId":"34e1d5f6e67e199dfcebbc639b92206f47e34a4b-1","sellTxId":"47bcadebd53aa3bccae60e698f6b6a1000e2ec2d"}
{"index": {"_index":"spt","_id":"1737108"}}
	{"id":1737108,"type":"sell","buyer":"pi-trader","seller":"steem82868","symbol":"SPT","quantity":"17.266948","price":"0.01017012","timestamp":1634640141,"volume":"0.17560693","buyTxId":"e27771bd8968b96113720d6548964715e6175b1e-1","sellTxId":"a3bef6f0bde682efdb213a1e1c863378235bca67"}
{"index": {"_index":"spt","_id":"1737235"}}
	{"id":1737235,"type":"buy","buyer":"anadolu","seller":"remiakther","symbol":"SPT","quantity":"1041.000000","price":"0.01100000","timestamp":1634641485,"volume":"11.45100000","buyTxId":"0135852daca0ef45e8562911bb8f6f9e4a01aa86","sellTxId":"757e2e60d5bdfbba531c060cc18fe9c585fab4d4"}
{"index": {"_index":"spt","_id":"1737373"}}
	{"id":1737373,"type":"buy","buyer":"lordxander","seller":"laundrywoman","symbol":"SPT","quantity":"940.000000","price":"0.01144999","timestamp":1634643144,"volume":"10.76299060","buyTxId":"cd4c3b7f852b51a99a641a92e1928c8b412f8b43","sellTxId":"69a0a9ab6b6eb6a77dab1c6f7cbaea9740ee7e1b"}
{"index": {"_index":"spt","_id":"1737452"}}
	{"id":1737452,"type":"buy","buyer":"ahmetay","seller":"eldrenora","symbol":"SPT","quantity":"1464.975408","price":"0.01100000","timestamp":1634643963,"volume":"16.11472949","buyTxId":"a5375a4b4672e2413c1ac5ee2cda2d8bf4f6f832","sellTxId":"f4e5da6884c2705aef03659b722830b7cb2ac5df"}
{"index": {"_index":"spt","_id":"1737531"}}
	{"id":1737531,"type":"sell","buyer":"pi-trader","seller":"jjb777","symbol":"SPT","quantity":"35.011000","price":"0.01018003","timestamp":1634644698,"volume":"0.35641303","buyTxId":"4e6c38b85f680d06ccb7e85a4e38ee80c471ff6d-1","sellTxId":"b1774967907a44d746a4e85d5cc2816552fb8e42"}
{"index": {"_index":"spt","_id":"1737831"}}
	{"id":1737831,"type":"buy","buyer":"stevelivingston","seller":"laundrywoman","symbol":"SPT","quantity":"900.000000","price":"0.01139999","timestamp":1634647842,"volume":"10.25999100","buyTxId":"87e48444b1c35a572fba51568dc8c2feefec0e9e","sellTxId":"74a7f26401dc8310bed06a5a848968118fa254d3"}
{"index": {"_index":"spt","_id":"1737844"}}
	{"id":1737844,"type":"buy","buyer":"hojak","seller":"laundrywoman","symbol":"SPT","quantity":"340.000000","price":"0.01139999","timestamp":1634648064,"volume":"3.87599660","buyTxId":"5a90fe4f837bc991e7112f57849038b6ae525f07","sellTxId":"74a7f26401dc8310bed06a5a848968118fa254d3"}
{"index": {"_index":"spt","_id":"1737874"}}
	{"id":1737874,"type":"buy","buyer":"mad-runner","seller":"laundrywoman","symbol":"SPT","quantity":"10.000000","price":"0.01139999","timestamp":1634648307,"volume":"0.11399990","buyTxId":"c955e5100564ea426d22a03c175a6d71b98df46d","sellTxId":"74a7f26401dc8310bed06a5a848968118fa254d3"}
{"index": {"_index":"spt","_id":"1738033"}}
	{"id":1738033,"type":"sell","buyer":"pi-trader","seller":"captainquack22","symbol":"SPT","quantity":"1300","price":"0.01019001","timestamp":1634650131,"volume":"13.24701300","buyTxId":"ca06e7cdb443ce0a78c262d87594c0feb28db3b9-1","sellTxId":"55900b12e844dd2b6658a34426990f3cf923439e"}
{"index": {"_index":"spt","_id":"1738157"}}
	{"id":1738157,"type":"sell","buyer":"pi-trader","seller":"chireerocks","symbol":"SPT","quantity":"8.861063","price":"0.01060001","timestamp":1634651382,"volume":"0.09392736","buyTxId":"20ff76930eb10177cc3307b47d34c20a130ec1b0-6","sellTxId":"3eedded98021509655c4df05c22482714ca3ecd1"}
{"index": {"_index":"spt","_id":"1738174"}}
	{"id":1738174,"type":"sell","buyer":"pi-trader","seller":"mawit07","symbol":"SPT","quantity":"766.123511","price":"0.01060004","timestamp":1634651526,"volume":"8.12093986","buyTxId":"277a5be289cdee4d9329ab36c8ad7eec5bd07ed0-1","sellTxId":"685d8d53ba2ba6cd999dd8d28d414b4f4cbc8d61"}
{"index": {"_index":"spt","_id":"1738245"}}
	{"id":1738245,"type":"buy","buyer":"trash10","seller":"laundrywoman","symbol":"SPT","quantity":"4469.302166","price":"0.01139999","timestamp":1634652231,"volume":"50.95","buyTxId":"91e0c1c4c2fa9f0ef1fb6cf5f492da4a8efcba49","sellTxId":"74a7f26401dc8310bed06a5a848968118fa254d3"}
{"index": {"_index":"spt","_id":"1738247"}}
	{"id":1738247,"type":"sell","buyer":"nft-hunter","seller":"thebugiq","symbol":"SPT","quantity":"500.000000","price":"0.01100000","timestamp":1634652261,"volume":"5.50000000","buyTxId":"61653a4171704f58cad157046f106594aeddbfd4","sellTxId":"1e504e0337702031f20d30b53ac6ffa6b5b7d524"}
{"index": {"_index":"spt","_id":"1738265"}}
	{"id":1738265,"type":"sell","buyer":"pi-trader","seller":"dynamicgreentk","symbol":"SPT","quantity":"446.394058","price":"0.01060007","timestamp":1634652420,"volume":"4.73180826","buyTxId":"25beaab8555fb0b95b083b1266bd0a89337f1e92-2","sellTxId":"cede5bcd73a84537e72e49d72fd2fa46ef76ddd5"}
{"index": {"_index":"spt","_id":"1738271"}}
	{"id":1738271,"type":"sell","buyer":"pi-trader","seller":"alive.chat","symbol":"SPT","quantity":"0.069","price":"0.01060009","timestamp":1634652501,"volume":"0.00073141","buyTxId":"6afebc85c69493e14189ca5f4894138dfa66e609-5","sellTxId":"895b2485d9e25c55f5f43cc39394da6f75562e8e"}
{"index": {"_index":"spt","_id":"1738402"}}
	{"id":1738402,"type":"sell","buyer":"pi-trader","seller":"mfblack","symbol":"SPT","quantity":"484.790000","price":"0.01080021","timestamp":1634653743,"volume":"5.23583381","buyTxId":"cfb7be39a5bae1957ae45311f2b5d07b0fc98dc2-1","sellTxId":"672f0fdfba1dc61682eeeb9191b4fde3f0462807"}
{"index": {"_index":"spt","_id":"1738635"}}
	{"id":1738635,"type":"sell","buyer":"pi-trader","seller":"mclove","symbol":"SPT","quantity":"2931.781455","price":"0.01080022","timestamp":1634655312,"volume":"31.66388471","buyTxId":"c9380d3e391df1db5253f2cb0da9f2b494a71aa8-5","sellTxId":"9504a9a71f5e15e290533454570bf44be042b525"}
{"index": {"_index":"spt","_id":"1738789"}}
	{"id":1738789,"type":"buy","buyer":"berto16","seller":"anadolu","symbol":"SPT","quantity":"69.473228","price":"0.01090000","timestamp":1634655996,"volume":"0.75725819","buyTxId":"271f39fe81984b84fdb3b2b92c94ecae6f622365","sellTxId":"MM-P-11438869-58424193-3-11-0"}
{"index": {"_index":"spt","_id":"1738821"}}
	{"id":1738821,"type":"buy","buyer":"asdzxc87926","seller":"anadolu","symbol":"SPT","quantity":"341.009174","price":"0.01090000","timestamp":1634656125,"volume":"3.71700000","buyTxId":"12afd1b2b99c2f02f4d9e8eafc4a49bbbdec774d","sellTxId":"MM-P-11438869-58424193-3-11-0"}
{"index": {"_index":"spt","_id":"1738823"}}
	{"id":1738823,"type":"sell","buyer":"he-index","seller":"votebetting","symbol":"SPT","quantity":"0.646000","price":"0.01080021","timestamp":1634656143,"volume":"0.00697694","buyTxId":"663a3a00050155a6079639ea520e6b8ce8971376","sellTxId":"09ffc2e9f23de401ba18a342a73f80f8c2591144"}
{"index": {"_index":"spt","_id":"1738927"}}
	{"id":1738927,"type":"sell","buyer":"he-index","seller":"sejclarke","symbol":"SPT","quantity":"8.457650","price":"0.01080021","timestamp":1634656698,"volume":"0.09134440","buyTxId":"663a3a00050155a6079639ea520e6b8ce8971376","sellTxId":"5194f08d0dc3649f8d9f2b18eac7ec4943b5cfce"}
{"index": {"_index":"spt","_id":"1738958"}}
	{"id":1738958,"type":"buy","buyer":"nft-hunter","seller":"anadolu","symbol":"SPT","quantity":"500.000000","price":"0.01090000","timestamp":1634656932,"volume":"5.45000000","buyTxId":"4aeda679a97cd219c1763d82b6fb19468a598e99","sellTxId":"MM-P-11438869-58424193-3-11-0"}
{"index": {"_index":"spt","_id":"1739016"}}
	{"id":1739016,"type":"buy","buyer":"brizahd","seller":"anadolu","symbol":"SPT","quantity":"0.000007","price":"0.01090000","timestamp":1634657742,"volume":"0.00000008","buyTxId":"031379371e1d3625388625521d1a7f5aba40e102","sellTxId":"MM-P-11438869-58424193-3-11-0"}
{"index": {"_index":"spt","_id":"1739017"}}
	{"id":1739017,"type":"sell","buyer":"he-index","seller":"informal","symbol":"SPT","quantity":"49.413350","price":"0.01080021","timestamp":1634657787,"volume":"0.53367455","buyTxId":"663a3a00050155a6079639ea520e6b8ce8971376","sellTxId":"76b7894b1a4456ce256c992efcd100ec6ce6d174"}
{"index": {"_index":"spt","_id":"1739023"}}
	{"id":1739023,"type":"sell","buyer":"pi-trader","seller":"informal","symbol":"SPT","quantity":"7.128564","price":"0.01060002","timestamp":1634657868,"volume":"0.07556292","buyTxId":"f36bdce49329170e971b113a89b8d13cb10bea1a-2","sellTxId":"856333794d5839c594e4deda23e2763aeaf67a7a"}
{"index": {"_index":"spt","_id":"1739065"}}
	{"id":1739065,"type":"buy","buyer":"panthera68","seller":"anadolu","symbol":"SPT","quantity":"356.000000","price":"0.01090000","timestamp":1634658357,"volume":"3.88040000","buyTxId":"f033fd6ea2fbd59f9df47e2c33e809f0bdda5de4","sellTxId":"MM-P-11438869-58424193-3-11-0"}
{"index": {"_index":"spt","_id":"1739073"}}
	{"id":1739073,"type":"buy","buyer":"cash9242","seller":"anadolu","symbol":"SPT","quantity":"371.672000","price":"0.01090000","timestamp":1634658507,"volume":"4.05122480","buyTxId":"0285d60872affbff22c7fb5c850db2f70d390fba","sellTxId":"MM-P-11438869-58424193-3-11-0"}
{"index": {"_index":"spt","_id":"1739239"}}
	{"id":1739239,"type":"sell","buyer":"pi-trader","seller":"thatsweeneyguy","symbol":"SPT","quantity":"17.706357","price":"0.01050001","timestamp":1634659689,"volume":"0.18591693","buyTxId":"a98b3319122a69c752472de67cb178bd5f971fd9-6","sellTxId":"fe1716abc22100b75b9a985194ff44e309be886f"}
{"index": {"_index":"spt","_id":"1739430"}}
	{"id":1739430,"type":"buy","buyer":"asdzxc87926","seller":"laundrywoman","symbol":"SPT","quantity":"21333.700000","price":"0.01099995","timestamp":1634660712,"volume":"234.66963332","buyTxId":"66d73ee031d1ce070e78980015a817746c5712b2","sellTxId":"169fc402daaf47f21b11a84b0d7069d63643a019"}
{"index": {"_index":"spt","_id":"1739599"}}
	{"id":1739599,"type":"sell","buyer":"anadolu","seller":"decepticons","symbol":"SPT","quantity":"3383.590184","price":"0.01060001","timestamp":1634661453,"volume":"35.86608979","buyTxId":"MM-P-11441265-58426590-3-12-0","sellTxId":"747442d006e79e69cf5ae9301f2653b12b63e267"}
{"index": {"_index":"spt","_id":"1739728"}}
	{"id":1739728,"type":"buy","buyer":"jongolson","seller":"laundrywoman","symbol":"SPT","quantity":"1500.000000","price":"0.01079993","timestamp":1634661933,"volume":"16.19989500","buyTxId":"4ff3df104598f850a076013995f0f9237c8058b8","sellTxId":"9c0f7597eb5210e10f19f06b1efb1988dc74c1a0"}
{"index": {"_index":"spt","_id":"1739789"}}
	{"id":1739789,"type":"sell","buyer":"anadolu","seller":"logturp","symbol":"SPT","quantity":"950.000000","price":"0.01060001","timestamp":1634662428,"volume":"10.07000950","buyTxId":"MM-P-11441265-58426590-3-12-0","sellTxId":"ded8769da646fefd35dcb1c4973cd0fa5b63e22a"}
{"index": {"_index":"spt","_id":"1739805"}}
	{"id":1739805,"type":"sell","buyer":"anadolu","seller":"nuzomoj1","symbol":"SPT","quantity":"0.724525","price":"0.01060001","timestamp":1634662524,"volume":"0.00767997","buyTxId":"MM-P-11441265-58426590-3-12-0","sellTxId":"c46bc5e9197a3f1a8dca7d6dd5290a3c1365bcb4"}
{"index": {"_index":"spt","_id":"1740304"}}
	{"id":1740304,"type":"sell","buyer":"anadolu","seller":"cryptolytical","symbol":"SPT","quantity":"0.247514","price":"0.01060001","timestamp":1634666784,"volume":"0.00262365","buyTxId":"MM-P-11441265-58426590-3-12-0","sellTxId":"62d3984934704cb406ec3ac88b3b9bdf76ba50d7"}
{"index": {"_index":"spt","_id":"1740305"}}
	{"id":1740305,"type":"sell","buyer":"anadolu","seller":"georgeknowsall","symbol":"SPT","quantity":"85.590511","price":"0.01060001","timestamp":1634666796,"volume":"0.90726027","buyTxId":"MM-P-11441265-58426590-3-12-0","sellTxId":"bc70be5a5366107c934f47c3e613132c449db9d5"}
{"index": {"_index":"spt","_id":"1740430"}}
	{"id":1740430,"type":"sell","buyer":"anadolu","seller":"ahmetay","symbol":"SPT","quantity":"296.823948","price":"0.01060001","timestamp":1634667615,"volume":"3.14633682","buyTxId":"MM-P-11441265-58426590-3-12-0","sellTxId":"727677d54225f6a871aaa12c0713fbdf585cb917"}
{"index": {"_index":"spt","_id":"1740431"}}
	{"id":1740431,"type":"sell","buyer":"he-index","seller":"ahmetay","symbol":"SPT","quantity":"42.476000","price":"0.01050001","timestamp":1634667615,"volume":"0.44599842","buyTxId":"cae87ea86142e381cc0a3b732dcbfb81e0458822","sellTxId":"727677d54225f6a871aaa12c0713fbdf585cb917"}
{"index": {"_index":"spt","_id":"1740432"}}
	{"id":1740432,"type":"sell","buyer":"he-index","seller":"ahmetay","symbol":"SPT","quantity":"70.857000","price":"0.01050001","timestamp":1634667615,"volume":"0.74399921","buyTxId":"794e9068f27cbdf3013e175fc1e959d525d16f87","sellTxId":"727677d54225f6a871aaa12c0713fbdf585cb917"}
{"index": {"_index":"spt","_id":"1740433"}}
	{"id":1740433,"type":"sell","buyer":"nft-hunter","seller":"ahmetay","symbol":"SPT","quantity":"371.515008","price":"0.01050000","timestamp":1634667615,"volume":"3.90090758","buyTxId":"97f6047a565499aaf5bb5c0492db4146438c6e61","sellTxId":"727677d54225f6a871aaa12c0713fbdf585cb917"}
{"index": {"_index":"spt","_id":"1740468"}}
	{"id":1740468,"type":"buy","buyer":"rimosbot","seller":"laundrywoman","symbol":"SPT","quantity":"0.001000","price":"0.01079993","timestamp":1634667840,"volume":"0.00001080","buyTxId":"3f602e9d4b3785752c7842ffaf784b0daaa62599","sellTxId":"9c0f7597eb5210e10f19f06b1efb1988dc74c1a0"}
{"index": {"_index":"spt","_id":"1740489"}}
	{"id":1740489,"type":"sell","buyer":"nft-hunter","seller":"resiliencia","symbol":"SPT","quantity":"62.880061","price":"0.01050000","timestamp":1634667990,"volume":"0.66024064","buyTxId":"97f6047a565499aaf5bb5c0492db4146438c6e61","sellTxId":"6c6a118aef8f901bc477c5696829a52b5d508f13"}
{"index": {"_index":"spt","_id":"1740568"}}
	{"id":1740568,"type":"buy","buyer":"druidsblood","seller":"laundrywoman","symbol":"SPT","quantity":"125999.000000","price":"0.01059991","timestamp":1634668665,"volume":"1335.57806009","buyTxId":"f12fc993c3e42b324fb8dcbfe51d0b58c871600d","sellTxId":"bd0ccd5fe02fb8f53fde0c7564b748183bfea846"}
{"index": {"_index":"spt","_id":"1740589"}}
	{"id":1740589,"type":"sell","buyer":"nft-hunter","seller":"revisesociology","symbol":"SPT","quantity":"65.604931","price":"0.01050000","timestamp":1634668821,"volume":"0.68885178","buyTxId":"97f6047a565499aaf5bb5c0492db4146438c6e61","sellTxId":"88900e3ea3c0c47b587788cc4a39392ae8b8440a"}
{"index": {"_index":"spt","_id":"1740610"}}
	{"id":1740610,"type":"sell","buyer":"anadolu","seller":"thebugiq","symbol":"SPT","quantity":"4807.692308","price":"0.01040000","timestamp":1634668941,"volume":"50.00000000","buyTxId":"MM-P-11443561-58428886-3-12-0","sellTxId":"72d032f05f88689c2870f4009b97c8d2e9d5142f"}
{"index": {"_index":"spt","_id":"1740660"}}
	{"id":1740660,"type":"sell","buyer":"pi-trader","seller":"pewsplosions","symbol":"SPT","quantity":"24.461668","price":"0.01020001","timestamp":1634669307,"volume":"0.24950926","buyTxId":"96af985e4f7d656917593d430537b82eb2499b1a-3","sellTxId":"ebac37a7ee61a0374d62dbd417efa409336ae647"}
{"index": {"_index":"spt","_id":"1740688"}}
	{"id":1740688,"type":"sell","buyer":"pi-trader","seller":"cursephantom","symbol":"SPT","quantity":"7.705051","price":"0.01020001","timestamp":1634669538,"volume":"0.07859160","buyTxId":"9d8e53dd4011d4ef5dedeca52b72fcec5a9ee10d-2","sellTxId":"6e95da8156afc47e09836ee5bff74090fb501f9e"}
{"index": {"_index":"spt","_id":"1740692"}}
	{"id":1740692,"type":"sell","buyer":"pi-trader","seller":"thebugiq","symbol":"SPT","quantity":"8000.000000","price":"0.01020001","timestamp":1634669565,"volume":"81.60008000","buyTxId":"eb5f1ee2209ee25e6a59de43394f487182c280ab-1","sellTxId":"d574dfb8537af5c5457f7dcffbfe39606bc09666"}
{"index": {"_index":"spt","_id":"1740693"}}
	{"id":1740693,"type":"sell","buyer":"nft-hunter","seller":"thebugiq","symbol":"SPT","quantity":"500.000000","price":"0.01020000","timestamp":1634669565,"volume":"5.10000000","buyTxId":"41958ca4c7b03a23321437d95d8621b585a6806c","sellTxId":"d574dfb8537af5c5457f7dcffbfe39606bc09666"}
{"index": {"_index":"spt","_id":"1740694"}}
	{"id":1740694,"type":"sell","buyer":"he-index","seller":"thebugiq","symbol":"SPT","quantity":"190.186000","price":"0.01019001","timestamp":1634669565,"volume":"1.93799724","buyTxId":"612cbc804056aa4616ddc437d54655bdd53dbc69","sellTxId":"d574dfb8537af5c5457f7dcffbfe39606bc09666"}
{"index": {"_index":"spt","_id":"1740695"}}
	{"id":1740695,"type":"sell","buyer":"dechuck","seller":"thebugiq","symbol":"SPT","quantity":"100.000000","price":"0.01018002","timestamp":1634669565,"volume":"1.01800200","buyTxId":"a47b26fc7147f253be3212d51461736138b0a6ac","sellTxId":"d574dfb8537af5c5457f7dcffbfe39606bc09666"}
{"index": {"_index":"spt","_id":"1740697"}}
	{"id":1740697,"type":"buy","buyer":"pi-trader","seller":"thebugiq","symbol":"SPT","quantity":"2865.555565","price":"0.01018001","timestamp":1634669586,"volume":"29.17138431","buyTxId":"ac1d2e0cb622b6573489fad874ca560a22c72404-3","sellTxId":"d574dfb8537af5c5457f7dcffbfe39606bc09666"}
{"index": {"_index":"spt","_id":"1740707"}}
	{"id":1740707,"type":"sell","buyer":"anadolu","seller":"cliffagreen","symbol":"SPT","quantity":"1.099000","price":"0.01028001","timestamp":1634669667,"volume":"0.01129773","buyTxId":"MM-P-11444058-58429383-3-12-0","sellTxId":"d917a43ca3e9f381a31cb34135e34ee8780f3855"}
{"index": {"_index":"spt","_id":"1740721"}}
	{"id":1740721,"type":"sell","buyer":"anadolu","seller":"he-index","symbol":"SPT","quantity":"0.009000","price":"0.01028001","timestamp":1634669766,"volume":"0.00009252","buyTxId":"MM-P-11444058-58429383-3-12-0","sellTxId":"37b5188bf4b40dfae72099b04554bd0082841094"}
{"index": {"_index":"spt","_id":"1740766"}}
	{"id":1740766,"type":"buy","buyer":"cannonball27","seller":"anadolu","symbol":"SPT","quantity":"300.000000","price":"0.01040000","timestamp":1634670072,"volume":"3.12000000","buyTxId":"952263366da4880a595047e80982f4f7fa62b623","sellTxId":"MM-P-11444058-58429383-3-12-1"}
{"index": {"_index":"spt","_id":"1740819"}}
	{"id":1740819,"type":"buy","buyer":"he-index","seller":"anadolu","symbol":"SPT","quantity":"25.385000","price":"0.01040000","timestamp":1634670498,"volume":"0.26400400","buyTxId":"55894cde54ee9df097207289d961f34b31a35767","sellTxId":"MM-P-11444058-58429383-3-12-1"}
{"index": {"_index":"spt","_id":"1740825"}}
	{"id":1740825,"type":"sell","buyer":"anadolu","seller":"droida","symbol":"SPT","quantity":"0.873425","price":"0.01028001","timestamp":1634670567,"volume":"0.00897882","buyTxId":"MM-P-11444058-58429383-3-12-0","sellTxId":"3dc479fad01d81d9bf49d5e3e59da4bb0471b88e"}
{"index": {"_index":"spt","_id":"1740966"}}
	{"id":1740966,"type":"buy","buyer":"kevmcc","seller":"anadolu","symbol":"SPT","quantity":"43.000000","price":"0.01040000","timestamp":1634671869,"volume":"0.44720000","buyTxId":"367716fb4579af0d5de43efcd16f6c25a0538648","sellTxId":"MM-P-11444058-58429383-3-12-1"}
{"index": {"_index":"spt","_id":"1741017"}}
	{"id":1741017,"type":"sell","buyer":"anadolu","seller":"bji1203","symbol":"SPT","quantity":"600.000000","price":"0.01028001","timestamp":1634672316,"volume":"6.16800600","buyTxId":"MM-P-11444058-58429383-3-12-0","sellTxId":"bb59e64b63b25dc74d19f30d9d1bf4b1da6e4a1a"}
{"index": {"_index":"spt","_id":"1741025"}}
	{"id":1741025,"type":"buy","buyer":"mad-runner","seller":"anadolu","symbol":"SPT","quantity":"10.000000","price":"0.01040000","timestamp":1634672532,"volume":"0.10400000","buyTxId":"9810194180540efee81089403794d8942d71d53f","sellTxId":"MM-P-11444058-58429383-3-12-1"}
{"index": {"_index":"spt","_id":"1741080"}}
	{"id":1741080,"type":"buy","buyer":"panthera68","seller":"anadolu","symbol":"SPT","quantity":"617.000000","price":"0.01040000","timestamp":1634673213,"volume":"6.41680000","buyTxId":"21565bcd6c4a3ab5d60959267ef6ce28de1860ca","sellTxId":"MM-P-11444058-58429383-3-12-1"}
{"index": {"_index":"spt","_id":"1741085"}}
	{"id":1741085,"type":"sell","buyer":"anadolu","seller":"forexbrokr","symbol":"SPT","quantity":"0.164325","price":"0.01028001","timestamp":1634673249,"volume":"0.00168926","buyTxId":"MM-P-11444058-58429383-3-12-0","sellTxId":"d46a8fdce1ae00c7db867043f627697643fee373"}
{"index": {"_index":"spt","_id":"1741159"}}
	{"id":1741159,"type":"sell","buyer":"anadolu","seller":"brofi-market","symbol":"SPT","quantity":"0.480747","price":"0.01028001","timestamp":1634674137,"volume":"0.00494208","buyTxId":"MM-P-11444058-58429383-3-12-0","sellTxId":"fb62f66374e3d1bd9bc9cc719159f3204292f45e"}
{"index": {"_index":"spt","_id":"1741276"}}
	{"id":1741276,"type":"sell","buyer":"pi-trader","seller":"ryanpiloneo","symbol":"SPT","quantity":"8.139890","price":"0.01030001","timestamp":1634675460,"volume":"0.08384095","buyTxId":"2ebe62fe219872f1ea93c41859f98a48e94fe356-5","sellTxId":"84288c2c2e886ab736cafe3b2fb6a4d68023bbfa"}
{"index": {"_index":"spt","_id":"1741349"}}
	{"id":1741349,"type":"sell","buyer":"pi-trader","seller":"chekohler","symbol":"SPT","quantity":"1.581716","price":"0.01030002","timestamp":1634676198,"volume":"0.01629171","buyTxId":"bb5815f892fd11ca1fb3eb7bb41166f144ef16e2-2","sellTxId":"70bfafc0add7403a489acbcb99b3b6e11fced2e8"}
{"index": {"_index":"spt","_id":"1741358"}}
	{"id":1741358,"type":"buy","buyer":"peeholder","seller":"anadolu","symbol":"SPT","quantity":"3200.000000","price":"0.01040000","timestamp":1634676372,"volume":"33.28000000","buyTxId":"d8fe3480d4700441cc00a801206af33def928b14","sellTxId":"MM-P-11444058-58429383-3-12-1"}
{"index": {"_index":"spt","_id":"1741429"}}
	{"id":1741429,"type":"buy","buyer":"he-index","seller":"anadolu","symbol":"SPT","quantity":"21.731000","price":"0.01040000","timestamp":1634677089,"volume":"0.22600240","buyTxId":"881741d5fa1b2920389d5ebb545c2fc43be37782","sellTxId":"MM-P-11444058-58429383-3-12-1"}
{"index": {"_index":"spt","_id":"1741666"}}
	{"id":1741666,"type":"buy","buyer":"kran1um","seller":"anadolu","symbol":"SPT","quantity":"153.000000","price":"0.01040000","timestamp":1634679657,"volume":"1.59120000","buyTxId":"aa6439893b6d2a61ee3ecbfb72a4e8a162ee399d","sellTxId":"MM-P-11444058-58429383-3-12-1"}
{"index": {"_index":"spt","_id":"1741722"}}
	{"id":1741722,"type":"sell","buyer":"just2random","seller":"ahmetay","symbol":"SPT","quantity":"4910.351584","price":"0.01031000","timestamp":1634680311,"volume":"50.62572483","buyTxId":"214bc2dcdc51a59da0d1511e1e5b16bceef3c203","sellTxId":"f036bd209dec815a80de3b36f9d4c812983bb8d0"}
{"index": {"_index":"spt","_id":"1741724"}}
	{"id":1741724,"type":"buy","buyer":"he-index","seller":"laundrywoman","symbol":"SPT","quantity":"21.442000","price":"0.01039999","timestamp":1634680335,"volume":"0.22299659","buyTxId":"a354c89e6115c774f7cdb718860e8de2dff3a717","sellTxId":"672347c7a0d8c5a2793e2a981fa5f5c2a08b6b3f"}
{"index": {"_index":"spt","_id":"1741730"}}
	{"id":1741730,"type":"sell","buyer":"just2random","seller":"mawit07","symbol":"SPT","quantity":"7.474936","price":"0.01031000","timestamp":1634680398,"volume":"0.07706659","buyTxId":"214bc2dcdc51a59da0d1511e1e5b16bceef3c203","sellTxId":"c88941497e1fbff7ef3438a99184974b3d025c84"}
{"index": {"_index":"spt","_id":"1741886"}}
	{"id":1741886,"type":"sell","buyer":"just2random","seller":"magnacarta.buzz","symbol":"SPT","quantity":"2.770546","price":"0.01031000","timestamp":1634681865,"volume":"0.02856433","buyTxId":"214bc2dcdc51a59da0d1511e1e5b16bceef3c203","sellTxId":"19f1e37c5b3893aa62ad987653af2789e0ebeb9e"}
{"index": {"_index":"spt","_id":"1741892"}}
	{"id":1741892,"type":"buy","buyer":"flipboy","seller":"laundrywoman","symbol":"SPT","quantity":"665.151575","price":"0.01039999","timestamp":1634681895,"volume":"6.91756973","buyTxId":"fe711b953f249b0cb85f331f16c5f113807724ec","sellTxId":"f23279ade4bf9ad355a285b8eda287a84594df2a"}
{"index": {"_index":"spt","_id":"1742077"}}
	{"id":1742077,"type":"buy","buyer":"mad-runner","seller":"laundrywoman","symbol":"SPT","quantity":"101.000000","price":"0.01039999","timestamp":1634683653,"volume":"1.05039899","buyTxId":"b036fbb8d5f0e24be2b69c6707422c1463a995e5","sellTxId":"f23279ade4bf9ad355a285b8eda287a84594df2a"}
{"index": {"_index":"spt","_id":"1742244"}}
	{"id":1742244,"type":"sell","buyer":"just2random","seller":"anadolu","symbol":"SPT","quantity":"5079.402934","price":"0.01031000","timestamp":1634685765,"volume":"52.36864425","buyTxId":"214bc2dcdc51a59da0d1511e1e5b16bceef3c203","sellTxId":"01a61bc3869bc98a3beccbe0e7865b6803613264"}
{"index": {"_index":"spt","_id":"1742245"}}
	{"id":1742245,"type":"sell","buyer":"he-index","seller":"anadolu","symbol":"SPT","quantity":"28.322000","price":"0.01031000","timestamp":1634685765,"volume":"0.29199982","buyTxId":"047b604e530737c8830d6b796f77cbbbf4ed6146","sellTxId":"01a61bc3869bc98a3beccbe0e7865b6803613264"}
{"index": {"_index":"spt","_id":"1742246"}}
	{"id":1742246,"type":"sell","buyer":"he-index","seller":"anadolu","symbol":"SPT","quantity":"43.786000","price":"0.01030001","timestamp":1634685765,"volume":"0.45099624","buyTxId":"f6c80f79f7f352ceef59ad8c4dbb4c38bb407a3e","sellTxId":"01a61bc3869bc98a3beccbe0e7865b6803613264"}
{"index": {"_index":"spt","_id":"1742247"}}
	{"id":1742247,"type":"sell","buyer":"pastzam","seller":"anadolu","symbol":"SPT","quantity":"40.000000","price":"0.01030000","timestamp":1634685765,"volume":"0.41200000","buyTxId":"d9ff2cda4f40b4f8d2f114101d5b123904969876","sellTxId":"01a61bc3869bc98a3beccbe0e7865b6803613264"}
{"index": {"_index":"spt","_id":"1742248"}}
	{"id":1742248,"type":"sell","buyer":"anadolu","seller":"anadolu","symbol":"SPT","quantity":"4261.182001","price":"0.01028001","timestamp":1634685765,"volume":"43.80499358","buyTxId":"MM-P-11444058-58429383-3-12-0","sellTxId":"01a61bc3869bc98a3beccbe0e7865b6803613264"}
{"index": {"_index":"spt","_id":"1742249"}}
	{"id":1742249,"type":"sell","buyer":"he-index","seller":"anadolu","symbol":"SPT","quantity":"36.479000","price":"0.01028001","timestamp":1634685765,"volume":"0.37500448","buyTxId":"6ee6edef9f2993e5f91ebd9f1a0b214b0c97b1cb","sellTxId":"01a61bc3869bc98a3beccbe0e7865b6803613264"}
{"index": {"_index":"spt","_id":"1742250"}}
	{"id":1742250,"type":"sell","buyer":"he-index","seller":"anadolu","symbol":"SPT","quantity":"132.198000","price":"0.01028001","timestamp":1634685765,"volume":"1.35899676","buyTxId":"323dc5510b82c77a1072350e4fcbfd788ff47e53","sellTxId":"01a61bc3869bc98a3beccbe0e7865b6803613264"}
{"index": {"_index":"spt","_id":"1742251"}}
	{"id":1742251,"type":"sell","buyer":"myothuzar","seller":"anadolu","symbol":"SPT","quantity":"10378.630065","price":"0.01018000","timestamp":1634685765,"volume":"105.65445406","buyTxId":"97dbdab99050f1f5afddffb7fc7d6bfbd72cafe1","sellTxId":"01a61bc3869bc98a3beccbe0e7865b6803613264"}
{"index": {"_index":"spt","_id":"1742409"}}
	{"id":1742409,"type":"sell","buyer":"myothuzar","seller":"anadolu","symbol":"SPT","quantity":"4621.369935","price":"0.01018000","timestamp":1634686971,"volume":"47.04554594","buyTxId":"97dbdab99050f1f5afddffb7fc7d6bfbd72cafe1","sellTxId":"d58d12cda02d8a4d7f1bf17ec814d2ba3a54275d"}
{"index": {"_index":"spt","_id":"1742410"}}
	{"id":1742410,"type":"sell","buyer":"he-index","seller":"anadolu","symbol":"SPT","quantity":"39.430000","price":"0.01017003","timestamp":1634686971,"volume":"0.40100428","buyTxId":"d9a12aed9c9c4036d6fc387213655db3a4ff2e98","sellTxId":"d58d12cda02d8a4d7f1bf17ec814d2ba3a54275d"}
{"index": {"_index":"spt","_id":"1742411"}}
	{"id":1742411,"type":"sell","buyer":"he-index","seller":"anadolu","symbol":"SPT","quantity":"1104.422000","price":"0.01017003","timestamp":1634686971,"volume":"11.23200487","buyTxId":"a4d715a3ae6e4026867fd9732043d84d33fdc02b","sellTxId":"d58d12cda02d8a4d7f1bf17ec814d2ba3a54275d"}
{"index": {"_index":"spt","_id":"1742412"}}
	{"id":1742412,"type":"sell","buyer":"rehan12","seller":"anadolu","symbol":"SPT","quantity":"1086.778065","price":"0.01015001","timestamp":1634686971,"volume":"11.03080823","buyTxId":"5ef1c18649dec1f5dc5cb0ab9e265d3568f2b1ba","sellTxId":"d58d12cda02d8a4d7f1bf17ec814d2ba3a54275d"}
{"index": {"_index":"spt","_id":"1742452"}}
	{"id":1742452,"type":"sell","buyer":"rehan12","seller":"georgeknowsall","symbol":"SPT","quantity":"18.857701","price":"0.01015001","timestamp":1634687574,"volume":"0.19140585","buyTxId":"5ef1c18649dec1f5dc5cb0ab9e265d3568f2b1ba","sellTxId":"080a68e8a1cf30783e65284d84005e59a8613d3f"}
{"index": {"_index":"spt","_id":"1742542"}}
	{"id":1742542,"type":"sell","buyer":"rehan12","seller":"iceman23","symbol":"SPT","quantity":"43.274638","price":"0.01015001","timestamp":1634688222,"volume":"0.43923801","buyTxId":"5ef1c18649dec1f5dc5cb0ab9e265d3568f2b1ba","sellTxId":"8301510d5fb56b1c9ddb0eb564fc5755c330390f"}
{"index": {"_index":"spt","_id":"1742588"}}
	{"id":1742588,"type":"sell","buyer":"rehan12","seller":"hive.pizza","symbol":"SPT","quantity":"8.387003","price":"0.01015001","timestamp":1634688696,"volume":"0.08512816","buyTxId":"5ef1c18649dec1f5dc5cb0ab9e265d3568f2b1ba","sellTxId":"2e4aade3264b687b8ab11d7d89d493b638efc944"}
{"index": {"_index":"spt","_id":"1742589"}}
	{"id":1742589,"type":"sell","buyer":"rehan12","seller":"brofi-market","symbol":"SPT","quantity":"6.391200","price":"0.01015001","timestamp":1634688699,"volume":"0.06487074","buyTxId":"5ef1c18649dec1f5dc5cb0ab9e265d3568f2b1ba","sellTxId":"8b918e9afaa53ce2e16ffc2b11265ea9852551ff"}
{"index": {"_index":"spt","_id":"1742671"}}
	{"id":1742671,"type":"sell","buyer":"rehan12","seller":"anadolu","symbol":"SPT","quantity":"28836.311393","price":"0.01015001","timestamp":1634689629,"volume":"292.68884900","buyTxId":"5ef1c18649dec1f5dc5cb0ab9e265d3568f2b1ba","sellTxId":"f0e453450d46ddde7181d2bc42b61d0b77eaf9c3"}
{"index": {"_index":"spt","_id":"1742672"}}
	{"id":1742672,"type":"sell","buyer":"he-index","seller":"anadolu","symbol":"SPT","quantity":"22.266000","price":"0.01015001","timestamp":1634689629,"volume":"0.22600012","buyTxId":"2087c39aa2d8955bf8986c464e58009d778f4323","sellTxId":"f0e453450d46ddde7181d2bc42b61d0b77eaf9c3"}
{"index": {"_index":"spt","_id":"1742762"}}
	{"id":1742762,"type":"buy","buyer":"jongolson","seller":"laundrywoman","symbol":"SPT","quantity":"1500.000000","price":"0.01039999","timestamp":1634690667,"volume":"15.59998500","buyTxId":"64a342f0cd3ee4ea1568434a06522b693e0e1bf7","sellTxId":"f23279ade4bf9ad355a285b8eda287a84594df2a"}
{"index": {"_index":"spt","_id":"1742781"}}
	{"id":1742781,"type":"sell","buyer":"he-index","seller":"dhedge-drips","symbol":"SPT","quantity":"0.077569","price":"0.01015001","timestamp":1634690787,"volume":"0.00078733","buyTxId":"8d9e7a9323ddfc3ff7c569cae118cbdd1bd8e450","sellTxId":"ab1e7bc5831c23821f50cc6234334a59c5705f2c"}
{"index": {"_index":"spt","_id":"1742832"}}
	{"id":1742832,"type":"buy","buyer":"ijat","seller":"laundrywoman","symbol":"SPT","quantity":"13.066827","price":"0.01039999","timestamp":1634691342,"volume":"0.13589488","buyTxId":"3d879bf345bd0b9a83056e35cec5e4fe6456d2f5","sellTxId":"f23279ade4bf9ad355a285b8eda287a84594df2a"}
{"index": {"_index":"spt","_id":"1742918"}}
	{"id":1742918,"type":"sell","buyer":"steemincome","seller":"jakkal","symbol":"SPT","quantity":"1104.232343","price":"0.01016000","timestamp":1634692476,"volume":"11.21900060","buyTxId":"d927068a8e91bab9101329969e65926944053671","sellTxId":"b6b94d3d8a04593386f4a8bce03c417294052b9f"}
{"index": {"_index":"spt","_id":"1742965"}}
	{"id":1742965,"type":"buy","buyer":"monset","seller":"laundrywoman","symbol":"SPT","quantity":"1232.079953","price":"0.01029999","timestamp":1634693163,"volume":"12.6904112","buyTxId":"d87f12d84c5ecbf7554df6bbcb03c652b3f5cbee","sellTxId":"3eef6fc2ebaf38279fde5799be9ec411019f204b"}
{"index": {"_index":"spt","_id":"1743070"}}
	{"id":1743070,"type":"sell","buyer":"steemincome","seller":"iceman23","symbol":"SPT","quantity":"0.543000","price":"0.01016000","timestamp":1634693991,"volume":"0.00551688","buyTxId":"d927068a8e91bab9101329969e65926944053671","sellTxId":"9296f61f10c55b8157d4e75a8dc740650de6e346"}
{"index": {"_index":"spt","_id":"1743092"}}
	{"id":1743092,"type":"sell","buyer":"steemincome","seller":"iceman-23","symbol":"SPT","quantity":"0.013063","price":"0.01016000","timestamp":1634694081,"volume":"0.00013272","buyTxId":"d927068a8e91bab9101329969e65926944053671","sellTxId":"a7a14c0e983135e73553de5762813510e9f6004b"}
{"index": {"_index":"spt","_id":"1743281"}}
	{"id":1743281,"type":"sell","buyer":"steemincome","seller":"dudeontheweb","symbol":"SPT","quantity":"53.000000","price":"0.01016000","timestamp":1634696268,"volume":"0.53848000","buyTxId":"d927068a8e91bab9101329969e65926944053671","sellTxId":"dfd5a110596da84af90a860460af4ebe82959f7a"}
{"index": {"_index":"spt","_id":"1743306"}}
	{"id":1743306,"type":"buy","buyer":"diamonp","seller":"grappha","symbol":"SPT","quantity":"432.954099","price":"0.01030000","timestamp":1634696529,"volume":"4.45942722","buyTxId":"8c400b2039c9a0f533b08993d1a42bf05b76408e","sellTxId":"f5a04a87ecccb40320af2147c028e8d2cd537f86"}
{"index": {"_index":"spt","_id":"1743314"}}
	{"id":1743314,"type":"sell","buyer":"diamonp","seller":"cardshrine","symbol":"SPT","quantity":"5.564017","price":"0.01030000","timestamp":1634696634,"volume":"0.05730938","buyTxId":"8c400b2039c9a0f533b08993d1a42bf05b76408e","sellTxId":"c7d07f9f2965d23772e6168f782b0aaf3c92e86c"}
{"index": {"_index":"spt","_id":"1743326"}}
	{"id":1743326,"type":"buy","buyer":"chaingang420","seller":"laundrywoman","symbol":"SPT","quantity":"500.000000","price":"0.01039998","timestamp":1634696700,"volume":"5.19999000","buyTxId":"625bdb5c803441da8731a9c5cd09285e0a50bb99","sellTxId":"5746042c8be518262418d6aa6d14c9b1f3b92dd8"}
{"index": {"_index":"spt","_id":"1743397"}}
	{"id":1743397,"type":"sell","buyer":"diamonp","seller":"rotceh93","symbol":"SPT","quantity":"2.519461","price":"0.01030000","timestamp":1634697153,"volume":"0.02595045","buyTxId":"8c400b2039c9a0f533b08993d1a42bf05b76408e","sellTxId":"21717628bd5a335d166cf9b0e0b68d8fa56c555e"}
{"index": {"_index":"spt","_id":"1743403"}}
	{"id":1743403,"type":"buy","buyer":"he-index","seller":"laundrywoman","symbol":"SPT","quantity":"30.385000","price":"0.01039998","timestamp":1634697255,"volume":"0.31600339","buyTxId":"c88166395fd541556630a5e50040b5334da8ec0f","sellTxId":"5746042c8be518262418d6aa6d14c9b1f3b92dd8"}
{"index": {"_index":"spt","_id":"1743410"}}
	{"id":1743410,"type":"sell","buyer":"diamonp","seller":"dynamicgreentk","symbol":"SPT","quantity":"571.717397","price":"0.01030000","timestamp":1634697315,"volume":"5.88868919","buyTxId":"8c400b2039c9a0f533b08993d1a42bf05b76408e","sellTxId":"4f18ad7e95772b4015255bfc6a10ec9e78385fe2"}
{"index": {"_index":"spt","_id":"1743490"}}
	{"id":1743490,"type":"sell","buyer":"diamonp","seller":"ultm8x","symbol":"SPT","quantity":"1210.465657","price":"0.01030000","timestamp":1634698032,"volume":"12.46779627","buyTxId":"8c400b2039c9a0f533b08993d1a42bf05b76408e","sellTxId":"d38012df58b125371898333460016773ffb5208c"}
