{"index": {"_index":"spt","_id":"2500859"}}
	{"id":2500859,"type":"sell","buyer":"vip","seller":"brofi-market","symbol":"SPT","quantity":"0.394264","price":"0.00243000","timestamp":1641701400,"volume":"0.00095806","buyTxId":"2377072f84eb1fd072dd88e2d1888c1bb3fefe37","sellTxId":"f12b7554abd3dc7e74180d5209419a2947576f7d"}
{"index": {"_index":"spt","_id":"2501155"}}
	{"id":2501155,"type":"buy","buyer":"chireerocks","seller":"brofi-market","symbol":"SPT","quantity":"0.394264","price":"0.00247999","timestamp":1641705294,"volume":"0.00097777","buyTxId":"f72fb4fe3d17f9ac27334775dcd37c7658088826","sellTxId":"32c1845de4ca849436d79417be573e4579f526e8"}
{"index": {"_index":"spt","_id":"2501156"}}
	{"id":2501156,"type":"buy","buyer":"chireerocks","seller":"laundrywoman","symbol":"SPT","quantity":"11890.725954","price":"0.00247999","timestamp":1641705294,"volume":"29.48888146","buyTxId":"f72fb4fe3d17f9ac27334775dcd37c7658088826","sellTxId":"9e3e0b28be1112e11b9c997db82d04bcf7dc3480"}
{"index": {"_index":"spt","_id":"2501264"}}
	{"id":2501264,"type":"buy","buyer":"vip","seller":"laundrywoman","symbol":"SPT","quantity":"19000.000000","price":"0.00247999","timestamp":1641706443,"volume":"47.11981000","buyTxId":"5a8368f4f3e3e7717a604b49fc41cdd13e02e911","sellTxId":"90ad4b10c84cf9ac104b035cc309038b6ccc8bf5"}
{"index": {"_index":"spt","_id":"2501274"}}
	{"id":2501274,"type":"buy","buyer":"vip","seller":"laundrywoman","symbol":"SPT","quantity":"5350.000000","price":"0.00247999","timestamp":1641706554,"volume":"13.26794650","buyTxId":"c8b5fb5d499cf4879c3a98d4b77611a5926811aa","sellTxId":"90ad4b10c84cf9ac104b035cc309038b6ccc8bf5"}
{"index": {"_index":"spt","_id":"2501294"}}
	{"id":2501294,"type":"sell","buyer":"methus","seller":"zhourunfa","symbol":"SPT","quantity":"6707.078202","price":"0.00242010","timestamp":1641706944,"volume":"16.23179995","buyTxId":"b1b220b608e3a0dec5e43ab3de4365e3089782f7","sellTxId":"ea1cc6e7dede96b261f6ea413b87cded6edd040a"}
{"index": {"_index":"spt","_id":"2501298"}}
	{"id":2501298,"type":"sell","buyer":"karuna21","seller":"zhourunfa","symbol":"SPT","quantity":"4604.707651","price":"0.00242000","timestamp":1641707019,"volume":"11.14339251","buyTxId":"c146016b88da29c55688c480f7ebf072e5f0a5f6","sellTxId":"f33b534035833c9996cd3ba78988cae22c9dbd26"}
{"index": {"_index":"spt","_id":"2501299"}}
	{"id":2501299,"type":"sell","buyer":"druidsblood","seller":"zhourunfa","symbol":"SPT","quantity":"7688.292349","price":"0.00241010","timestamp":1641707019,"volume":"18.52955339","buyTxId":"acb68acf09806d59a84199f2f673e73be55385bd","sellTxId":"f33b534035833c9996cd3ba78988cae22c9dbd26"}
{"index": {"_index":"spt","_id":"2501536"}}
	{"id":2501536,"type":"sell","buyer":"druidsblood","seller":"dhedge-drips","symbol":"SPT","quantity":"0.036962","price":"0.00241010","timestamp":1641710757,"volume":"0.00008908","buyTxId":"acb68acf09806d59a84199f2f673e73be55385bd","sellTxId":"76611c17e29b961a6edc7892529d1306f6a9d36f"}
{"index": {"_index":"spt","_id":"2501742"}}
	{"id":2501742,"type":"buy","buyer":"captainquack22","seller":"dhedge-drips","symbol":"SPT","quantity":"0.012874","price":"0.00256998","timestamp":1641714111,"volume":"0.00003309","buyTxId":"d73ca6f4b9875abb60884aa258abd60ace6a47e9","sellTxId":"bc842abbbeeadf8f532f86bd4bc2d3f64a21e6a8"}
{"index": {"_index":"spt","_id":"2501743"}}
	{"id":2501743,"type":"buy","buyer":"captainquack22","seller":"laundrywoman","symbol":"SPT","quantity":"374.974937","price":"0.00256998","timestamp":1641714111,"volume":"0.96367809","buyTxId":"d73ca6f4b9875abb60884aa258abd60ace6a47e9","sellTxId":"12e6c67aefbf66c7d1ab0c183f75c26de5cfaae0"}
{"index": {"_index":"spt","_id":"2501858"}}
	{"id":2501858,"type":"sell","buyer":"druidsblood","seller":"nata86","symbol":"SPT","quantity":"3000.000000","price":"0.00241010","timestamp":1641715725,"volume":"7.23030000","buyTxId":"acb68acf09806d59a84199f2f673e73be55385bd","sellTxId":"1f56d9bcb5db757ca03a2c2557e12789560c51bb"}
{"index": {"_index":"spt","_id":"2501869"}}
	{"id":2501869,"type":"sell","buyer":"druidsblood","seller":"brofi-market","symbol":"SPT","quantity":"0.005239","price":"0.00241010","timestamp":1641715803,"volume":"0.00001263","buyTxId":"acb68acf09806d59a84199f2f673e73be55385bd","sellTxId":"e32f63cf3435d481bee2fb1d08119e269c5b6cec"}
{"index": {"_index":"spt","_id":"2501921"}}
	{"id":2501921,"type":"sell","buyer":"druidsblood","seller":"drunksamurai","symbol":"SPT","quantity":"4418.885465","price":"0.00241010","timestamp":1641716385,"volume":"10.64995586","buyTxId":"acb68acf09806d59a84199f2f673e73be55385bd","sellTxId":"36e8f7e87e2cc2c4b8edbc470f7be76bcf08a790"}
{"index": {"_index":"spt","_id":"2501963"}}
	{"id":2501963,"type":"sell","buyer":"granddaddies","seller":"drunksamurai","symbol":"SPT","quantity":"3000.000000","price":"0.00231011","timestamp":1641717081,"volume":"6.93033000","buyTxId":"e103f457179e9ac17357efadc4efd45ba605b4f0","sellTxId":"5c4f40d692309570e0f14d5c8d73554602cca81d"}
{"index": {"_index":"spt","_id":"2502030"}}
	{"id":2502030,"type":"buy","buyer":"emibemi","seller":"laundrywoman","symbol":"SPT","quantity":"22000.000000","price":"0.00256998","timestamp":1641718302,"volume":"56.53956000","buyTxId":"c46da757854f108d2d2c0f29a6f1123c1d0e3cab","sellTxId":"12e6c67aefbf66c7d1ab0c183f75c26de5cfaae0"}
{"index": {"_index":"spt","_id":"2502067"}}
	{"id":2502067,"type":"buy","buyer":"savvyplayer","seller":"laundrywoman","symbol":"SPT","quantity":"95.000000","price":"0.00256998","timestamp":1641718617,"volume":"0.24414810","buyTxId":"be80c7b3a39f397f4975413b6098dbd9dcf2b80a","sellTxId":"12e6c67aefbf66c7d1ab0c183f75c26de5cfaae0"}
{"index": {"_index":"spt","_id":"2502098"}}
	{"id":2502098,"type":"buy","buyer":"chireerocks","seller":"laundrywoman","symbol":"SPT","quantity":"759.435229","price":"0.00256998","timestamp":1641719013,"volume":"1.95173335","buyTxId":"a8f7da0970f5d40aec56de68b6a582aaa70da649","sellTxId":"12e6c67aefbf66c7d1ab0c183f75c26de5cfaae0"}
{"index": {"_index":"spt","_id":"2502224"}}
	{"id":2502224,"type":"buy","buyer":"olezoom","seller":"laundrywoman","symbol":"SPT","quantity":"1447.482081","price":"0.00256998","timestamp":1641721071,"volume":"3.72","buyTxId":"a37b1187e324ee6e66a6d9a62cfb5dbf04c10552","sellTxId":"12e6c67aefbf66c7d1ab0c183f75c26de5cfaae0"}
{"index": {"_index":"spt","_id":"2502362"}}
	{"id":2502362,"type":"buy","buyer":"balbaabart","seller":"laundrywoman","symbol":"SPT","quantity":"1167.000000","price":"0.00256998","timestamp":1641723156,"volume":"2.99916666","buyTxId":"19890fad6db383c27d68a93ddb3d7ef0cee62b4d","sellTxId":"12e6c67aefbf66c7d1ab0c183f75c26de5cfaae0"}
{"index": {"_index":"spt","_id":"2502574"}}
	{"id":2502574,"type":"sell","buyer":"granddaddies","seller":"yameen","symbol":"SPT","quantity":"173.217851","price":"0.00231011","timestamp":1641725181,"volume":"0.40015229","buyTxId":"e103f457179e9ac17357efadc4efd45ba605b4f0","sellTxId":"2a98288d4cffc04503057936ecabfe13d09a5e94"}
{"index": {"_index":"spt","_id":"2502720"}}
	{"id":2502720,"type":"sell","buyer":"granddaddies","seller":"neruda37","symbol":"SPT","quantity":"2500.000000","price":"0.00231011","timestamp":1641726969,"volume":"5.77527500","buyTxId":"e103f457179e9ac17357efadc4efd45ba605b4f0","sellTxId":"944e0dd1d2117dc74bc62e964f7d07d879e84a79"}
{"index": {"_index":"spt","_id":"2502779"}}
	{"id":2502779,"type":"sell","buyer":"granddaddies","seller":"bilpcoinbot","symbol":"SPT","quantity":"9.637962","price":"0.00231011","timestamp":1641728337,"volume":"0.02226475","buyTxId":"a1c03ea545082e2543a37f77466cb3bc1a8054eb","sellTxId":"e18ddd28179f43349782f80d382c6873482994bb"}
{"index": {"_index":"spt","_id":"2502853"}}
	{"id":2502853,"type":"buy","buyer":"samarek69","seller":"photosnap","symbol":"SPT","quantity":"0.525210","price":"0.00247000","timestamp":1641729249,"volume":"0.00129727","buyTxId":"896d1524d6ed1c767f845234c3685086d8ecc982","sellTxId":"4751156c91e68540935b6b854f5273f0821e999e"}
{"index": {"_index":"spt","_id":"2502905"}}
	{"id":2502905,"type":"sell","buyer":"granddaddies","seller":"brofi-market","symbol":"SPT","quantity":"0.012316","price":"0.00231011","timestamp":1641730197,"volume":"0.00002845","buyTxId":"a1c03ea545082e2543a37f77466cb3bc1a8054eb","sellTxId":"349bfc2ff0d9eeceb0f8ce98cbd6858a69eb5e7d"}
{"index": {"_index":"spt","_id":"2503106"}}
	{"id":2503106,"type":"sell","buyer":"granddaddies","seller":"freeztag","symbol":"SPT","quantity":"131.451626","price":"0.00231011","timestamp":1641732249,"volume":"0.30366772","buyTxId":"a1c03ea545082e2543a37f77466cb3bc1a8054eb","sellTxId":"7372b7e29c6f88398b4ebfcb0d14e0c216b0603e"}
{"index": {"_index":"spt","_id":"2503111"}}
	{"id":2503111,"type":"sell","buyer":"granddaddies","seller":"dhedge-drips","symbol":"SPT","quantity":"0.001645","price":"0.00231011","timestamp":1641732354,"volume":"0.00000380","buyTxId":"a1c03ea545082e2543a37f77466cb3bc1a8054eb","sellTxId":"ca3d90f9878bcdd74624ab6fbe0dc4474a14dab6"}
{"index": {"_index":"spt","_id":"2503470"}}
	{"id":2503470,"type":"buy","buyer":"infidel1258","seller":"photosnap","symbol":"SPT","quantity":"475.105972","price":"0.00247000","timestamp":1641735249,"volume":"1.17351175","buyTxId":"b39ff37d097d19e0dad44c479e031bad9f0bf893","sellTxId":"4751156c91e68540935b6b854f5273f0821e999e"}
{"index": {"_index":"spt","_id":"2503471"}}
	{"id":2503471,"type":"buy","buyer":"infidel1258","seller":"brofi-market","symbol":"SPT","quantity":"0.012316","price":"0.00247000","timestamp":1641735249,"volume":"0.00003042","buyTxId":"b39ff37d097d19e0dad44c479e031bad9f0bf893","sellTxId":"d186f9da79bdb51512b6736bb0e4a024cd0f44d6"}
{"index": {"_index":"spt","_id":"2503472"}}
	{"id":2503472,"type":"buy","buyer":"infidel1258","seller":"dhedge-drips","symbol":"SPT","quantity":"0.001645","price":"0.00247000","timestamp":1641735249,"volume":"0.00000406","buyTxId":"b39ff37d097d19e0dad44c479e031bad9f0bf893","sellTxId":"2e546ba3465ef1fe26f82bb1eef2d9e25a84f14a"}
{"index": {"_index":"spt","_id":"2503473"}}
	{"id":2503473,"type":"buy","buyer":"infidel1258","seller":"jnn10","symbol":"SPT","quantity":"1933.045614","price":"0.00250000","timestamp":1641735249,"volume":"4.83261404","buyTxId":"b39ff37d097d19e0dad44c479e031bad9f0bf893","sellTxId":"c60b80f31f408912f1236e28d654ac1c2afa0333"}
{"index": {"_index":"spt","_id":"2503817"}}
	{"id":2503817,"type":"sell","buyer":"granddaddies","seller":"sharkthelion","symbol":"SPT","quantity":"90.290878","price":"0.00231011","timestamp":1641738753,"volume":"0.20858186","buyTxId":"a1c03ea545082e2543a37f77466cb3bc1a8054eb","sellTxId":"27bed0e6e7bfa2c3f0b3f071cb669daf2c6cef05"}
{"index": {"_index":"spt","_id":"2504005"}}
	{"id":2504005,"type":"buy","buyer":"caimanx","seller":"michelmake","symbol":"SPT","quantity":"6.691169","price":"0.00240000","timestamp":1641740820,"volume":"0.01605881","buyTxId":"d1f6385bba640aef8dbe8d30f3a35dc53625e3a1","sellTxId":"077361a29afba90424cc64636ad1728e472df5b6"}
{"index": {"_index":"spt","_id":"2504022"}}
	{"id":2504022,"type":"buy","buyer":"caimanx","seller":"jnn10","symbol":"SPT","quantity":"95.574059","price":"0.00250000","timestamp":1641741063,"volume":"0.23893515","buyTxId":"29480cf51658712de7c509e972b03cd2ead52e24","sellTxId":"c60b80f31f408912f1236e28d654ac1c2afa0333"}
{"index": {"_index":"spt","_id":"2504081"}}
	{"id":2504081,"type":"buy","buyer":"caimanx","seller":"dhedge-drips","symbol":"SPT","quantity":"0.036962","price":"0.00256998","timestamp":1641741615,"volume":"0.00009499","buyTxId":"1fa7f86975c5a2c693bd52462e1b2fccbab651b5","sellTxId":"7d1ddfedb9d92d0e29ad6a1ef85498702da8bcce"}
{"index": {"_index":"spt","_id":"2504082"}}
	{"id":2504082,"type":"buy","buyer":"caimanx","seller":"brofi-market","symbol":"SPT","quantity":"0.005239","price":"0.00256998","timestamp":1641741615,"volume":"0.00001346","buyTxId":"1fa7f86975c5a2c693bd52462e1b2fccbab651b5","sellTxId":"84206b28000cbc7be1e748e30c8d0dbb9152cbbc"}
{"index": {"_index":"spt","_id":"2504083"}}
	{"id":2504083,"type":"buy","buyer":"caimanx","seller":"laundrywoman","symbol":"SPT","quantity":"33.377819","price":"0.00256998","timestamp":1641741615,"volume":"0.08578033","buyTxId":"1fa7f86975c5a2c693bd52462e1b2fccbab651b5","sellTxId":"e91a5d5f5645a61231cf2be487e309b62734c395"}
{"index": {"_index":"spt","_id":"2504338"}}
	{"id":2504338,"type":"sell","buyer":"granddaddies","seller":"brofi-market","symbol":"SPT","quantity":"0.288725","price":"0.00231011","timestamp":1641744696,"volume":"0.00066699","buyTxId":"7f5a1d05c7bc51eaa9bf35b64f50d4f2e2fc19bf","sellTxId":"6b0b234443db357897db972a8032e0708239872b"}
{"index": {"_index":"spt","_id":"2504685"}}
	{"id":2504685,"type":"sell","buyer":"granddaddies","seller":"nrg","symbol":"SPT","quantity":"1024.434689","price":"0.00231011","timestamp":1641747498,"volume":"2.36655682","buyTxId":"9c48bab7bf1c7b210bb93b42c1b643e66e387247","sellTxId":"6738eef85cc588fa3f2f3075a931a60be9a39772-11"}
{"index": {"_index":"spt","_id":"2505011"}}
	{"id":2505011,"type":"buy","buyer":"rebel","seller":"laundrywoman","symbol":"SPT","quantity":"4889.098024","price":"0.00256998","timestamp":1641749778,"volume":"12.56488414","buyTxId":"50b171cfeadfe97027a0a66278a49837418e6c55","sellTxId":"e91a5d5f5645a61231cf2be487e309b62734c395"}
{"index": {"_index":"spt","_id":"2505313"}}
	{"id":2505313,"type":"sell","buyer":"granddaddies","seller":"liuke96player","symbol":"SPT","quantity":"434.000000","price":"0.00231011","timestamp":1641752559,"volume":"1.00258774","buyTxId":"9c48bab7bf1c7b210bb93b42c1b643e66e387247","sellTxId":"0ca861723032e8894ad1837d30e4bb494b9d4b33"}
{"index": {"_index":"spt","_id":"2505350"}}
	{"id":2505350,"type":"buy","buyer":"sansey","seller":"laundrywoman","symbol":"SPT","quantity":"46.000000","price":"0.00256998","timestamp":1641752724,"volume":"0.11821908","buyTxId":"a13d03914e595544e368cd1f88f44b38c4678b14","sellTxId":"e91a5d5f5645a61231cf2be487e309b62734c395"}
{"index": {"_index":"spt","_id":"2505421"}}
	{"id":2505421,"type":"buy","buyer":"carlinhusss","seller":"laundrywoman","symbol":"SPT","quantity":"539.117035","price":"0.00256998","timestamp":1641753432,"volume":"1.38552","buyTxId":"e5b3535c12dae6e0248c6241215b49e555bf05a4","sellTxId":"e91a5d5f5645a61231cf2be487e309b62734c395"}
{"index": {"_index":"spt","_id":"2505446"}}
	{"id":2505446,"type":"buy","buyer":"balbaabart","seller":"laundrywoman","symbol":"SPT","quantity":"257.778204","price":"0.00256998","timestamp":1641753780,"volume":"0.66248483","buyTxId":"c61649becccb9afb51ba0f64396ac9087f3f1c7e","sellTxId":"e91a5d5f5645a61231cf2be487e309b62734c395"}
{"index": {"_index":"spt","_id":"2505457"}}
	{"id":2505457,"type":"sell","buyer":"granddaddies","seller":"cryptojiang","symbol":"SPT","quantity":"50.000000","price":"0.00231011","timestamp":1641753921,"volume":"0.11550550","buyTxId":"9c48bab7bf1c7b210bb93b42c1b643e66e387247","sellTxId":"832908172092576eeb6559726d152bf3adfdae96"}
{"index": {"_index":"spt","_id":"2505463"}}
	{"id":2505463,"type":"sell","buyer":"granddaddies","seller":"dhedge-drips","symbol":"SPT","quantity":"0.027068","price":"0.00231011","timestamp":1641753945,"volume":"0.00006253","buyTxId":"9c48bab7bf1c7b210bb93b42c1b643e66e387247","sellTxId":"c6710ec2fb9ef1996b88c7467133bff97bc00c9f"}
{"index": {"_index":"spt","_id":"2505512"}}
	{"id":2505512,"type":"buy","buyer":"gidlark","seller":"laundrywoman","symbol":"SPT","quantity":"32.160000","price":"0.00256998","timestamp":1641754323,"volume":"0.08265056","buyTxId":"eb0eb1b3f1d34151858f6a1b4df39163416d1f75","sellTxId":"e91a5d5f5645a61231cf2be487e309b62734c395"}
{"index": {"_index":"spt","_id":"2505707"}}
	{"id":2505707,"type":"buy","buyer":"egistar","seller":"laundrywoman","symbol":"SPT","quantity":"397.376041","price":"0.00256998","timestamp":1641756510,"volume":"1.02124848","buyTxId":"bff3b176e4342e771a2fee1328c054dcf8d95fa2","sellTxId":"e91a5d5f5645a61231cf2be487e309b62734c395"}
{"index": {"_index":"spt","_id":"2505722"}}
	{"id":2505722,"type":"sell","buyer":"granddaddies","seller":"skysnap","symbol":"SPT","quantity":"5.153297","price":"0.00231011","timestamp":1641756678,"volume":"0.01190468","buyTxId":"9c48bab7bf1c7b210bb93b42c1b643e66e387247","sellTxId":"fe325f7d9aad930bbffd7b5dd7a26d7f3631ccce"}
{"index": {"_index":"spt","_id":"2505815"}}
	{"id":2505815,"type":"sell","buyer":"granddaddies","seller":"sharkthelion","symbol":"SPT","quantity":"153.987069","price":"0.00231011","timestamp":1641757398,"volume":"0.35572707","buyTxId":"9c48bab7bf1c7b210bb93b42c1b643e66e387247","sellTxId":"65f597acf92a57891333b8c5f5a05eee951c3873"}
{"index": {"_index":"spt","_id":"2505861"}}
	{"id":2505861,"type":"sell","buyer":"granddaddies","seller":"elricmoonslayer","symbol":"SPT","quantity":"44.776547","price":"0.00231011","timestamp":1641757785,"volume":"0.10343875","buyTxId":"9c48bab7bf1c7b210bb93b42c1b643e66e387247","sellTxId":"47fe983f606fb5f7ef355a32fe293c3d7eaed07b"}
{"index": {"_index":"spt","_id":"2505868"}}
	{"id":2505868,"type":"buy","buyer":"jongolson","seller":"laundrywoman","symbol":"SPT","quantity":"1000.000000","price":"0.00256998","timestamp":1641757842,"volume":"2.56998000","buyTxId":"d0fb4495aa7949eebe06706c9374a5c60ca1ff92","sellTxId":"e91a5d5f5645a61231cf2be487e309b62734c395"}
{"index": {"_index":"spt","_id":"2505927"}}
	{"id":2505927,"type":"sell","buyer":"granddaddies","seller":"themarkymark","symbol":"SPT","quantity":"75.473000","price":"0.00231011","timestamp":1641758418,"volume":"0.17435093","buyTxId":"9c48bab7bf1c7b210bb93b42c1b643e66e387247","sellTxId":"f68c3d9c2be17caff51eaf5ce92c096e36428d90"}
{"index": {"_index":"spt","_id":"2505966"}}
	{"id":2505966,"type":"buy","buyer":"panthera68","seller":"laundrywoman","symbol":"SPT","quantity":"1063.000000","price":"0.00256998","timestamp":1641759129,"volume":"2.73188874","buyTxId":"dd6eeffea8c3b81a459d5e889933503982bacd66","sellTxId":"e91a5d5f5645a61231cf2be487e309b62734c395"}
{"index": {"_index":"spt","_id":"2506012"}}
	{"id":2506012,"type":"sell","buyer":"granddaddies","seller":"brofi-market","symbol":"SPT","quantity":"0.019995","price":"0.00231011","timestamp":1641759480,"volume":"0.00004619","buyTxId":"9c48bab7bf1c7b210bb93b42c1b643e66e387247","sellTxId":"41c668da0ce2fc2cd6bee245d9d21d48fadc164d"}
{"index": {"_index":"spt","_id":"2506444"}}
	{"id":2506444,"type":"sell","buyer":"granddaddies","seller":"itachi24","symbol":"SPT","quantity":"2629.070224","price":"0.00231011","timestamp":1641763272,"volume":"6.07344142","buyTxId":"9c48bab7bf1c7b210bb93b42c1b643e66e387247","sellTxId":"a78b8a084a0c8a1eb90818a0f2eb6c0cefa8a1e9"}
{"index": {"_index":"spt","_id":"2506452"}}
	{"id":2506452,"type":"buy","buyer":"twentyfourseven","seller":"laundrywoman","symbol":"SPT","quantity":"43160.000000","price":"0.00256998","timestamp":1641763344,"volume":"110.92033680","buyTxId":"2405467051047189c2c0a59207e3511a1e59f656","sellTxId":"e91a5d5f5645a61231cf2be487e309b62734c395"}
{"index": {"_index":"spt","_id":"2506517"}}
	{"id":2506517,"type":"sell","buyer":"granddaddies","seller":"itachi24","symbol":"SPT","quantity":"117.756551","price":"0.00231011","timestamp":1641763920,"volume":"0.27203059","buyTxId":"9c48bab7bf1c7b210bb93b42c1b643e66e387247","sellTxId":"316d70d16cafe4aba98b12dec31be25d52ade32d"}
{"index": {"_index":"spt","_id":"2506565"}}
	{"id":2506565,"type":"sell","buyer":"granddaddies","seller":"forexbrokr","symbol":"SPT","quantity":"0.885397","price":"0.00231011","timestamp":1641764541,"volume":"0.00204536","buyTxId":"9c48bab7bf1c7b210bb93b42c1b643e66e387247","sellTxId":"a4a67f69d8c16ac27abcbd7f43b3df24db6bb857"}
{"index": {"_index":"spt","_id":"2506806"}}
	{"id":2506806,"type":"sell","buyer":"granddaddies","seller":"theclasser1","symbol":"SPT","quantity":"40924.751870","price":"0.00231011","timestamp":1641767568,"volume":"94.54067854","buyTxId":"9c48bab7bf1c7b210bb93b42c1b643e66e387247","sellTxId":"3c3e3922ddadbfc4c6ceeae1a515aadb9d186f05"}
{"index": {"_index":"spt","_id":"2506933"}}
	{"id":2506933,"type":"sell","buyer":"granddaddies","seller":"he-index","symbol":"SPT","quantity":"0.034000","price":"0.00231011","timestamp":1641769263,"volume":"0.00007854","buyTxId":"9c48bab7bf1c7b210bb93b42c1b643e66e387247","sellTxId":"213633c94b354d7a43e263c04d64ff811967aff9"}
{"index": {"_index":"spt","_id":"2507019"}}
	{"id":2507019,"type":"sell","buyer":"granddaddies","seller":"catomoon","symbol":"SPT","quantity":"1.484247","price":"0.00231011","timestamp":1641770118,"volume":"0.00342877","buyTxId":"9c48bab7bf1c7b210bb93b42c1b643e66e387247","sellTxId":"93c80c2caf24d6ec5af7c52005e8e80fe7c314c2"}
{"index": {"_index":"spt","_id":"2507235"}}
	{"id":2507235,"type":"buy","buyer":"successforall","seller":"laundrywoman","symbol":"SPT","quantity":"38.956131","price":"0.00256699","timestamp":1641772752,"volume":"0.1","buyTxId":"1bbb9e01af057e3cfa3c96d2feed4a2c0b5ec559","sellTxId":"d3d2716468052b09ff76c1c16ed3d68979cc258a"}
{"index": {"_index":"spt","_id":"2507236"}}
	{"id":2507236,"type":"sell","buyer":"granddaddies","seller":"marsupia","symbol":"SPT","quantity":"0.259713","price":"0.00231011","timestamp":1641772752,"volume":"0.00059997","buyTxId":"9c48bab7bf1c7b210bb93b42c1b643e66e387247","sellTxId":"c0590977bf0ea61c71cbd5dc404d23a10da8ab6a"}
{"index": {"_index":"spt","_id":"2507401"}}
	{"id":2507401,"type":"sell","buyer":"granddaddies","seller":"brofi-market","symbol":"SPT","quantity":"4.533086","price":"0.00231011","timestamp":1641773703,"volume":"0.01047193","buyTxId":"9c48bab7bf1c7b210bb93b42c1b643e66e387247","sellTxId":"a99d03d3dbcbbde887a27b3176b6d00f42a28bec"}
{"index": {"_index":"spt","_id":"2507474"}}
	{"id":2507474,"type":"buy","buyer":"thewycher","seller":"laundrywoman","symbol":"SPT","quantity":"12.855523","price":"0.00256699","timestamp":1641774162,"volume":"0.033","buyTxId":"6407d5d2dca473c8030188c4625ccc3dd915d08d","sellTxId":"d3d2716468052b09ff76c1c16ed3d68979cc258a"}
{"index": {"_index":"spt","_id":"2507608"}}
	{"id":2507608,"type":"sell","buyer":"granddaddies","seller":"dhedge-drips","symbol":"SPT","quantity":"0.041023","price":"0.00231011","timestamp":1641775620,"volume":"0.00009477","buyTxId":"9c48bab7bf1c7b210bb93b42c1b643e66e387247","sellTxId":"4195673f928abd00d49405fc3608037e642cc884"}
{"index": {"_index":"spt","_id":"2507822"}}
	{"id":2507822,"type":"sell","buyer":"granddaddies","seller":"chireerocks","symbol":"SPT","quantity":"29.120762","price":"0.00231011","timestamp":1641778581,"volume":"0.06727216","buyTxId":"9c48bab7bf1c7b210bb93b42c1b643e66e387247","sellTxId":"e5eff4a7c3e63fb418a2cedafd2b4c69f9736629"}
{"index": {"_index":"spt","_id":"2507896"}}
	{"id":2507896,"type":"buy","buyer":"cyberland","seller":"laundrywoman","symbol":"SPT","quantity":"3000.000000","price":"0.00256687","timestamp":1641779586,"volume":"7.70061000","buyTxId":"f983e53abc00e29c9b1b1f45206b9f69e02e8067","sellTxId":"8c4bd56b731c10e1abf5058e875ff2802a313294"}
{"index": {"_index":"spt","_id":"2508039"}}
	{"id":2508039,"type":"sell","buyer":"granddaddies","seller":"thegoliath","symbol":"SPT","quantity":"339.481683","price":"0.00231011","timestamp":1641780594,"volume":"0.78424003","buyTxId":"9c48bab7bf1c7b210bb93b42c1b643e66e387247","sellTxId":"4e2ccdf8554e991337b121b6a0a9f54eb7878229"}
{"index": {"_index":"spt","_id":"2508149"}}
	{"id":2508149,"type":"buy","buyer":"chireerocks","seller":"laundrywoman","symbol":"SPT","quantity":"717.931453","price":"0.00256687","timestamp":1641782154,"volume":"1.84283671","buyTxId":"f8bfbfcf54bf9387f9ea9810292856028245cd6e","sellTxId":"8c4bd56b731c10e1abf5058e875ff2802a313294"}
{"index": {"_index":"spt","_id":"2508450"}}
	{"id":2508450,"type":"sell","buyer":"granddaddies","seller":"terapallo","symbol":"SPT","quantity":"307.959246","price":"0.00231013","timestamp":1641786738,"volume":"0.71142589","buyTxId":"398347e5d167030765037adab278c6e8947968e7","sellTxId":"c05e13571d658824119af92e37f89272369084df"}
