{"index": {"_index":"spt","_id":"3595118"}}
	{"id":3595118,"type":"sell","buyer":"thewycher","seller":"chireerocks","symbol":"SPT","quantity":"164.222781","price":"0.00233101","timestamp":1654223778,"volume":"0.38280494","buyTxId":"883fe6e6c5fa1a7a16789d6000fbed0b6de052c9","sellTxId":"ab86a95fd469b9330763135069971645bf2e22e8"}
{"index": {"_index":"spt","_id":"3595366"}}
	{"id":3595366,"type":"sell","buyer":"multifurcate","seller":"jnn10","symbol":"SPT","quantity":"1700.000000","price":"0.00234100","timestamp":1654228449,"volume":"3.97970000","buyTxId":"7ac6b4a7b976c73117d1c7c15a34b0fd4227c64a","sellTxId":"6bc979367b3fc38ce1d182d6ec91ce1eebdc727a"}
{"index": {"_index":"spt","_id":"3595421"}}
	{"id":3595421,"type":"sell","buyer":"multifurcate","seller":"kafrul","symbol":"SPT","quantity":"2234.423096","price":"0.00234100","timestamp":1654229223,"volume":"5.23078447","buyTxId":"7ac6b4a7b976c73117d1c7c15a34b0fd4227c64a","sellTxId":"9394cb9e01f0f05c43b5b4f1491f933a346a8c5f"}
{"index": {"_index":"spt","_id":"3595574"}}
	{"id":3595574,"type":"sell","buyer":"multifurcate","seller":"theia7","symbol":"SPT","quantity":"12.235626","price":"0.00235100","timestamp":1654232124,"volume":"0.02876596","buyTxId":"94ee3424809193497e3fff2fbbfa9c1a16086ab8","sellTxId":"3f8360720f8be2f4dd34ff79f0a7b040dcf461a1"}
{"index": {"_index":"spt","_id":"3595647"}}
	{"id":3595647,"type":"sell","buyer":"multifurcate","seller":"themarkymark","symbol":"SPT","quantity":"28.035538","price":"0.00235100","timestamp":1654233147,"volume":"0.06591155","buyTxId":"94ee3424809193497e3fff2fbbfa9c1a16086ab8","sellTxId":"4085d806e79b98408964bf9f53129b9e2cac3525"}
{"index": {"_index":"spt","_id":"3595700"}}
	{"id":3595700,"type":"sell","buyer":"multifurcate","seller":"eythorphoto","symbol":"SPT","quantity":"0.273989","price":"0.00235100","timestamp":1654233822,"volume":"0.00064415","buyTxId":"94ee3424809193497e3fff2fbbfa9c1a16086ab8","sellTxId":"401db2ccac29b3aab787c1216f0ad5b5d8d8245b"}
{"index": {"_index":"spt","_id":"3595718"}}
	{"id":3595718,"type":"sell","buyer":"multifurcate","seller":"floki-skarsgaard","symbol":"SPT","quantity":"8.350910","price":"0.00235100","timestamp":1654234131,"volume":"0.01963299","buyTxId":"94ee3424809193497e3fff2fbbfa9c1a16086ab8","sellTxId":"af13a3097dc226e0cd3da44cdda56df6dd0cf1df"}
{"index": {"_index":"spt","_id":"3595878"}}
	{"id":3595878,"type":"sell","buyer":"onlydoge","seller":"pjansen","symbol":"SPT","quantity":"1401.410381","price":"0.00236000","timestamp":1654235568,"volume":"3.30732850","buyTxId":"06f1b6f21dc9e65974ca7233a19816cdc8c8ce67","sellTxId":"d6922b6ffeaaa5bb04920c05637e350688a8d3c8"}
{"index": {"_index":"spt","_id":"3595957"}}
	{"id":3595957,"type":"sell","buyer":"multifurcate","seller":"yameen","symbol":"SPT","quantity":"21.827150","price":"0.00236100","timestamp":1654236897,"volume":"0.05153390","buyTxId":"bcdf8280f1655a5d097607a177a68bf5ad242895","sellTxId":"7d5e2b58750ddb0fa94988611d6c11e6a360fa84"}
{"index": {"_index":"spt","_id":"3595992"}}
	{"id":3595992,"type":"sell","buyer":"multifurcate","seller":"yameen","symbol":"SPT","quantity":"22.834953","price":"0.00236100","timestamp":1654237347,"volume":"0.05391332","buyTxId":"bcdf8280f1655a5d097607a177a68bf5ad242895","sellTxId":"4fc9087c5528b9bf4bc5b70b86ff6d6abd45a892"}
{"index": {"_index":"spt","_id":"3597056"}}
	{"id":3597056,"type":"sell","buyer":"multifurcate","seller":"shiftrox","symbol":"SPT","quantity":"1331.758213","price":"0.00231312","timestamp":1654253985,"volume":"3.08051656","buyTxId":"409dcfa00094e63d95f530be1d6c0211ece7bab6","sellTxId":"29b26db7278aad3d6807f2903575451006472483"}
{"index": {"_index":"spt","_id":"3597113"}}
	{"id":3597113,"type":"sell","buyer":"multifurcate","seller":"mightyrocklee","symbol":"SPT","quantity":"606.125699","price":"0.00231312","timestamp":1654255245,"volume":"1.40204148","buyTxId":"409dcfa00094e63d95f530be1d6c0211ece7bab6","sellTxId":"027741e79d0708312280e322276665d3471533da"}
{"index": {"_index":"spt","_id":"3597286"}}
	{"id":3597286,"type":"sell","buyer":"multifurcate","seller":"dswap","symbol":"SPT","quantity":"57.050471","price":"0.00231312","timestamp":1654257600,"volume":"0.13196459","buyTxId":"409dcfa00094e63d95f530be1d6c0211ece7bab6","sellTxId":"1426d4a20fbbfac629c2be9a24fda30e90227dbe"}
{"index": {"_index":"spt","_id":"3597387"}}
	{"id":3597387,"type":"buy","buyer":"dswap","seller":"thecuriousfool","symbol":"SPT","quantity":"5.885538","price":"0.00250000","timestamp":1654259574,"volume":"0.01471385","buyTxId":"6b833511cc9b40688f4485a9a94db748b84ac191","sellTxId":"3628126331110d80424bffe337506d0b01dd46c4"}
{"index": {"_index":"spt","_id":"3597388"}}
	{"id":3597388,"type":"buy","buyer":"dswap","seller":"kitsuki","symbol":"SPT","quantity":"299.957457","price":"0.00252000","timestamp":1654259574,"volume":"0.75589279","buyTxId":"6b833511cc9b40688f4485a9a94db748b84ac191","sellTxId":"e558f1efbcaaad62d437e8a8fd3b86d7c9e64e2e"}
{"index": {"_index":"spt","_id":"3597389"}}
	{"id":3597389,"type":"buy","buyer":"dswap","seller":"onlydoge","symbol":"SPT","quantity":"64.503533","price":"0.00253000","timestamp":1654259574,"volume":"0.16319394","buyTxId":"6b833511cc9b40688f4485a9a94db748b84ac191","sellTxId":"b89e74f44edb45d0bddb5aa1bfa7c8979e47792f"}
{"index": {"_index":"spt","_id":"3597501"}}
	{"id":3597501,"type":"buy","buyer":"dbooster","seller":"onlydoge","symbol":"SPT","quantity":"500.000000","price":"0.00253000","timestamp":1654260894,"volume":"1.26500000","buyTxId":"4cbdbae7c273a492b2fc8309214e5b22556a75e3","sellTxId":"b89e74f44edb45d0bddb5aa1bfa7c8979e47792f"}
{"index": {"_index":"spt","_id":"3597626"}}
	{"id":3597626,"type":"sell","buyer":"thewycher","seller":"mrstar","symbol":"SPT","quantity":"499.999999","price":"0.00231313","timestamp":1654262262,"volume":"1.15656500","buyTxId":"37681121f326231f2b098a2240a84b470812cd72","sellTxId":"5508fb10d2abe84d2d2c70cddd8a55306102bcfe"}
{"index": {"_index":"spt","_id":"3597627"}}
	{"id":3597627,"type":"sell","buyer":"thewycher","seller":"mrstar","symbol":"SPT","quantity":"499.999999","price":"0.00231313","timestamp":1654262262,"volume":"1.15656500","buyTxId":"76b16d6901d755f0184993411e505601f7986d10","sellTxId":"5508fb10d2abe84d2d2c70cddd8a55306102bcfe"}
{"index": {"_index":"spt","_id":"3597628"}}
	{"id":3597628,"type":"sell","buyer":"thewycher","seller":"mrstar","symbol":"SPT","quantity":"329.297111","price":"0.00231313","timestamp":1654262262,"volume":"0.76170703","buyTxId":"8ed64af64c9b7f2acddf5e98aff68d3c22290dcb","sellTxId":"5508fb10d2abe84d2d2c70cddd8a55306102bcfe"}
{"index": {"_index":"spt","_id":"3597645"}}
	{"id":3597645,"type":"sell","buyer":"thewycher","seller":"frawdielp2","symbol":"SPT","quantity":"9.425954","price":"0.00231313","timestamp":1654262328,"volume":"0.02180346","buyTxId":"8ed64af64c9b7f2acddf5e98aff68d3c22290dcb","sellTxId":"3e2895521409956a354b01cadf79d8c8e2d4fc73"}
{"index": {"_index":"spt","_id":"3597825"}}
	{"id":3597825,"type":"buy","buyer":"druidsblood","seller":"onlydoge","symbol":"SPT","quantity":"836.906848","price":"0.00253000","timestamp":1654264083,"volume":"2.11737433","buyTxId":"a538c1ef4caaf66e6aa3fb5f7c3489e866ee27cd","sellTxId":"b89e74f44edb45d0bddb5aa1bfa7c8979e47792f"}
{"index": {"_index":"spt","_id":"3597826"}}
	{"id":3597826,"type":"buy","buyer":"druidsblood","seller":"kitsuki","symbol":"SPT","quantity":"400.000000","price":"0.00253870","timestamp":1654264083,"volume":"1.01548000","buyTxId":"a538c1ef4caaf66e6aa3fb5f7c3489e866ee27cd","sellTxId":"f9212a71d55026a677f5e7f8ef70945d608ae07e"}
{"index": {"_index":"spt","_id":"3597827"}}
	{"id":3597827,"type":"buy","buyer":"druidsblood","seller":"ukyron3","symbol":"SPT","quantity":"611.241427","price":"0.00253879","timestamp":1654264083,"volume":"1.55181362","buyTxId":"a538c1ef4caaf66e6aa3fb5f7c3489e866ee27cd","sellTxId":"aba860860ff0b5d1c5acbc82041c4b62244af428"}
{"index": {"_index":"spt","_id":"3597828"}}
	{"id":3597828,"type":"buy","buyer":"druidsblood","seller":"ukyron3","symbol":"SPT","quantity":"998.000000","price":"0.00253898","timestamp":1654264083,"volume":"2.53390204","buyTxId":"a538c1ef4caaf66e6aa3fb5f7c3489e866ee27cd","sellTxId":"6d2db7e717d2fcdd9098949bdabb0f18ad259741"}
{"index": {"_index":"spt","_id":"3597829"}}
	{"id":3597829,"type":"buy","buyer":"druidsblood","seller":"agglutinogenic","symbol":"SPT","quantity":"11404.851725","price":"0.00259900","timestamp":1654264083,"volume":"29.64120963","buyTxId":"a538c1ef4caaf66e6aa3fb5f7c3489e866ee27cd","sellTxId":"721808f6ee594e18b9145266f1905f63f888b3af"}
{"index": {"_index":"spt","_id":"3598117"}}
	{"id":3598117,"type":"sell","buyer":"multifurcate","seller":"heutorybr","symbol":"SPT","quantity":"2226.371261","price":"0.00232100","timestamp":1654267974,"volume":"5.16740770","buyTxId":"9362e188a77799fde6a54b34b0b0669d53b454a7","sellTxId":"f2757c3ec23cc4eed9a68dfb0efd7e6c3aca08b6"}
{"index": {"_index":"spt","_id":"3598825"}}
	{"id":3598825,"type":"buy","buyer":"darmianto5","seller":"yameen","symbol":"SPT","quantity":"100.000000","price":"0.00259800","timestamp":1654273950,"volume":"0.25980000","buyTxId":"8a2f6dd639b1546db7989a94042f09b3a68b1e09","sellTxId":"e39cf0a240d3e755b3e6a2ee3c1f7548f53590d6"}
{"index": {"_index":"spt","_id":"3598980"}}
	{"id":3598980,"type":"sell","buyer":"multifurcate","seller":"abcor","symbol":"SPT","quantity":"3540.502838","price":"0.00234100","timestamp":1654275435,"volume":"8.28831714","buyTxId":"fb51b3996fdd2f7800ca9432fb21ad3b03cfbf32","sellTxId":"27096edb523d100cf6348620e85e1c075187f8c8"}
{"index": {"_index":"spt","_id":"3599140"}}
	{"id":3599140,"type":"sell","buyer":"multifurcate","seller":"afitpower","symbol":"SPT","quantity":"0.000067","price":"0.00234100","timestamp":1654276812,"volume":"0.00000016","buyTxId":"fb51b3996fdd2f7800ca9432fb21ad3b03cfbf32","sellTxId":"0117d182240594d75159b10ad63915eea37c3b01"}
{"index": {"_index":"spt","_id":"3599345"}}
	{"id":3599345,"type":"sell","buyer":"multifurcate","seller":"catomoon","symbol":"SPT","quantity":"121.158009","price":"0.00235100","timestamp":1654279203,"volume":"0.28484248","buyTxId":"a02504ba679815c0459d3d8d56070642068297d5","sellTxId":"14143b90544b179bb9568d5a3acfe2cc9027c8d9"}
{"index": {"_index":"spt","_id":"3599579"}}
	{"id":3599579,"type":"buy","buyer":"multifurcate","seller":"candnpg","symbol":"SPT","quantity":"1757.184242","price":"0.00235099","timestamp":1654281291,"volume":"4.13112258","buyTxId":"24b0d34be056e60bb9a63a26f7485241ec4e339e","sellTxId":"afb7e71362e1ea0706a1574f973320caa49a4c97"}
{"index": {"_index":"spt","_id":"3599854"}}
	{"id":3599854,"type":"sell","buyer":"onlydoge","seller":"liuke96player","symbol":"SPT","quantity":"92.909121","price":"0.00236000","timestamp":1654283136,"volume":"0.21926553","buyTxId":"2beb0d4e982cffd951f7c757bc1ee181f681c1a3","sellTxId":"f8ce4fbbc1824cb4abef78bcd3e125c8e6a1d94d"}
{"index": {"_index":"spt","_id":"3600131"}}
	{"id":3600131,"type":"sell","buyer":"onlydoge","seller":"bearbear613","symbol":"SPT","quantity":"49.925000","price":"0.00236000","timestamp":1654285602,"volume":"0.11782300","buyTxId":"2beb0d4e982cffd951f7c757bc1ee181f681c1a3","sellTxId":"4a2da92b7f09b255e692a5c0954a712c2fe8ae02"}
{"index": {"_index":"spt","_id":"3600652"}}
	{"id":3600652,"type":"sell","buyer":"kitsuki","seller":"rileykat","symbol":"SPT","quantity":"6.751685","price":"0.00236010","timestamp":1654290342,"volume":"0.01593465","buyTxId":"7c321c00fb970c4cbe4870b8985623479180f53a","sellTxId":"52b76d72cd1ccc716c82f4050c0f4f24a1042d9b"}
{"index": {"_index":"spt","_id":"3600948"}}
	{"id":3600948,"type":"sell","buyer":"kitsuki","seller":"he-index","symbol":"SPT","quantity":"0.020000","price":"0.00236010","timestamp":1654293669,"volume":"0.00004720","buyTxId":"7c321c00fb970c4cbe4870b8985623479180f53a","sellTxId":"5017d745373828ca38f5293b74b2defc83e94269"}
{"index": {"_index":"spt","_id":"3601082"}}
	{"id":3601082,"type":"sell","buyer":"kitsuki","seller":"mvl2304.sports","symbol":"SPT","quantity":"4.794147","price":"0.00236010","timestamp":1654295244,"volume":"0.01131467","buyTxId":"7c321c00fb970c4cbe4870b8985623479180f53a","sellTxId":"8f588c64563c3ce8dad1b0cab19fcbb560a16d7a"}
{"index": {"_index":"spt","_id":"3601104"}}
	{"id":3601104,"type":"sell","buyer":"kitsuki","seller":"eythorphoto","symbol":"SPT","quantity":"0.103937","price":"0.00236010","timestamp":1654295778,"volume":"0.00024530","buyTxId":"7c321c00fb970c4cbe4870b8985623479180f53a","sellTxId":"aa1b41760d9646cedeb4d4c593fd9fcd41ea1887"}
{"index": {"_index":"spt","_id":"3601281"}}
	{"id":3601281,"type":"sell","buyer":"kitsuki","seller":"alexandrzombi","symbol":"SPT","quantity":"0.370801","price":"0.00236010","timestamp":1654298085,"volume":"0.00087513","buyTxId":"7c321c00fb970c4cbe4870b8985623479180f53a","sellTxId":"7f105d38dbbd77f73d020f09e5252518472720e2"}
{"index": {"_index":"spt","_id":"3601282"}}
	{"id":3601282,"type":"buy","buyer":"pjansen","seller":"rosmiapure","symbol":"SPT","quantity":"2083.342013","price":"0.00239999","timestamp":1654298085,"volume":"5.0000","buyTxId":"1877bc37150e7b398a842a19c0c6406527a2093e","sellTxId":"c3fc9cc891e47b8d01471adb03e217268a04bcd1"}
{"index": {"_index":"spt","_id":"3601288"}}
	{"id":3601288,"type":"buy","buyer":"pjansen","seller":"rosmiapure","symbol":"SPT","quantity":"216.657987","price":"0.00239999","timestamp":1654298136,"volume":"0.51997700","buyTxId":"962edc3aa3e8b4984c09c30d3b2d546185d41f4d","sellTxId":"c3fc9cc891e47b8d01471adb03e217268a04bcd1"}
{"index": {"_index":"spt","_id":"3601289"}}
	{"id":3601289,"type":"buy","buyer":"pjansen","seller":"saachi","symbol":"SPT","quantity":"0.009200","price":"0.00250000","timestamp":1654298136,"volume":"0.00002300","buyTxId":"962edc3aa3e8b4984c09c30d3b2d546185d41f4d","sellTxId":"afc798e52662c78e77c0e1ebfa7cb207b7308f92"}
{"index": {"_index":"spt","_id":"3601568"}}
	{"id":3601568,"type":"sell","buyer":"kitsuki","seller":"eturnerx","symbol":"SPT","quantity":"0.515","price":"0.00236010","timestamp":1654301166,"volume":"0.00121545","buyTxId":"7c321c00fb970c4cbe4870b8985623479180f53a","sellTxId":"1f8ef7a6dfea2d874d3fca2fafdb2a39717b3a3f"}
{"index": {"_index":"spt","_id":"3601783"}}
	{"id":3601783,"type":"sell","buyer":"kitsuki","seller":"dhedge-drips","symbol":"SPT","quantity":"0.019000","price":"0.00236010","timestamp":1654303584,"volume":"0.00004484","buyTxId":"7c321c00fb970c4cbe4870b8985623479180f53a","sellTxId":"1812845881ff102827702952fbd7090bc50a7a5c"}
{"index": {"_index":"spt","_id":"3601811"}}
	{"id":3601811,"type":"sell","buyer":"kitsuki","seller":"themarkymark","symbol":"SPT","quantity":"33.006439","price":"0.00236010","timestamp":1654303794,"volume":"0.07789850","buyTxId":"7c321c00fb970c4cbe4870b8985623479180f53a","sellTxId":"6013ee727d91b950b4da78e62ac8c376b02e8e30"}
{"index": {"_index":"spt","_id":"3601908"}}
	{"id":3601908,"type":"sell","buyer":"kitsuki","seller":"moonblast","symbol":"SPT","quantity":"254.418991","price":"0.00236010","timestamp":1654304976,"volume":"0.60045426","buyTxId":"7c321c00fb970c4cbe4870b8985623479180f53a","sellTxId":"129116a5dc3c8618abc882f5cfc3518c64644fb4"}
{"index": {"_index":"spt","_id":"3601909"}}
	{"id":3601909,"type":"sell","buyer":"multifurcate","seller":"moonblast","symbol":"SPT","quantity":"249.227547","price":"0.00235100","timestamp":1654304976,"volume":"0.58593396","buyTxId":"d0444b4eb6bd7a7189f8710a998e4a0c80e44265","sellTxId":"129116a5dc3c8618abc882f5cfc3518c64644fb4"}
{"index": {"_index":"spt","_id":"3602159"}}
	{"id":3602159,"type":"sell","buyer":"onlydoge","seller":"chireerocks","symbol":"SPT","quantity":"242.628716","price":"0.00236000","timestamp":1654307706,"volume":"0.57260377","buyTxId":"127df0192e9011c454611973bcc3f9a5861c6f79","sellTxId":"66a7a17ec017529e554f711fba25b0b94dcd657e"}
{"index": {"_index":"spt","_id":"3602351"}}
	{"id":3602351,"type":"sell","buyer":"multifurcate","seller":"ehb545","symbol":"SPT","quantity":"105.746447","price":"0.00236100","timestamp":1654309746,"volume":"0.24966736","buyTxId":"3914e649d2375b786649bc6b8acba39d5e75e132","sellTxId":"1b422061b01c620ff5084a1eb3d13ee4a18a68fb"}
