{"index": {"_index":"spt","_id":"3185846"}}
	{"id":3185846,"type":"sell","buyer":"kitsuki","seller":"cwow2","symbol":"SPT","quantity":"2.351732","price":"0.00195212","timestamp":1649822337,"volume":"0.00459086","buyTxId":"db941ef7ee31880d49531bdf8867c5ab596fed51","sellTxId":"852ab0e172a3dd38d8f868f1581be7a65e6b918a"}
{"index": {"_index":"spt","_id":"3185918"}}
	{"id":3185918,"type":"sell","buyer":"kitsuki","seller":"brofi-market","symbol":"SPT","quantity":"11.638437","price":"0.00195212","timestamp":1649823060,"volume":"0.02271963","buyTxId":"db941ef7ee31880d49531bdf8867c5ab596fed51","sellTxId":"f9ccb6d84999a57192bd216f79f1a153c73f2cf1"}
{"index": {"_index":"spt","_id":"3186233"}}
	{"id":3186233,"type":"sell","buyer":"kitsuki","seller":"dswap","symbol":"SPT","quantity":"170.702505","price":"0.00195212","timestamp":1649828805,"volume":"0.33323177","buyTxId":"db941ef7ee31880d49531bdf8867c5ab596fed51","sellTxId":"2cae5fc0dbc5ec44bdc8d020f7748cc6a3c69322"}
{"index": {"_index":"spt","_id":"3186296"}}
	{"id":3186296,"type":"sell","buyer":"kitsuki","seller":"mango-juice","symbol":"SPT","quantity":"300.424454","price":"0.00195212","timestamp":1649830035,"volume":"0.58646459","buyTxId":"db941ef7ee31880d49531bdf8867c5ab596fed51","sellTxId":"651ba672a4a84e87bd2cb30733aec2d0af4158f3"}
{"index": {"_index":"spt","_id":"3186307"}}
	{"id":3186307,"type":"sell","buyer":"thewycher","seller":"mango-juice","symbol":"SPT","quantity":"296.777266","price":"0.00195211","timestamp":1649830200,"volume":"0.57934187","buyTxId":"eb317a5a587cecec3cfb9532836220b85df65465","sellTxId":"16535c7ea2f7999719e429a086830d0f962ff6ed"}
{"index": {"_index":"spt","_id":"3186308"}}
	{"id":3186308,"type":"sell","buyer":"thewycher","seller":"mango-juice","symbol":"SPT","quantity":"95.967455","price":"0.00195211","timestamp":1649830200,"volume":"0.18733903","buyTxId":"c2e835e4fcda023b819f9ec3a362d9884bfadc20","sellTxId":"16535c7ea2f7999719e429a086830d0f962ff6ed"}
{"index": {"_index":"spt","_id":"3186354"}}
	{"id":3186354,"type":"buy","buyer":"jongolson","seller":"kitsuki","symbol":"SPT","quantity":"100.000000","price":"0.00229191","timestamp":1649831118,"volume":"0.22919100","buyTxId":"cbce93e34443175b8156e01e186f37b94445d4b7","sellTxId":"77bdeb082b3e75310ffc42b77efded22abf5a5a4"}
{"index": {"_index":"spt","_id":"3186355"}}
	{"id":3186355,"type":"buy","buyer":"jongolson","seller":"brofi-market","symbol":"SPT","quantity":"11.638437","price":"0.00229191","timestamp":1649831118,"volume":"0.02667425","buyTxId":"cbce93e34443175b8156e01e186f37b94445d4b7","sellTxId":"87ade6971df20030748124eaa025ade2ddf4b7f4"}
{"index": {"_index":"spt","_id":"3186394"}}
	{"id":3186394,"type":"sell","buyer":"jongolson","seller":"elenkar","symbol":"SPT","quantity":"2.901108","price":"0.00229191","timestamp":1649831796,"volume":"0.00664908","buyTxId":"cbccb42ed3dd21cb1e1d616b8dfc32ea483d903f","sellTxId":"31fb4b79d04e7dda857b00519654c0a51c796fe2"}
{"index": {"_index":"spt","_id":"3186437"}}
	{"id":3186437,"type":"sell","buyer":"jongolson","seller":"dhedge-drips","symbol":"SPT","quantity":"0.011472","price":"0.00229191","timestamp":1649832384,"volume":"0.00002629","buyTxId":"cbccb42ed3dd21cb1e1d616b8dfc32ea483d903f","sellTxId":"97511a1934b57ca96eb9221a4cd91a5eaaa4a9c3"}
{"index": {"_index":"spt","_id":"3186510"}}
	{"id":3186510,"type":"sell","buyer":"thewycher","seller":"racheladeline","symbol":"SPT","quantity":"59.301542","price":"0.00195211","timestamp":1649833848,"volume":"0.11576313","buyTxId":"c2e835e4fcda023b819f9ec3a362d9884bfadc20","sellTxId":"58afe2ef6927660f5f91f206bac06064b4550cdb"}
{"index": {"_index":"spt","_id":"3186842"}}
	{"id":3186842,"type":"sell","buyer":"thewycher","seller":"themarkymark","symbol":"SPT","quantity":"76.763633","price":"0.00195211","timestamp":1649838369,"volume":"0.14985106","buyTxId":"c2e835e4fcda023b819f9ec3a362d9884bfadc20","sellTxId":"9a9e6578f05031c39261f08d50a687a8b9c2c14b"}
{"index": {"_index":"spt","_id":"3187305"}}
	{"id":3187305,"type":"sell","buyer":"thewycher","seller":"dswap","symbol":"SPT","quantity":"67.967370","price":"0.00195211","timestamp":1649844015,"volume":"0.13267978","buyTxId":"c2e835e4fcda023b819f9ec3a362d9884bfadc20","sellTxId":"3bb9d450eb9bfb275f469be6ac68c1441b7a9577"}
{"index": {"_index":"spt","_id":"3187306"}}
	{"id":3187306,"type":"sell","buyer":"thewycher","seller":"dswap","symbol":"SPT","quantity":"300.000000","price":"0.00195211","timestamp":1649844015,"volume":"0.58563300","buyTxId":"59b4778fce4f1f2797e8b5fca3e821276dda0af2","sellTxId":"3bb9d450eb9bfb275f469be6ac68c1441b7a9577"}
{"index": {"_index":"spt","_id":"3187307"}}
	{"id":3187307,"type":"sell","buyer":"thewycher","seller":"dswap","symbol":"SPT","quantity":"300.000000","price":"0.00195211","timestamp":1649844015,"volume":"0.58563300","buyTxId":"4220df257ff4922ff28ff58290da033663295fb7","sellTxId":"3bb9d450eb9bfb275f469be6ac68c1441b7a9577"}
{"index": {"_index":"spt","_id":"3187308"}}
	{"id":3187308,"type":"sell","buyer":"thewycher","seller":"dswap","symbol":"SPT","quantity":"300.000000","price":"0.00195211","timestamp":1649844015,"volume":"0.58563300","buyTxId":"f18c04f96dda50c21ee0f65bd81e0e84e257c9e4","sellTxId":"3bb9d450eb9bfb275f469be6ac68c1441b7a9577"}
{"index": {"_index":"spt","_id":"3187309"}}
	{"id":3187309,"type":"sell","buyer":"thewycher","seller":"dswap","symbol":"SPT","quantity":"52.651553","price":"0.00195211","timestamp":1649844015,"volume":"0.10278162","buyTxId":"53c3b13ee2595c70d34df6b59237029fdb049c6b","sellTxId":"3bb9d450eb9bfb275f469be6ac68c1441b7a9577"}
{"index": {"_index":"spt","_id":"3187455"}}
	{"id":3187455,"type":"sell","buyer":"thewycher","seller":"fedesox","symbol":"SPT","quantity":"247.348447","price":"0.00195211","timestamp":1649845713,"volume":"0.48285138","buyTxId":"53c3b13ee2595c70d34df6b59237029fdb049c6b","sellTxId":"d6c10f45210042804f52dae4939b8583a2511fef"}
{"index": {"_index":"spt","_id":"3187456"}}
	{"id":3187456,"type":"sell","buyer":"thewycher","seller":"fedesox","symbol":"SPT","quantity":"300.000000","price":"0.00195211","timestamp":1649845713,"volume":"0.58563300","buyTxId":"1d18d1fb938bdb68c135aeb40889ed180afa7747","sellTxId":"d6c10f45210042804f52dae4939b8583a2511fef"}
{"index": {"_index":"spt","_id":"3187457"}}
	{"id":3187457,"type":"sell","buyer":"thewycher","seller":"fedesox","symbol":"SPT","quantity":"300.000000","price":"0.00195211","timestamp":1649845713,"volume":"0.58563300","buyTxId":"b3f4da08dd8cb41cbaf4e6943b1c495c349edd29","sellTxId":"d6c10f45210042804f52dae4939b8583a2511fef"}
{"index": {"_index":"spt","_id":"3187458"}}
	{"id":3187458,"type":"sell","buyer":"thewycher","seller":"fedesox","symbol":"SPT","quantity":"300.000000","price":"0.00195211","timestamp":1649845713,"volume":"0.58563300","buyTxId":"68a0155f00492d4eb638bda80ebde34460c8d320","sellTxId":"d6c10f45210042804f52dae4939b8583a2511fef"}
{"index": {"_index":"spt","_id":"3187459"}}
	{"id":3187459,"type":"sell","buyer":"thewycher","seller":"fedesox","symbol":"SPT","quantity":"300.000000","price":"0.00195211","timestamp":1649845713,"volume":"0.58563300","buyTxId":"d35f45e5e0d52cdb6e1895d81f2b8cc7dcf5188c","sellTxId":"d6c10f45210042804f52dae4939b8583a2511fef"}
{"index": {"_index":"spt","_id":"3187460"}}
	{"id":3187460,"type":"sell","buyer":"thewycher","seller":"fedesox","symbol":"SPT","quantity":"300.000000","price":"0.00195211","timestamp":1649845713,"volume":"0.58563300","buyTxId":"a1b8e4a4decfd4d52d7f774b22543f99375afd51","sellTxId":"d6c10f45210042804f52dae4939b8583a2511fef"}
{"index": {"_index":"spt","_id":"3187461"}}
	{"id":3187461,"type":"sell","buyer":"thewycher","seller":"fedesox","symbol":"SPT","quantity":"300.000000","price":"0.00195211","timestamp":1649845713,"volume":"0.58563300","buyTxId":"91d4eac5f8616d10ca15ed1cc64c418e5756d31c","sellTxId":"d6c10f45210042804f52dae4939b8583a2511fef"}
{"index": {"_index":"spt","_id":"3187462"}}
	{"id":3187462,"type":"sell","buyer":"thewycher","seller":"fedesox","symbol":"SPT","quantity":"300.000000","price":"0.00195211","timestamp":1649845713,"volume":"0.58563300","buyTxId":"7bd496e5c8e79b06f8d1361b3e957d072a179b58","sellTxId":"d6c10f45210042804f52dae4939b8583a2511fef"}
{"index": {"_index":"spt","_id":"3187463"}}
	{"id":3187463,"type":"sell","buyer":"thewycher","seller":"fedesox","symbol":"SPT","quantity":"300.000000","price":"0.00195211","timestamp":1649845713,"volume":"0.58563300","buyTxId":"2b1210a81823422ef8df5690fb939bcf73f18fc6","sellTxId":"d6c10f45210042804f52dae4939b8583a2511fef"}
{"index": {"_index":"spt","_id":"3187464"}}
	{"id":3187464,"type":"sell","buyer":"thewycher","seller":"fedesox","symbol":"SPT","quantity":"300.000000","price":"0.00195211","timestamp":1649845713,"volume":"0.58563300","buyTxId":"7dc82270f5d5e9a7922700a4f93a18b7e6a1c7d2","sellTxId":"d6c10f45210042804f52dae4939b8583a2511fef"}
{"index": {"_index":"spt","_id":"3187465"}}
	{"id":3187465,"type":"sell","buyer":"thewycher","seller":"fedesox","symbol":"SPT","quantity":"300.000000","price":"0.00195211","timestamp":1649845713,"volume":"0.58563300","buyTxId":"430b6bd4b5333c71a49076394fed8dcea4dff518","sellTxId":"d6c10f45210042804f52dae4939b8583a2511fef"}
{"index": {"_index":"spt","_id":"3187466"}}
	{"id":3187466,"type":"sell","buyer":"thewycher","seller":"fedesox","symbol":"SPT","quantity":"300.000000","price":"0.00195211","timestamp":1649845713,"volume":"0.58563300","buyTxId":"0230daaf1b8104008e92aed9be031908575f8fc8","sellTxId":"d6c10f45210042804f52dae4939b8583a2511fef"}
{"index": {"_index":"spt","_id":"3187467"}}
	{"id":3187467,"type":"sell","buyer":"thewycher","seller":"fedesox","symbol":"SPT","quantity":"300.000000","price":"0.00195211","timestamp":1649845713,"volume":"0.58563300","buyTxId":"33b189f0085cde8e034f0830be67335b39d694a7","sellTxId":"d6c10f45210042804f52dae4939b8583a2511fef"}
{"index": {"_index":"spt","_id":"3187468"}}
	{"id":3187468,"type":"sell","buyer":"thewycher","seller":"fedesox","symbol":"SPT","quantity":"300.000000","price":"0.00195211","timestamp":1649845713,"volume":"0.58563300","buyTxId":"da1bdb4176720bef546f26916523c2574741b1e1","sellTxId":"d6c10f45210042804f52dae4939b8583a2511fef"}
{"index": {"_index":"spt","_id":"3187469"}}
	{"id":3187469,"type":"sell","buyer":"thewycher","seller":"fedesox","symbol":"SPT","quantity":"300.000000","price":"0.00195211","timestamp":1649845713,"volume":"0.58563300","buyTxId":"bf33ab8e355fb14337d49ca0fc4ad00bd9262662","sellTxId":"d6c10f45210042804f52dae4939b8583a2511fef"}
{"index": {"_index":"spt","_id":"3187470"}}
	{"id":3187470,"type":"sell","buyer":"thewycher","seller":"fedesox","symbol":"SPT","quantity":"300.000000","price":"0.00195211","timestamp":1649845713,"volume":"0.58563300","buyTxId":"03ea17cdafaa6ccdcb39aa8220dc2356fdcc6205","sellTxId":"d6c10f45210042804f52dae4939b8583a2511fef"}
{"index": {"_index":"spt","_id":"3187471"}}
	{"id":3187471,"type":"sell","buyer":"thewycher","seller":"fedesox","symbol":"SPT","quantity":"300.000000","price":"0.00195211","timestamp":1649845713,"volume":"0.58563300","buyTxId":"a3732ac14d751b99f71fbe8eaaa967541b1aa1ae","sellTxId":"d6c10f45210042804f52dae4939b8583a2511fef"}
{"index": {"_index":"spt","_id":"3187472"}}
	{"id":3187472,"type":"sell","buyer":"thewycher","seller":"fedesox","symbol":"SPT","quantity":"300.000000","price":"0.00195211","timestamp":1649845713,"volume":"0.58563300","buyTxId":"f5a267c70be5067a704ab255e9193a61e85b8d14","sellTxId":"d6c10f45210042804f52dae4939b8583a2511fef"}
{"index": {"_index":"spt","_id":"3187473"}}
	{"id":3187473,"type":"sell","buyer":"thewycher","seller":"fedesox","symbol":"SPT","quantity":"300.000000","price":"0.00195211","timestamp":1649845713,"volume":"0.58563300","buyTxId":"092f2e16581a6d991a14af35671899083dd22087","sellTxId":"d6c10f45210042804f52dae4939b8583a2511fef"}
{"index": {"_index":"spt","_id":"3187474"}}
	{"id":3187474,"type":"sell","buyer":"thewycher","seller":"fedesox","symbol":"SPT","quantity":"300.000000","price":"0.00195211","timestamp":1649845713,"volume":"0.58563300","buyTxId":"0fadce818ebb835a9a521b836b85478ed37313df","sellTxId":"d6c10f45210042804f52dae4939b8583a2511fef"}
{"index": {"_index":"spt","_id":"3187475"}}
	{"id":3187475,"type":"sell","buyer":"thewycher","seller":"fedesox","symbol":"SPT","quantity":"300.000000","price":"0.00195211","timestamp":1649845713,"volume":"0.58563300","buyTxId":"a019e0f3a1371996f541f1a21e43b88ab5c901cb","sellTxId":"d6c10f45210042804f52dae4939b8583a2511fef"}
{"index": {"_index":"spt","_id":"3187476"}}
	{"id":3187476,"type":"sell","buyer":"thewycher","seller":"fedesox","symbol":"SPT","quantity":"300.000000","price":"0.00195211","timestamp":1649845713,"volume":"0.58563300","buyTxId":"d6c4d19126e9223543383bbc0bbda4c163c16ab0","sellTxId":"d6c10f45210042804f52dae4939b8583a2511fef"}
{"index": {"_index":"spt","_id":"3187477"}}
	{"id":3187477,"type":"sell","buyer":"thewycher","seller":"fedesox","symbol":"SPT","quantity":"300.000000","price":"0.00195211","timestamp":1649845713,"volume":"0.58563300","buyTxId":"90d7771a05e724e2c52c5b29ddffc6bd6d30f388","sellTxId":"d6c10f45210042804f52dae4939b8583a2511fef"}
{"index": {"_index":"spt","_id":"3187478"}}
	{"id":3187478,"type":"sell","buyer":"thewycher","seller":"fedesox","symbol":"SPT","quantity":"300.000000","price":"0.00195211","timestamp":1649845713,"volume":"0.58563300","buyTxId":"f42d93560165da9b73582be34c111c94176bbcc2","sellTxId":"d6c10f45210042804f52dae4939b8583a2511fef"}
{"index": {"_index":"spt","_id":"3187479"}}
	{"id":3187479,"type":"sell","buyer":"thewycher","seller":"fedesox","symbol":"SPT","quantity":"300.000000","price":"0.00195211","timestamp":1649845713,"volume":"0.58563300","buyTxId":"afe73e97055ff6d250b01ec9719b6dd964512482","sellTxId":"d6c10f45210042804f52dae4939b8583a2511fef"}
{"index": {"_index":"spt","_id":"3187480"}}
	{"id":3187480,"type":"sell","buyer":"thewycher","seller":"fedesox","symbol":"SPT","quantity":"300.000000","price":"0.00195211","timestamp":1649845713,"volume":"0.58563300","buyTxId":"86ba6e8d1d6fe8a26e95698654944d6fbac0331a","sellTxId":"d6c10f45210042804f52dae4939b8583a2511fef"}
{"index": {"_index":"spt","_id":"3187481"}}
	{"id":3187481,"type":"sell","buyer":"thewycher","seller":"fedesox","symbol":"SPT","quantity":"300.000000","price":"0.00195211","timestamp":1649845713,"volume":"0.58563300","buyTxId":"2a9cd64f526a19a3cf9087ff905f049eef8872f6","sellTxId":"d6c10f45210042804f52dae4939b8583a2511fef"}
{"index": {"_index":"spt","_id":"3187482"}}
	{"id":3187482,"type":"sell","buyer":"thewycher","seller":"fedesox","symbol":"SPT","quantity":"300.000000","price":"0.00195211","timestamp":1649845713,"volume":"0.58563300","buyTxId":"f3f70e8104264e730cc25db54e1f431c371a34ae","sellTxId":"d6c10f45210042804f52dae4939b8583a2511fef"}
{"index": {"_index":"spt","_id":"3187483"}}
	{"id":3187483,"type":"sell","buyer":"thewycher","seller":"fedesox","symbol":"SPT","quantity":"300.000000","price":"0.00195211","timestamp":1649845713,"volume":"0.58563300","buyTxId":"0b987649aedb149cd50874fde05efbe221a04761","sellTxId":"d6c10f45210042804f52dae4939b8583a2511fef"}
{"index": {"_index":"spt","_id":"3187484"}}
	{"id":3187484,"type":"sell","buyer":"thewycher","seller":"fedesox","symbol":"SPT","quantity":"300.000000","price":"0.00195211","timestamp":1649845713,"volume":"0.58563300","buyTxId":"08f0d900e57c279bd400a61485312b567452b9c7","sellTxId":"d6c10f45210042804f52dae4939b8583a2511fef"}
{"index": {"_index":"spt","_id":"3187485"}}
	{"id":3187485,"type":"sell","buyer":"thewycher","seller":"fedesox","symbol":"SPT","quantity":"300.000000","price":"0.00195211","timestamp":1649845713,"volume":"0.58563300","buyTxId":"d66f766d3a6a00a2dade06f564e8d246ce6a61a5","sellTxId":"d6c10f45210042804f52dae4939b8583a2511fef"}
{"index": {"_index":"spt","_id":"3187486"}}
	{"id":3187486,"type":"sell","buyer":"thewycher","seller":"fedesox","symbol":"SPT","quantity":"19.126504","price":"0.00195211","timestamp":1649845713,"volume":"0.03733704","buyTxId":"46f29d0531ae1b8852df3a64da7e55a1c3bcd6f5","sellTxId":"d6c10f45210042804f52dae4939b8583a2511fef"}
{"index": {"_index":"spt","_id":"3187487"}}
	{"id":3187487,"type":"sell","buyer":"thewycher","seller":"fedesox","symbol":"SPT","quantity":"300.000000","price":"0.00195211","timestamp":1649845713,"volume":"0.58563300","buyTxId":"ebdaed3ae2d2bd23c40d23111ae88c377a9c3620","sellTxId":"d6c10f45210042804f52dae4939b8583a2511fef"}
{"index": {"_index":"spt","_id":"3187488"}}
	{"id":3187488,"type":"sell","buyer":"thewycher","seller":"fedesox","symbol":"SPT","quantity":"247.185599","price":"0.00195211","timestamp":1649845713,"volume":"0.48253348","buyTxId":"56c151a1b4d6f9e314cea817ee5d23bf65b389b2","sellTxId":"d6c10f45210042804f52dae4939b8583a2511fef"}
{"index": {"_index":"spt","_id":"3187489"}}
	{"id":3187489,"type":"sell","buyer":"multifurcate","seller":"fedesox","symbol":"SPT","quantity":"132576.434357","price":"0.00195210","timestamp":1649845713,"volume":"258.80245751","buyTxId":"5e5546f8dadb807ff631de42650be9c72f4f0195","sellTxId":"d6c10f45210042804f52dae4939b8583a2511fef"}
{"index": {"_index":"spt","_id":"3187655"}}
	{"id":3187655,"type":"sell","buyer":"multifurcate","seller":"yameen","symbol":"SPT","quantity":"20.717659","price":"0.00195210","timestamp":1649848386,"volume":"0.04044294","buyTxId":"0f764c850d3e5e36f6d2f7a22b3c2c1cd412ec6f","sellTxId":"ad10dccca0b2ee07ef0daf26b61e6dc92a8ea5dd"}
{"index": {"_index":"spt","_id":"3187657"}}
	{"id":3187657,"type":"sell","buyer":"multifurcate","seller":"yameen","symbol":"SPT","quantity":"48.206881","price":"0.00195210","timestamp":1649848449,"volume":"0.09410465","buyTxId":"0f764c850d3e5e36f6d2f7a22b3c2c1cd412ec6f","sellTxId":"82528eb91b742c08225dc66e7a9c15d2b5f5f88e"}
{"index": {"_index":"spt","_id":"3187669"}}
	{"id":3187669,"type":"sell","buyer":"multifurcate","seller":"criptosectadepit","symbol":"SPT","quantity":"29.576095","price":"0.00195210","timestamp":1649848782,"volume":"0.05773550","buyTxId":"0f764c850d3e5e36f6d2f7a22b3c2c1cd412ec6f","sellTxId":"b4bde7d4f1e3d8a0d51827c4e259a7e78b087f70"}
{"index": {"_index":"spt","_id":"3187753"}}
	{"id":3187753,"type":"sell","buyer":"multifurcate","seller":"nathu1","symbol":"SPT","quantity":"243.000000","price":"0.00195210","timestamp":1649850429,"volume":"0.47436030","buyTxId":"0f764c850d3e5e36f6d2f7a22b3c2c1cd412ec6f","sellTxId":"42d1b725fbd496840da4d87a4ca4b44d032652a5"}
{"index": {"_index":"spt","_id":"3187891"}}
	{"id":3187891,"type":"sell","buyer":"multifurcate","seller":"brofi-market","symbol":"SPT","quantity":"0.008404","price":"0.00195210","timestamp":1649851881,"volume":"0.00001641","buyTxId":"0f764c850d3e5e36f6d2f7a22b3c2c1cd412ec6f","sellTxId":"d92fc3335433239c8e0c42a62542045eb4c9ed59"}
{"index": {"_index":"spt","_id":"3187956"}}
	{"id":3187956,"type":"buy","buyer":"captainquack22","seller":"laundrywoman","symbol":"SPT","quantity":"873.404399","price":"0.00228989","timestamp":1649853009,"volume":"2","buyTxId":"90f0cf6212a65627aefcd67648dce51d607c0094","sellTxId":"326cf17ad5d9d7c65ca3db064a0f09a6131d3f94"}
{"index": {"_index":"spt","_id":"3187957"}}
	{"id":3187957,"type":"buy","buyer":"captainquack22","seller":"laundrywoman","symbol":"SPT","quantity":"873.404399","price":"0.00228989","timestamp":1649853024,"volume":"2","buyTxId":"43f2fec07fa6442d155d9737d4ce51b31795bba1","sellTxId":"326cf17ad5d9d7c65ca3db064a0f09a6131d3f94"}
{"index": {"_index":"spt","_id":"3188006"}}
	{"id":3188006,"type":"sell","buyer":"multifurcate","seller":"laughingdesert","symbol":"SPT","quantity":"3945.933191","price":"0.00195210","timestamp":1649853609,"volume":"7.70285618","buyTxId":"0f764c850d3e5e36f6d2f7a22b3c2c1cd412ec6f","sellTxId":"b0a9cc45aab98d42ca94ab01803e20bb13ed6173"}
{"index": {"_index":"spt","_id":"3188858"}}
	{"id":3188858,"type":"sell","buyer":"multifurcate","seller":"bearbear613","symbol":"SPT","quantity":"17.287000","price":"0.00195210","timestamp":1649863872,"volume":"0.03374595","buyTxId":"7658961c5ed38600ca64a419ac5e91bcc7405c8a","sellTxId":"1c0093f434c1f5cfdf14dae29fbe4d9d96e0fd19"}
{"index": {"_index":"spt","_id":"3189093"}}
	{"id":3189093,"type":"sell","buyer":"multifurcate","seller":"brofi-market","symbol":"SPT","quantity":"0.242821","price":"0.00195210","timestamp":1649866299,"volume":"0.00047401","buyTxId":"7658961c5ed38600ca64a419ac5e91bcc7405c8a","sellTxId":"debb1af63324a52ee8d5133c828722141817a263"}
{"index": {"_index":"spt","_id":"3189204"}}
	{"id":3189204,"type":"sell","buyer":"multifurcate","seller":"dswap","symbol":"SPT","quantity":"0.629183","price":"0.00195210","timestamp":1649867847,"volume":"0.00122823","buyTxId":"e4e3430bedcf91aab4eaffc3fcd55805fb59b570","sellTxId":"ecb3726477ff39c507c8289d17160ddef8e07490"}
{"index": {"_index":"spt","_id":"3189794"}}
	{"id":3189794,"type":"sell","buyer":"multifurcate","seller":"dswap","symbol":"SPT","quantity":"0.132181","price":"0.00195210","timestamp":1649872227,"volume":"0.00025803","buyTxId":"abe8f987c232aa1911dbcc32b5a59baaf49f79ef","sellTxId":"926e3ce13ae314ec9f7d037c9a4dac488c05a46a"}
{"index": {"_index":"spt","_id":"3189830"}}
	{"id":3189830,"type":"sell","buyer":"multifurcate","seller":"proton80","symbol":"SPT","quantity":"0.507770","price":"0.00195210","timestamp":1649872641,"volume":"0.00099122","buyTxId":"abe8f987c232aa1911dbcc32b5a59baaf49f79ef","sellTxId":"20675512abec13d4532f0e58e9f1d0f5438f9670"}
{"index": {"_index":"spt","_id":"3189835"}}
	{"id":3189835,"type":"buy","buyer":"jongolson","seller":"brofi-market","symbol":"SPT","quantity":"0.008404","price":"0.00228989","timestamp":1649872755,"volume":"0.00001924","buyTxId":"baeb24997d764fb5c66dc69a5c9f3e801b41e659","sellTxId":"bc6674c95d7d216ed618f788fc3c52c1961622bd"}
{"index": {"_index":"spt","_id":"3189836"}}
	{"id":3189836,"type":"buy","buyer":"jongolson","seller":"brofi-market","symbol":"SPT","quantity":"0.242821","price":"0.00228989","timestamp":1649872755,"volume":"0.00055603","buyTxId":"baeb24997d764fb5c66dc69a5c9f3e801b41e659","sellTxId":"6672414897b873c4f76d79d5855554bf21f34002"}
{"index": {"_index":"spt","_id":"3189837"}}
	{"id":3189837,"type":"buy","buyer":"jongolson","seller":"laundrywoman","symbol":"SPT","quantity":"999.748775","price":"0.00228989","timestamp":1649872755,"volume":"2.28931472","buyTxId":"baeb24997d764fb5c66dc69a5c9f3e801b41e659","sellTxId":"27f4fee95d55f40c9f61fca9c95aa11e761381ba"}
{"index": {"_index":"spt","_id":"3189912"}}
	{"id":3189912,"type":"sell","buyer":"multifurcate","seller":"skgcrypto","symbol":"SPT","quantity":"3.835746","price":"0.00195210","timestamp":1649873448,"volume":"0.00748776","buyTxId":"abe8f987c232aa1911dbcc32b5a59baaf49f79ef","sellTxId":"56246a8e9e92619b25c0a48dba9ba9ddd1b15bcb"}
{"index": {"_index":"spt","_id":"3189976"}}
	{"id":3189976,"type":"sell","buyer":"multifurcate","seller":"catomoon","symbol":"SPT","quantity":"3.396712","price":"0.00195210","timestamp":1649873958,"volume":"0.00663072","buyTxId":"abe8f987c232aa1911dbcc32b5a59baaf49f79ef","sellTxId":"16bc2dd4e2fc7eb8c4bdced9409c8242b48b77ef"}
{"index": {"_index":"spt","_id":"3190099"}}
	{"id":3190099,"type":"sell","buyer":"multifurcate","seller":"frawdielp2","symbol":"SPT","quantity":"8.813823","price":"0.00195210","timestamp":1649875179,"volume":"0.01720546","buyTxId":"abe8f987c232aa1911dbcc32b5a59baaf49f79ef","sellTxId":"d7834987d9ca57b5a270d62b0e5ec33bb6222fab"}
{"index": {"_index":"spt","_id":"3190205"}}
	{"id":3190205,"type":"sell","buyer":"multifurcate","seller":"dhedge-drips","symbol":"SPT","quantity":"0.023549","price":"0.00195210","timestamp":1649875575,"volume":"0.00004597","buyTxId":"abe8f987c232aa1911dbcc32b5a59baaf49f79ef","sellTxId":"d8032e4d76294776beac5656b3c88a35553e7395"}
{"index": {"_index":"spt","_id":"3190809"}}
	{"id":3190809,"type":"sell","buyer":"multifurcate","seller":"brofi-market","symbol":"SPT","quantity":"0.197740","price":"0.00195400","timestamp":1649881206,"volume":"0.00038638","buyTxId":"a0d3887b43a6dc5d276ab14b0b64e6a333a133f1","sellTxId":"6ecf864676027a4bac789db8931b808f1f310001"}
{"index": {"_index":"spt","_id":"3190987"}}
	{"id":3190987,"type":"buy","buyer":"oople","seller":"dhedge-drips","symbol":"SPT","quantity":"0.023549","price":"0.00228989","timestamp":1649883483,"volume":"0.00005392","buyTxId":"493341d2f3dbcc220135d34ecf77a5fcb5953a1d","sellTxId":"0d83a8744a6ef9e2389adf903d9ea5b50bc12911"}
{"index": {"_index":"spt","_id":"3190988"}}
	{"id":3190988,"type":"buy","buyer":"oople","seller":"brofi-market","symbol":"SPT","quantity":"0.197740","price":"0.00228989","timestamp":1649883483,"volume":"0.00045280","buyTxId":"493341d2f3dbcc220135d34ecf77a5fcb5953a1d","sellTxId":"ecf38587f8172c0483cbe08e3d4d83c36551f1b5"}
{"index": {"_index":"spt","_id":"3190989"}}
	{"id":3190989,"type":"buy","buyer":"oople","seller":"laundrywoman","symbol":"SPT","quantity":"0.778711","price":"0.00228989","timestamp":1649883483,"volume":"0.00178316","buyTxId":"493341d2f3dbcc220135d34ecf77a5fcb5953a1d","sellTxId":"76180dae41e94e4a645d20f73a0c9f41a1223774"}
{"index": {"_index":"spt","_id":"3191231"}}
	{"id":3191231,"type":"sell","buyer":"multifurcate","seller":"photosnap","symbol":"SPT","quantity":"97.431872","price":"0.00195400","timestamp":1649887149,"volume":"0.19038188","buyTxId":"d9cefeb93d1930cf266d2a9a080c2b4549eef8d2","sellTxId":"247f52a2b8db3b7a71a5e7e8fd572d3cf4f47816"}
{"index": {"_index":"spt","_id":"3191266"}}
	{"id":3191266,"type":"sell","buyer":"multifurcate","seller":"he-index","symbol":"SPT","quantity":"0.027000","price":"0.00195400","timestamp":1649887506,"volume":"0.00005276","buyTxId":"d9cefeb93d1930cf266d2a9a080c2b4549eef8d2","sellTxId":"cbb2ea265ce60b4aaf411af39ae3c7535a48bbf8"}
{"index": {"_index":"spt","_id":"3191609"}}
	{"id":3191609,"type":"sell","buyer":"multifurcate","seller":"poorchard01","symbol":"SPT","quantity":"6.031973","price":"0.00195401","timestamp":1649892669,"volume":"0.01178654","buyTxId":"5de91e1f1296b1e5766de28e79a6f7a56d1ddab4","sellTxId":"352f11a33702337f53b849ee842724d8c1155c8e"}
{"index": {"_index":"spt","_id":"3191810"}}
	{"id":3191810,"type":"sell","buyer":"multifurcate","seller":"brofi-market","symbol":"SPT","quantity":"0.024441","price":"0.00195401","timestamp":1649895111,"volume":"0.00004776","buyTxId":"5de91e1f1296b1e5766de28e79a6f7a56d1ddab4","sellTxId":"ef270c9b33950ba60d5768e907302c455220f696"}
{"index": {"_index":"spt","_id":"3191948"}}
	{"id":3191948,"type":"sell","buyer":"thewycher","seller":"dhedge-drips","symbol":"SPT","quantity":"0.020829","price":"0.00195502","timestamp":1649897229,"volume":"0.00004072","buyTxId":"c6bffce92d63a4ee28556285a0b742468fb604a3","sellTxId":"5f7e858f8602940cd4abbb59aaa638327ab6ce52"}
{"index": {"_index":"spt","_id":"3192027"}}
	{"id":3192027,"type":"sell","buyer":"thewycher","seller":"dswap","symbol":"SPT","quantity":"899.979171","price":"0.00195502","timestamp":1649897793,"volume":"1.75947728","buyTxId":"c6bffce92d63a4ee28556285a0b742468fb604a3","sellTxId":"1f8dddb100f63c195870cbb84a95710a9136c636"}
{"index": {"_index":"spt","_id":"3192028"}}
	{"id":3192028,"type":"sell","buyer":"thewycher","seller":"dswap","symbol":"SPT","quantity":"638.020829","price":"0.00195502","timestamp":1649897793,"volume":"1.24734348","buyTxId":"af50c7d9bbffdd4e736a77c14bb99842e4cb2afb","sellTxId":"1f8dddb100f63c195870cbb84a95710a9136c636"}
{"index": {"_index":"spt","_id":"3192108"}}
	{"id":3192108,"type":"sell","buyer":"thewycher","seller":"kyo-gaming","symbol":"SPT","quantity":"261.979171","price":"0.00195502","timestamp":1649898798,"volume":"0.51217452","buyTxId":"af50c7d9bbffdd4e736a77c14bb99842e4cb2afb","sellTxId":"023fd486171f6a4de1c9fa967acd72fd422d3078"}
{"index": {"_index":"spt","_id":"3192109"}}
	{"id":3192109,"type":"sell","buyer":"thewycher","seller":"kyo-gaming","symbol":"SPT","quantity":"900.000000","price":"0.00195502","timestamp":1649898798,"volume":"1.75951800","buyTxId":"e51ddff2d777af9c428bd938e268193593102d6e","sellTxId":"023fd486171f6a4de1c9fa967acd72fd422d3078"}
{"index": {"_index":"spt","_id":"3192110"}}
	{"id":3192110,"type":"sell","buyer":"thewycher","seller":"kyo-gaming","symbol":"SPT","quantity":"95.679011","price":"0.00195502","timestamp":1649898798,"volume":"0.18705438","buyTxId":"1be3351e3215700d5793f427b97fc7e2385fd4f3","sellTxId":"023fd486171f6a4de1c9fa967acd72fd422d3078"}
{"index": {"_index":"spt","_id":"3192327"}}
	{"id":3192327,"type":"sell","buyer":"kitsuki","seller":"bitcoinflood","symbol":"SPT","quantity":"88.650539","price":"0.00195504","timestamp":1649902146,"volume":"0.17331535","buyTxId":"62c9650c584058bf652dcf96294ed0306b7a5267","sellTxId":"7c504c19c06f2cab9f36bfa508abb6fc8b11e82f"}
