{"index": {"_index":"spt","_id":"1823933"}}
	{"id":1823933,"type":"buy","buyer":"mysteriousdebris","seller":"anadolu","symbol":"SPT","quantity":"1300.000000","price":"0.01069999","timestamp":1635476688,"volume":"13.90998700","buyTxId":"7466c04c80b6d97b813f3bf16eea71c8b4a888dd","sellTxId":"MM-B-11711005-58696638-3-0-0"}
{"index": {"_index":"spt","_id":"1823983"}}
	{"id":1823983,"type":"buy","buyer":"walkingkeys","seller":"anadolu","symbol":"SPT","quantity":"662.730000","price":"0.01069999","timestamp":1635477135,"volume":"7.09120437","buyTxId":"8ce0d0fa8c0d9125e93c4c80e45c22545fb3feb7","sellTxId":"MM-B-11711005-58696638-3-0-0"}
{"index": {"_index":"spt","_id":"1824058"}}
	{"id":1824058,"type":"buy","buyer":"he-index","seller":"anadolu","symbol":"SPT","quantity":"123.365000","price":"0.01069999","timestamp":1635477981,"volume":"1.32000427","buyTxId":"a22f1f0c6ef7e7250671e23d63e0a88d2c4cf66d","sellTxId":"MM-B-11711005-58696638-3-0-0"}
{"index": {"_index":"spt","_id":"1824153"}}
	{"id":1824153,"type":"sell","buyer":"he-index","seller":"dlmmqb","symbol":"SPT","quantity":"76.722000","price":"0.01040116","timestamp":1635479115,"volume":"0.79799780","buyTxId":"01274abee14332320bc3aa07ce6ee708b577922f","sellTxId":"3d21aa02c2f632742d39a3a8403d02661a64af2f"}
{"index": {"_index":"spt","_id":"1824154"}}
	{"id":1824154,"type":"sell","buyer":"druidsblood","seller":"dlmmqb","symbol":"SPT","quantity":"738.961469","price":"0.01040113","timestamp":1635479115,"volume":"7.68603430","buyTxId":"ea6b57de62ab57bcae1839ca0d64e154dfa43df1","sellTxId":"3d21aa02c2f632742d39a3a8403d02661a64af2f"}
{"index": {"_index":"spt","_id":"1824188"}}
	{"id":1824188,"type":"sell","buyer":"pi-trader","seller":"dudeontheweb","symbol":"SPT","quantity":"97.000000","price":"0.01040114","timestamp":1635479571,"volume":"1.00891058","buyTxId":"b120132484a575837e5f87062ee8cee9d472bcca-3","sellTxId":"9f0fcc244211da225ad0c8c9f64d7a7215bfef75"}
{"index": {"_index":"spt","_id":"1824193"}}
	{"id":1824193,"type":"sell","buyer":"druidsblood","seller":"dkid14","symbol":"SPT","quantity":"528.072904","price":"0.01040113","timestamp":1635479628,"volume":"5.49255492","buyTxId":"ea6b57de62ab57bcae1839ca0d64e154dfa43df1","sellTxId":"2b24fb4246df6a73e39cfa1f4629993f90c01ef7"}
{"index": {"_index":"spt","_id":"1824210"}}
	{"id":1824210,"type":"sell","buyer":"anadolu","seller":"riponr","symbol":"SPT","quantity":"186.407876","price":"0.01050113","timestamp":1635479751,"volume":"1.95749334","buyTxId":"MM-B-11713195-58698832-3-0-0","sellTxId":"cd00413532373923ac992f5e465cc0fa788904f0"}
{"index": {"_index":"spt","_id":"1824320"}}
	{"id":1824320,"type":"sell","buyer":"anadolu","seller":"georgeknowsall","symbol":"SPT","quantity":"28.591186","price":"0.01050113","timestamp":1635480651,"volume":"0.30023976","buyTxId":"MM-B-11713195-58698832-3-0-0","sellTxId":"49228b2bf15044bf83f5255830089e43ce02f6fc"}
{"index": {"_index":"spt","_id":"1824456"}}
	{"id":1824456,"type":"sell","buyer":"anadolu","seller":"hive.pizza","symbol":"SPT","quantity":"4.977384","price":"0.01050113","timestamp":1635482622,"volume":"0.05226816","buyTxId":"MM-B-11713195-58698832-3-0-0","sellTxId":"94a84a0a2dd6d3a91d063a76cbc484593c41524d"}
{"index": {"_index":"spt","_id":"1824522"}}
	{"id":1824522,"type":"sell","buyer":"anadolu","seller":"adrian1968","symbol":"SPT","quantity":"0.009465","price":"0.01050113","timestamp":1635483948,"volume":"0.00009939","buyTxId":"MM-B-11713195-58698832-3-0-0","sellTxId":"e8db96cae6021a47bccc81d28e21d00f3b5f0ef6"}
{"index": {"_index":"spt","_id":"1824544"}}
	{"id":1824544,"type":"sell","buyer":"anadolu","seller":"mercurial9","symbol":"SPT","quantity":"343.877896","price":"0.01050113","timestamp":1635484353,"volume":"3.61110649","buyTxId":"MM-B-11713195-58698832-3-0-0","sellTxId":"c99e0ab0ec0e3a9ac9eb83a7018f656698732db3"}
{"index": {"_index":"spt","_id":"1824568"}}
	{"id":1824568,"type":"sell","buyer":"anadolu","seller":"karuna21","symbol":"SPT","quantity":"1777","price":"0.01050113","timestamp":1635484752,"volume":"18.66050801","buyTxId":"MM-B-11713195-58698832-3-0-0","sellTxId":"fe1f69d1c070132174be8a4b9e5a0970c560a776"}
{"index": {"_index":"spt","_id":"1824643"}}
	{"id":1824643,"type":"buy","buyer":"neddykelly","seller":"laundrywoman","symbol":"SPT","quantity":"517.000000","price":"0.01077999","timestamp":1635485607,"volume":"5.57325483","buyTxId":"a0c9cbd116ee76ebafbdb144b85c19bb3a52c0fd","sellTxId":"cf6488fba0541c1c63d94b8569b6729d2bcdfead"}
{"index": {"_index":"spt","_id":"1824713"}}
	{"id":1824713,"type":"sell","buyer":"anadolu","seller":"mawit07","symbol":"SPT","quantity":"714.664414","price":"0.01050113","timestamp":1635486786,"volume":"7.50478392","buyTxId":"MM-B-11713195-58698832-3-0-0","sellTxId":"8ddc00dbafb3c877a70b6006077b9a5b63ea3927"}
{"index": {"_index":"spt","_id":"1824801"}}
	{"id":1824801,"type":"buy","buyer":"scholaris.pob","seller":"mayhem777","symbol":"SPT","quantity":"1368.173892","price":"0.01060000","timestamp":1635487809,"volume":"14.50264326","buyTxId":"934333cc01861b598a0b93b4992f0c0316979f42","sellTxId":"fdb730043716fbe5d7e6bb87d0461e1404085279"}
{"index": {"_index":"spt","_id":"1824802"}}
	{"id":1824802,"type":"buy","buyer":"scholaris.pob","seller":"laundrywoman","symbol":"SPT","quantity":"222.200683","price":"0.01077999","timestamp":1635487809,"volume":"2.39532115","buyTxId":"934333cc01861b598a0b93b4992f0c0316979f42","sellTxId":"7d389dcb87bd1891beae4eb3ca67b8ce6067a31a"}
{"index": {"_index":"spt","_id":"1824944"}}
	{"id":1824944,"type":"sell","buyer":"anadolu","seller":"stever82","symbol":"SPT","quantity":"1705.864124","price":"0.01050113","timestamp":1635488688,"volume":"17.91350093","buyTxId":"MM-B-11713195-58698832-3-0-0","sellTxId":"383ffc453676377e76794822818a88b63e1743d8"}
{"index": {"_index":"spt","_id":"1824945"}}
	{"id":1824945,"type":"sell","buyer":"harlowjourney","seller":"stever82","symbol":"SPT","quantity":"1200.000000","price":"0.01045000","timestamp":1635488688,"volume":"12.54000000","buyTxId":"35cbcd4f4b5a578c10eddbcb153360e917f3aa02","sellTxId":"383ffc453676377e76794822818a88b63e1743d8"}
{"index": {"_index":"spt","_id":"1824946"}}
	{"id":1824946,"type":"sell","buyer":"solovey6o2","seller":"stever82","symbol":"SPT","quantity":"3289.427182","price":"0.01040115","timestamp":1635488688,"volume":"34.21382553","buyTxId":"b01a427f7392b9fa75d1f8e54d7b1081c93042a9","sellTxId":"383ffc453676377e76794822818a88b63e1743d8"}
{"index": {"_index":"spt","_id":"1825005"}}
	{"id":1825005,"type":"sell","buyer":"solovey6o2","seller":"saachi","symbol":"SPT","quantity":"240.000000","price":"0.01040115","timestamp":1635489105,"volume":"2.49627600","buyTxId":"b01a427f7392b9fa75d1f8e54d7b1081c93042a9","sellTxId":"b97234c55ae669945b81bca601c4f3715aad8989"}
{"index": {"_index":"spt","_id":"1825094"}}
	{"id":1825094,"type":"sell","buyer":"anadolu","seller":"rehan12","symbol":"SPT","quantity":"140.000000","price":"0.01050115","timestamp":1635489660,"volume":"1.47016100","buyTxId":"MM-B-11716386-58702025-3-0-0","sellTxId":"cecb9c0468f26ddd1e44f93260e1a8c0d31ba3aa"}
{"index": {"_index":"spt","_id":"1825176"}}
	{"id":1825176,"type":"buy","buyer":"evernoticethat","seller":"laundrywoman","symbol":"SPT","quantity":"1277.000000","price":"0.01067986","timestamp":1635490362,"volume":"13.63818122","buyTxId":"ff1ce625659a2a3c4be342e0026921b37bb9dd7e","sellTxId":"037d649060af86abb45888c75d2d40785635978f"}
{"index": {"_index":"spt","_id":"1825223"}}
	{"id":1825223,"type":"sell","buyer":"druidsblood","seller":"anadolu","symbol":"SPT","quantity":"13000","price":"0.01040113","timestamp":1635490926,"volume":"135.21469000","buyTxId":"ea6b57de62ab57bcae1839ca0d64e154dfa43df1","sellTxId":"4e388e230737d7f0b2c38b5da39d5a6b6b96db28"}
{"index": {"_index":"spt","_id":"1825232"}}
	{"id":1825232,"type":"sell","buyer":"harlowjourney","seller":"anadolu","symbol":"SPT","quantity":"132.327855","price":"0.01045000","timestamp":1635491091,"volume":"1.38282608","buyTxId":"bb9e239b0f7f5077c3627805d600514016c99e77","sellTxId":"c97a2b8903c048238c3094867662bb4c472fe23a"}
{"index": {"_index":"spt","_id":"1825233"}}
	{"id":1825233,"type":"sell","buyer":"druidsblood","seller":"anadolu","symbol":"SPT","quantity":"10732.965627","price":"0.01040113","timestamp":1635491091,"volume":"111.63497077","buyTxId":"ea6b57de62ab57bcae1839ca0d64e154dfa43df1","sellTxId":"c97a2b8903c048238c3094867662bb4c472fe23a"}
{"index": {"_index":"spt","_id":"1825234"}}
	{"id":1825234,"type":"sell","buyer":"he-index","seller":"anadolu","symbol":"SPT","quantity":"629.933000","price":"0.01040111","timestamp":1635491091,"volume":"6.55200243","buyTxId":"a281ed35fab4209014337df27b84edc44463d330","sellTxId":"c97a2b8903c048238c3094867662bb4c472fe23a"}
{"index": {"_index":"spt","_id":"1825235"}}
	{"id":1825235,"type":"sell","buyer":"druidsblood","seller":"anadolu","symbol":"SPT","quantity":"7900.000000","price":"0.01040110","timestamp":1635491091,"volume":"82.16869000","buyTxId":"64a359b07447364fbd59121c9d5b61072b503a7f","sellTxId":"c97a2b8903c048238c3094867662bb4c472fe23a"}
{"index": {"_index":"spt","_id":"1825236"}}
	{"id":1825236,"type":"sell","buyer":"methus","seller":"anadolu","symbol":"SPT","quantity":"604.773518","price":"0.01040000","timestamp":1635491091,"volume":"6.28964459","buyTxId":"be975963239d8fc73d9903479ea0e414d4041206","sellTxId":"c97a2b8903c048238c3094867662bb4c472fe23a"}
{"index": {"_index":"spt","_id":"1825241"}}
	{"id":1825241,"type":"sell","buyer":"methus","seller":"anadolu","symbol":"SPT","quantity":"3999.672830","price":"0.01040000","timestamp":1635491145,"volume":"41.59659743","buyTxId":"be975963239d8fc73d9903479ea0e414d4041206","sellTxId":"ae869cb15497f02e3059ac7bab14a9ab5efc02ad"}
{"index": {"_index":"spt","_id":"1825242"}}
	{"id":1825242,"type":"sell","buyer":"granddaddies","seller":"anadolu","symbol":"SPT","quantity":"8000.327170","price":"0.01010009","timestamp":1635491145,"volume":"80.80402445","buyTxId":"53dc677ae768c55288219577a73cf0d770568f86","sellTxId":"ae869cb15497f02e3059ac7bab14a9ab5efc02ad"}
{"index": {"_index":"spt","_id":"1825320"}}
	{"id":1825320,"type":"buy","buyer":"neddykelly","seller":"solovey6o2","symbol":"SPT","quantity":"180.000000","price":"0.01067988","timestamp":1635491847,"volume":"1.92237840","buyTxId":"ee5e509b9130a2adb0172ea926c457014699409e","sellTxId":"b7b202d80a9ddc2e1976569d4b5859a61798afb4"}
{"index": {"_index":"spt","_id":"1825582"}}
	{"id":1825582,"type":"buy","buyer":"he-index","seller":"tokutaro22","symbol":"SPT","quantity":"17.416000","price":"0.01048000","timestamp":1635494541,"volume":"0.18251968","buyTxId":"cec18ee1c3102209e0ce29db7e21b78f250f3e80","sellTxId":"a604e67f100876511b97175fe8aad87c925e8432"}
{"index": {"_index":"spt","_id":"1825629"}}
	{"id":1825629,"type":"sell","buyer":"pi-trader","seller":"brofi-market","symbol":"SPT","quantity":"0.759477","price":"0.01030037","timestamp":1635495066,"volume":"0.00782289","buyTxId":"2a82e79a6b7a1a19b042180b3a2f440e74638f88-1","sellTxId":"81f6be7fa9bca72a91f71e48e582c41d3543e21f"}
{"index": {"_index":"spt","_id":"1825781"}}
	{"id":1825781,"type":"sell","buyer":"pi-trader","seller":"najlive","symbol":"SPT","quantity":"1.369669","price":"0.01010015","timestamp":1635496884,"volume":"0.01383386","buyTxId":"34ec760707e7206fea3d14684bdc850313e30f33-3","sellTxId":"dee7c937b6a94d755dbacd029de8d64453e45b8b"}
{"index": {"_index":"spt","_id":"1825898"}}
	{"id":1825898,"type":"sell","buyer":"pi-trader","seller":"bipl","symbol":"SPT","quantity":"82","price":"0.01010024","timestamp":1635498684,"volume":"0.82821968","buyTxId":"c0eb1533e4ca918b8ed84c91d1fb5ac3527d860b-5","sellTxId":"3cab9064f71a73b5b3f94b2eeb9ee221ced8bb9a"}
{"index": {"_index":"spt","_id":"1826095"}}
	{"id":1826095,"type":"sell","buyer":"pi-trader","seller":"karinxxl","symbol":"SPT","quantity":"191.743200","price":"0.01010033","timestamp":1635500904,"volume":"1.93666960","buyTxId":"403b0b738bd4be8355d22b8356a5b90355cf09d9-8","sellTxId":"ab4224e711a53b94f498ae905b7dac1b2014325f"}
{"index": {"_index":"spt","_id":"1826120"}}
	{"id":1826120,"type":"buy","buyer":"evernoticethat","seller":"anadolu","symbol":"SPT","quantity":"807.000000","price":"0.01038000","timestamp":1635501372,"volume":"8.37666000","buyTxId":"2ee861feb365bd3dd9731c76f2410559c23a6d6d","sellTxId":"MM-B-11718581-58704220-3-0-0"}
{"index": {"_index":"spt","_id":"1826153"}}
	{"id":1826153,"type":"sell","buyer":"solovey6o2","seller":"najlive","symbol":"SPT","quantity":"1.404866","price":"0.01010017","timestamp":1635501939,"volume":"0.01418939","buyTxId":"2091d6c8316a28851af0ca038663f8b7d6141a5f","sellTxId":"2b96ff0fa6afcb6cec2b6aabaf98cf033b3e1bbf"}
{"index": {"_index":"spt","_id":"1826163"}}
	{"id":1826163,"type":"buy","buyer":"dswap","seller":"anadolu","symbol":"SPT","quantity":"4493.000000","price":"0.01038000","timestamp":1635502104,"volume":"46.63734000","buyTxId":"3e753ddca74be93d599b0941c8791f15df3700c9","sellTxId":"MM-B-11718581-58704220-3-0-0"}
{"index": {"_index":"spt","_id":"1826164"}}
	{"id":1826164,"type":"buy","buyer":"dswap","seller":"tokutaro22","symbol":"SPT","quantity":"798.972305","price":"0.01048000","timestamp":1635502104,"volume":"8.37322976","buyTxId":"3e753ddca74be93d599b0941c8791f15df3700c9","sellTxId":"a604e67f100876511b97175fe8aad87c925e8432"}
{"index": {"_index":"spt","_id":"1826165"}}
	{"id":1826165,"type":"buy","buyer":"dswap","seller":"brofi-market","symbol":"SPT","quantity":"0.759477","price":"0.01048000","timestamp":1635502104,"volume":"0.00795932","buyTxId":"3e753ddca74be93d599b0941c8791f15df3700c9","sellTxId":"5510773eebfd1f9395a2ab2b1aea91f179aaa4dc"}
{"index": {"_index":"spt","_id":"1826166"}}
	{"id":1826166,"type":"buy","buyer":"dswap","seller":"laundrywoman","symbol":"SPT","quantity":"162.811303","price":"0.01074988","timestamp":1635502104,"volume":"1.75020197","buyTxId":"3e753ddca74be93d599b0941c8791f15df3700c9","sellTxId":"096f04ef83f40e3d084aca6900ad06ce9460e24b"}
{"index": {"_index":"spt","_id":"1826183"}}
	{"id":1826183,"type":"buy","buyer":"dswap","seller":"laundrywoman","symbol":"SPT","quantity":"652.471067","price":"0.01074985","timestamp":1635502236,"volume":"7.01396611","buyTxId":"fa02227a763d7c34758d7504d24f7487b788a624","sellTxId":"5ad11a157b457e049bdd01318427f7de39127261"}
{"index": {"_index":"spt","_id":"1826201"}}
	{"id":1826201,"type":"buy","buyer":"dswap","seller":"laundrywoman","symbol":"SPT","quantity":"976.349845","price":"0.01074982","timestamp":1635502377,"volume":"10.49558510","buyTxId":"3ecff5588df98fbf6cd8ce18b6ab5c94e9e98da7","sellTxId":"c05d61899aae98593de91eca216355209b4d1062"}
{"index": {"_index":"spt","_id":"1826292"}}
	{"id":1826292,"type":"sell","buyer":"pi-trader","seller":"mightyrocklee","symbol":"SPT","quantity":"1429.174019","price":"0.01020032","timestamp":1635503070,"volume":"14.57803233","buyTxId":"ec6d7823f5509069ee628a6e5b2b72ce46c73a1d-4","sellTxId":"17f6bfa1d012a5cc666f5453a908095d87141a34"}
{"index": {"_index":"spt","_id":"1826296"}}
	{"id":1826296,"type":"sell","buyer":"pi-trader","seller":"muzehan","symbol":"SPT","quantity":"1000.000000","price":"0.01030033","timestamp":1635503127,"volume":"10.30033000","buyTxId":"bc9e19ae6e77743bd05e77f8a279919b4221c8cc-2","sellTxId":"23390b7b153cdef960b131ae562c04d61ded3e57"}
{"index": {"_index":"spt","_id":"1826362"}}
	{"id":1826362,"type":"sell","buyer":"anadolu","seller":"chekohler","symbol":"SPT","quantity":"0.291879","price":"0.01040033","timestamp":1635503853,"volume":"0.00303564","buyTxId":"MM-B-11721177-58706817-3-0-0","sellTxId":"99adb732687d9d88270b951421fdbfa17c4fa3a4"}
{"index": {"_index":"spt","_id":"1826542"}}
	{"id":1826542,"type":"buy","buyer":"liuke96player","seller":"anadolu","symbol":"SPT","quantity":"5300.000000","price":"0.01054984","timestamp":1635505185,"volume":"55.91415200","buyTxId":"664e60c11e7ff53312824e3b11b503bb283ba03b","sellTxId":"MM-B-11721577-58707217-3-0-1"}
{"index": {"_index":"spt","_id":"1826543"}}
	{"id":1826543,"type":"buy","buyer":"liuke96player","seller":"laundrywoman","symbol":"SPT","quantity":"144700.000000","price":"0.01074997","timestamp":1635505185,"volume":"1555.52065900","buyTxId":"664e60c11e7ff53312824e3b11b503bb283ba03b","sellTxId":"016d1e6bd17a2cc2b5d81e967000928810dd0747"}
{"index": {"_index":"spt","_id":"1826604"}}
	{"id":1826604,"type":"buy","buyer":"liuke96player","seller":"anadolu","symbol":"SPT","quantity":"2088.954832","price":"0.01064998","timestamp":1635505743,"volume":"22.24732718","buyTxId":"f7c6f16a6bba3e554ea8840ec870e7fa546dc9a0","sellTxId":"MM-B-11721775-58707417-3-0-1"}
{"index": {"_index":"spt","_id":"1826605"}}
	{"id":1826605,"type":"buy","buyer":"liuke96player","seller":"shishiz","symbol":"SPT","quantity":"2311.045168","price":"0.01074998","timestamp":1635505743,"volume":"24.84368934","buyTxId":"f7c6f16a6bba3e554ea8840ec870e7fa546dc9a0","sellTxId":"ab53bfca3c174b70d97684d928a96aa01f3b74c7"}
{"index": {"_index":"spt","_id":"1826701"}}
	{"id":1826701,"type":"sell","buyer":"pi-trader","seller":"themarkymark","symbol":"SPT","quantity":"46.395000","price":"0.01050064","timestamp":1635507066,"volume":"0.48717719","buyTxId":"b8b0d2630afa6b1a669c10a695e08d892d1f159d-2","sellTxId":"a9121e4c488079c1a3a668da71607c046b407fd3"}
{"index": {"_index":"spt","_id":"1826777"}}
	{"id":1826777,"type":"sell","buyer":"pi-trader","seller":"anderssinho","symbol":"SPT","quantity":"0.072000","price":"0.01010031","timestamp":1635508077,"volume":"0.00072722","buyTxId":"1245852ca22f0ee12ac45df952937b2d79fe4472-4","sellTxId":"fb3b17f30da893d61d487b780c22753c53f44991"}
{"index": {"_index":"spt","_id":"1826885"}}
	{"id":1826885,"type":"sell","buyer":"solovey6o2","seller":"brofi-market","symbol":"SPT","quantity":"0.771027","price":"0.01030052","timestamp":1635509613,"volume":"0.00794198","buyTxId":"764ba3aa8e7b8879fd0e556479f9cfd910f46849","sellTxId":"00a8cc149ca418a3ef316e0ddf7016d5d42f67f6"}
{"index": {"_index":"spt","_id":"1827063"}}
	{"id":1827063,"type":"sell","buyer":"pi-trader","seller":"thiagoecher","symbol":"SPT","quantity":"1961.043653","price":"0.01020028","timestamp":1635511587,"volume":"20.00319435","buyTxId":"da5d30a5caacf34094a18f79b492942be7d9dd46-1","sellTxId":"44e32b6ff789677e9bdc696c87298696e125608a"}
{"index": {"_index":"spt","_id":"1827065"}}
	{"id":1827065,"type":"sell","buyer":"pi-trader","seller":"dhedge-drips","symbol":"SPT","quantity":"0.143483","price":"0.01020028","timestamp":1635511593,"volume":"0.00146357","buyTxId":"da5d30a5caacf34094a18f79b492942be7d9dd46-1","sellTxId":"ce07bbf1fee24846508913babad0b8b25aba00fb"}
{"index": {"_index":"spt","_id":"1827114"}}
	{"id":1827114,"type":"sell","buyer":"pi-trader","seller":"reward.app","symbol":"SPT","quantity":"8000.000000","price":"0.01020040","timestamp":1635512016,"volume":"81.60320000","buyTxId":"1cf704fb6fbbe4d272aaa70e08c5811998e83f99-3","sellTxId":"054cc04cc181229d3e322c58397cd8f14dc1aef5"}
{"index": {"_index":"spt","_id":"1827115"}}
	{"id":1827115,"type":"sell","buyer":"granddaddies","seller":"reward.app","symbol":"SPT","quantity":"2731.055329","price":"0.01020040","timestamp":1635512016,"volume":"27.85785678","buyTxId":"4ef14ac1af3214275fffb6bb820ac5e078ca1c07","sellTxId":"054cc04cc181229d3e322c58397cd8f14dc1aef5"}
{"index": {"_index":"spt","_id":"1827241"}}
	{"id":1827241,"type":"sell","buyer":"pi-trader","seller":"najlive","symbol":"SPT","quantity":"2.071831","price":"0.01040056","timestamp":1635513147,"volume":"0.02154820","buyTxId":"57c0bb1cf26ea67dceaf3039778a37d8b095fd2a-1","sellTxId":"c4b910529366ca94fbd715a3bd9f4847801da61d"}
{"index": {"_index":"spt","_id":"1827278"}}
	{"id":1827278,"type":"sell","buyer":"anadolu","seller":"ashikstd","symbol":"SPT","quantity":"2310.047554","price":"0.01050056","timestamp":1635513483,"volume":"24.25679294","buyTxId":"MM-B-11724370-58710013-3-0-0","sellTxId":"603afccac97b1d0c12fa112069334250c3b67c9b"}
{"index": {"_index":"spt","_id":"1827350"}}
	{"id":1827350,"type":"sell","buyer":"pi-trader","seller":"sentipl","symbol":"SPT","quantity":"23.111437","price":"0.01010035","timestamp":1635514116,"volume":"0.23343360","buyTxId":"26f0d870d715fdc0a98a4c2ba95f860d3fe52568-1","sellTxId":"8d1ab1d0d37c4c79f98468b91a29bcc6e0b93352"}
{"index": {"_index":"spt","_id":"1827658"}}
	{"id":1827658,"type":"buy","buyer":"roger.remix","seller":"anadolu","symbol":"SPT","quantity":"2310.359699","price":"0.01039998","timestamp":1635517323,"volume":"24.02769466","buyTxId":"eb03e2a5a5a6474b18a7ff97b266f31372533068","sellTxId":"MM-B-11724770-58710413-3-0-1"}
{"index": {"_index":"spt","_id":"1827659"}}
	{"id":1827659,"type":"buy","buyer":"roger.remix","seller":"shishiz","symbol":"SPT","quantity":"6249.625419","price":"0.01049998","timestamp":1635517323,"volume":"65.62094191","buyTxId":"eb03e2a5a5a6474b18a7ff97b266f31372533068","sellTxId":"119adad0f60d5b3097cb6e1500a31d1c617b2607"}
{"index": {"_index":"spt","_id":"1827660"}}
	{"id":1827660,"type":"buy","buyer":"roger.remix","seller":"limka","symbol":"SPT","quantity":"1459.647924","price":"0.01050057","timestamp":1635517323,"volume":"15.32713520","buyTxId":"eb03e2a5a5a6474b18a7ff97b266f31372533068","sellTxId":"64a98b6813b631b409b68d0d636f34052912e69e"}
{"index": {"_index":"spt","_id":"1827661"}}
	{"id":1827661,"type":"buy","buyer":"roger.remix","seller":"dhedge-drips","symbol":"SPT","quantity":"0.143483","price":"0.01050067","timestamp":1635517323,"volume":"0.00150667","buyTxId":"eb03e2a5a5a6474b18a7ff97b266f31372533068","sellTxId":"e271710bf6950d5c2808be59dfb21d0125e19b22"}
{"index": {"_index":"spt","_id":"1827662"}}
	{"id":1827662,"type":"buy","buyer":"roger.remix","seller":"brofi-market","symbol":"SPT","quantity":"0.771027","price":"0.01064998","timestamp":1635517323,"volume":"0.00821142","buyTxId":"eb03e2a5a5a6474b18a7ff97b266f31372533068","sellTxId":"1246b161989daf5e212982a641172695eae4d726"}
{"index": {"_index":"spt","_id":"1827663"}}
	{"id":1827663,"type":"buy","buyer":"roger.remix","seller":"citarre","symbol":"SPT","quantity":"14.364061","price":"0.01076000","timestamp":1635517323,"volume":"0.15455730","buyTxId":"eb03e2a5a5a6474b18a7ff97b266f31372533068","sellTxId":"693957cd9303b39ebbfd3f0056f0836ccdf662ed"}
{"index": {"_index":"spt","_id":"1827664"}}
	{"id":1827664,"type":"buy","buyer":"roger.remix","seller":"mastergerund","symbol":"SPT","quantity":"19965.088387","price":"0.01080000","timestamp":1635517323,"volume":"215.62295458","buyTxId":"eb03e2a5a5a6474b18a7ff97b266f31372533068","sellTxId":"56487f22f3fcae49652d2bc35271c085584e7474"}
{"index": {"_index":"spt","_id":"1827785"}}
	{"id":1827785,"type":"sell","buyer":"anadolu","seller":"geom","symbol":"SPT","quantity":"1.785123","price":"0.01030045","timestamp":1635517953,"volume":"0.01838757","buyTxId":"MM-B-11725770-58711413-3-0-0","sellTxId":"0fd31c3d52a3fbfd5fa23a5db1d9e777a561ddae"}
{"index": {"_index":"spt","_id":"1827897"}}
	{"id":1827897,"type":"sell","buyer":"solovey6o2","seller":"dynamicgreentk","symbol":"SPT","quantity":"31597.000000","price":"0.01010019","timestamp":1635519426,"volume":"319.13570343","buyTxId":"4078c07ef3fdbad5a24e99de61f64733c6691362","sellTxId":"093a0bc9181bbade62e6d7e120c4f9d5a44154bb"}
{"index": {"_index":"spt","_id":"1827898"}}
	{"id":1827898,"type":"sell","buyer":"druidsblood","seller":"dynamicgreentk","symbol":"SPT","quantity":"21000.000000","price":"0.01010017","timestamp":1635519444,"volume":"212.10357000","buyTxId":"21855a2be3d91dabb6268bfd9f495c0858b2843f","sellTxId":"17ae0be92a418c3a4884f28b3a24c942425ca3a9"}
{"index": {"_index":"spt","_id":"1827903"}}
	{"id":1827903,"type":"sell","buyer":"druidsblood","seller":"dynamicgreentk","symbol":"SPT","quantity":"12000.000000","price":"0.01010016","timestamp":1635519486,"volume":"121.20192000","buyTxId":"f48b976480d162547752600b7ea96c3375a6d69e","sellTxId":"22242700baa218afe7c9d4e5d27dd7a9bb0a5982"}
{"index": {"_index":"spt","_id":"1827906"}}
	{"id":1827906,"type":"sell","buyer":"karuna21","seller":"dynamicgreentk","symbol":"SPT","quantity":"1532.000000","price":"0.01010009","timestamp":1635519519,"volume":"15.47333788","buyTxId":"a0d0fd7828fec737ecc35abe21d10467effd7a75","sellTxId":"33a91218a1eddddffa8798cabd6126f315c7c605"}
{"index": {"_index":"spt","_id":"1827909"}}
	{"id":1827909,"type":"sell","buyer":"druidsblood","seller":"dynamicgreentk","symbol":"SPT","quantity":"24539.000000","price":"0.01010004","timestamp":1635519546,"volume":"247.84488156","buyTxId":"e8b0c44811cd7d0401f1739b7592bb556724d894","sellTxId":"8b6b34454cd8f929456859d19834cab6fe062c6b"}
{"index": {"_index":"spt","_id":"1827910"}}
	{"id":1827910,"type":"sell","buyer":"mastergerund","seller":"dynamicgreentk","symbol":"SPT","quantity":"35697.021000","price":"0.01010000","timestamp":1635519576,"volume":"360.53991210","buyTxId":"6ffb3cff296ee76660081675ffb7d750560f7a74","sellTxId":"9ca893a4afa54eb7790afdd41890ad61b466c99a"}
{"index": {"_index":"spt","_id":"1827913"}}
	{"id":1827913,"type":"sell","buyer":"kevm","seller":"solovey6o2","symbol":"SPT","quantity":"1.000000","price":"0.01049961","timestamp":1635519600,"volume":"0.01049961","buyTxId":"c8af3b47b6ab35f18a7e20a6166255fae3d8c3b7","sellTxId":"218e818e5ab9113d19d274210c138ab8699f6ba2"}
{"index": {"_index":"spt","_id":"1827924"}}
	{"id":1827924,"type":"sell","buyer":"pi-trader","seller":"dynamicgreentk","symbol":"SPT","quantity":"8000.000000","price":"0.01000001","timestamp":1635519636,"volume":"80.00008000","buyTxId":"cdcfa37bda49398306d95c9b828f347698be13ff-0","sellTxId":"35613edd535a260dfeea10131ac6c3f36812aeae"}
{"index": {"_index":"spt","_id":"1827929"}}
	{"id":1827929,"type":"sell","buyer":"pi-trader","seller":"revisesociology","symbol":"SPT","quantity":"600.000000","price":"0.01000001","timestamp":1635519663,"volume":"6.00000600","buyTxId":"913a87caca6ee5dfa7a1105b1613e0fa7aef83d7-2","sellTxId":"9d0dcc36dfbc4bd5976e38f475a1f00fdfacfeba"}
{"index": {"_index":"spt","_id":"1827930"}}
	{"id":1827930,"type":"sell","buyer":"pi-trader","seller":"dynamicgreentk","symbol":"SPT","quantity":"8000.000000","price":"0.01000001","timestamp":1635519678,"volume":"80.00008000","buyTxId":"1e239fae8f28a93e6a4dcce060eddd980555ddbf-7","sellTxId":"c569bb6c887dd870010b807146b1eba0e7e5ee8c"}
{"index": {"_index":"spt","_id":"1827932"}}
	{"id":1827932,"type":"sell","buyer":"mcoinz79","seller":"dynamicgreentk","symbol":"SPT","quantity":"7400.000000","price":"0.01000000","timestamp":1635519702,"volume":"74.00000000","buyTxId":"2d1c568757d949fc8ea49136ed38fecbb2279103","sellTxId":"edc51aa0699c859d1b1f79633a0d16d3f8ce3b65"}
{"index": {"_index":"spt","_id":"1827937"}}
	{"id":1827937,"type":"sell","buyer":"pi-trader","seller":"dynamicgreentk","symbol":"SPT","quantity":"600.000000","price":"0.01000001","timestamp":1635519744,"volume":"6.00000600","buyTxId":"e7afd7c3faddd341519703e76927821ba23e510b-3","sellTxId":"bc9e39ba6a6f582101f5ac293912ee38f9093800"}
{"index": {"_index":"spt","_id":"1827938"}}
	{"id":1827938,"type":"sell","buyer":"pi-trader","seller":"dynamicgreentk","symbol":"SPT","quantity":"7400.000000","price":"0.01000001","timestamp":1635519759,"volume":"74.00007400","buyTxId":"e7afd7c3faddd341519703e76927821ba23e510b-3","sellTxId":"8ccf5780ed746ad14442bb293bc8b16173a6dc32"}
{"index": {"_index":"spt","_id":"1827939"}}
	{"id":1827939,"type":"sell","buyer":"mcoinz79","seller":"dynamicgreentk","symbol":"SPT","quantity":"600.000000","price":"0.01000000","timestamp":1635519759,"volume":"6.00000000","buyTxId":"2d1c568757d949fc8ea49136ed38fecbb2279103","sellTxId":"8ccf5780ed746ad14442bb293bc8b16173a6dc32"}
{"index": {"_index":"spt","_id":"1827944"}}
	{"id":1827944,"type":"sell","buyer":"pi-trader","seller":"dynamicgreentk","symbol":"SPT","quantity":"8000.000000","price":"0.01000001","timestamp":1635519783,"volume":"80.00008000","buyTxId":"5f061048be5c53e31469935aba93fc63a2cdc4ca-4","sellTxId":"a249238f3e676416117a3bde8be116d0f29a50d1"}
{"index": {"_index":"spt","_id":"1827945"}}
	{"id":1827945,"type":"sell","buyer":"ganjafarmer","seller":"dynamicgreentk","symbol":"SPT","quantity":"800.000000","price":"0.01000000","timestamp":1635519783,"volume":"8.00000000","buyTxId":"d4712903f3314a6981114840f199d50765cf4bd6","sellTxId":"a249238f3e676416117a3bde8be116d0f29a50d1"}
{"index": {"_index":"spt","_id":"1827946"}}
	{"id":1827946,"type":"sell","buyer":"druidsblood","seller":"dynamicgreentk","symbol":"SPT","quantity":"45496.000000","price":"0.01000000","timestamp":1635519783,"volume":"454.96000000","buyTxId":"8a715a14f82d478e2a63b39119312bb20c76905c","sellTxId":"a249238f3e676416117a3bde8be116d0f29a50d1"}
{"index": {"_index":"spt","_id":"1827948"}}
	{"id":1827948,"type":"sell","buyer":"pi-trader","seller":"dynamicgreentk","symbol":"SPT","quantity":"8000.000000","price":"0.01000001","timestamp":1635519822,"volume":"80.00008000","buyTxId":"dd65cd690160346c5a28f62f07ed37b581c67f2d-5","sellTxId":"18db1ebea3128c1cd1a5755b76c8fe634c4b3dfa"}
{"index": {"_index":"spt","_id":"1827949"}}
	{"id":1827949,"type":"sell","buyer":"druidsblood","seller":"dynamicgreentk","symbol":"SPT","quantity":"800.000000","price":"0.01000000","timestamp":1635519822,"volume":"8.00000000","buyTxId":"8a715a14f82d478e2a63b39119312bb20c76905c","sellTxId":"18db1ebea3128c1cd1a5755b76c8fe634c4b3dfa"}
{"index": {"_index":"spt","_id":"1827951"}}
	{"id":1827951,"type":"sell","buyer":"pi-trader","seller":"dynamicgreentk","symbol":"SPT","quantity":"8000.000000","price":"0.01000001","timestamp":1635519861,"volume":"80.00008000","buyTxId":"35b7bf58bc43bd2513e01e7aa0b49638b5d9a5a2-3","sellTxId":"b577f77234c4e323bad5b8250b478c1dd9da6956"}
{"index": {"_index":"spt","_id":"1827952"}}
	{"id":1827952,"type":"sell","buyer":"anadolu","seller":"dynamicgreentk","symbol":"SPT","quantity":"4950.495050","price":"0.01010000","timestamp":1635519897,"volume":"50.00000001","buyTxId":"MM-B-11726569-58712212-3-0-0","sellTxId":"7312e9f644e67d0608af95b71c498cfd559e72ff"}
{"index": {"_index":"spt","_id":"1827954"}}
	{"id":1827954,"type":"sell","buyer":"druidsblood","seller":"dynamicgreentk","symbol":"SPT","quantity":"8000.000000","price":"0.01000000","timestamp":1635519921,"volume":"80.00000000","buyTxId":"8a715a14f82d478e2a63b39119312bb20c76905c","sellTxId":"95b1d152c31957c32ed485411bd58fee4aa3a92c"}
{"index": {"_index":"spt","_id":"1827993"}}
	{"id":1827993,"type":"sell","buyer":"pi-trader","seller":"dynamicgreentk","symbol":"SPT","quantity":"8000.000000","price":"0.00990010","timestamp":1635520296,"volume":"79.20080000","buyTxId":"53687fd2ef6bd249f603a655db19767ca953f0b1-4","sellTxId":"41cffcad58db1ba30a9518cee723fea23d22f1c9"}
{"index": {"_index":"spt","_id":"1827994"}}
	{"id":1827994,"type":"sell","buyer":"granddaddies","seller":"dynamicgreentk","symbol":"SPT","quantity":"1179.347877","price":"0.00990009","timestamp":1635520296,"volume":"11.67565012","buyTxId":"e92e26ad7dd905d952c5f6dd1c3fbc7ed0d33ae3","sellTxId":"41cffcad58db1ba30a9518cee723fea23d22f1c9"}
{"index": {"_index":"spt","_id":"1828223"}}
	{"id":1828223,"type":"sell","buyer":"kran1um","seller":"najlive","symbol":"SPT","quantity":"1.630920","price":"0.00990000","timestamp":1635521649,"volume":"0.01614611","buyTxId":"867e9481bab3f4458d14da3a79baf17e866d0061","sellTxId":"1da54ebd18f8c821605023a63cd4bff210e59f52"}
{"index": {"_index":"spt","_id":"1828289"}}
	{"id":1828289,"type":"sell","buyer":"anadolu","seller":"desic","symbol":"SPT","quantity":"1618.649988","price":"0.01000000","timestamp":1635522441,"volume":"16.18649988","buyTxId":"MM-B-11727166-58712809-3-0-0","sellTxId":"f36bcc098237b2715503d9044088a69bea039d2b"}
{"index": {"_index":"spt","_id":"1828413"}}
	{"id":1828413,"type":"sell","buyer":"anadolu","seller":"brofi-market","symbol":"SPT","quantity":"1.685106","price":"0.01000000","timestamp":1635523914,"volume":"0.01685106","buyTxId":"MM-B-11727166-58712809-3-0-0","sellTxId":"8f132f067fa06fa9effa5b95a6134624fa7f41c6"}
{"index": {"_index":"spt","_id":"1828497"}}
	{"id":1828497,"type":"buy","buyer":"kevmcc","seller":"laundrywoman","symbol":"SPT","quantity":"26.000000","price":"0.01029937","timestamp":1635524643,"volume":"0.26778362","buyTxId":"902352bb13f320cf6e54adb8fb48163f83898d14","sellTxId":"fd08a071d665aac731159d856a5aebd6947d8f92"}
{"index": {"_index":"spt","_id":"1828519"}}
	{"id":1828519,"type":"sell","buyer":"anadolu","seller":"chronocrypto","symbol":"SPT","quantity":"3379.664906","price":"0.01000000","timestamp":1635524805,"volume":"33.79664906","buyTxId":"MM-B-11727166-58712809-3-0-0","sellTxId":"3bc037135224464ecd695b1b2388d03c1f77db0e"}
{"index": {"_index":"spt","_id":"1828520"}}
	{"id":1828520,"type":"sell","buyer":"kran1um","seller":"chronocrypto","symbol":"SPT","quantity":"204.369080","price":"0.00990000","timestamp":1635524805,"volume":"2.02325389","buyTxId":"867e9481bab3f4458d14da3a79baf17e866d0061","sellTxId":"3bc037135224464ecd695b1b2388d03c1f77db0e"}
{"index": {"_index":"spt","_id":"1828521"}}
	{"id":1828521,"type":"sell","buyer":"sbi-tokens","seller":"chronocrypto","symbol":"SPT","quantity":"11352.798164","price":"0.00980000","timestamp":1635524805,"volume":"111.25742201","buyTxId":"81d4ceed010bc8f25129906e69731dff4e553197","sellTxId":"3bc037135224464ecd695b1b2388d03c1f77db0e"}
{"index": {"_index":"spt","_id":"1828522"}}
	{"id":1828522,"type":"sell","buyer":"he-index","seller":"chronocrypto","symbol":"SPT","quantity":"79.082000","price":"0.00980000","timestamp":1635524805,"volume":"0.77500360","buyTxId":"15e4a08c4464eadefabbb754b2cce0e0fe2b1c56","sellTxId":"3bc037135224464ecd695b1b2388d03c1f77db0e"}
{"index": {"_index":"spt","_id":"1828523"}}
	{"id":1828523,"type":"sell","buyer":"granddaddies","seller":"chronocrypto","symbol":"SPT","quantity":"1359.220406","price":"0.00892009","timestamp":1635524805,"volume":"12.12436835","buyTxId":"3bc427a0034650ca68b07fa08037852a6d8c5b8a","sellTxId":"3bc037135224464ecd695b1b2388d03c1f77db0e"}
{"index": {"_index":"spt","_id":"1828789"}}
	{"id":1828789,"type":"sell","buyer":"pi-trader","seller":"elricmoonslayer","symbol":"SPT","quantity":"42.423856","price":"0.00892011","timestamp":1635526557,"volume":"0.37842546","buyTxId":"c6a8a93b294d37c5672b976045d395b49253623d-1","sellTxId":"86c634d4e743dca55828a3a4c2a96409f08d6dff"}
{"index": {"_index":"spt","_id":"1829034"}}
	{"id":1829034,"type":"sell","buyer":"pi-trader","seller":"eforucom","symbol":"SPT","quantity":"68.567598","price":"0.00892018","timestamp":1635528258,"volume":"0.61163532","buyTxId":"67aa0ef598007f806c75e740bd2840ec14409551-4","sellTxId":"bfd7dddca1f135cfc4a46b47ddfa4f63cb4ef6b8"}
{"index": {"_index":"spt","_id":"1829248"}}
	{"id":1829248,"type":"buy","buyer":"samarek69","seller":"laundrywoman","symbol":"SPT","quantity":"6.430000","price":"0.00999925","timestamp":1635529467,"volume":"0.06429518","buyTxId":"5a6e178d3e12e3cac8a037e9e0a6fabd7b820a18","sellTxId":"be153d0fa3c042392c2700a7a0a6cb486e4212a3"}
{"index": {"_index":"spt","_id":"1829379"}}
	{"id":1829379,"type":"sell","buyer":"pi-trader","seller":"georgeknowsall","symbol":"SPT","quantity":"97.392822","price":"0.00892018","timestamp":1635530247,"volume":"0.86876150","buyTxId":"25db40d79c49c6686628fe56a8e68c7b3b2f7696-4","sellTxId":"0435c892d93e955eb15ea9fcf127f0cdf9a64d00"}
{"index": {"_index":"spt","_id":"1829626"}}
	{"id":1829626,"type":"buy","buyer":"dswap","seller":"laundrywoman","symbol":"SPT","quantity":"1.139362","price":"0.01027996","timestamp":1635532068,"volume":"0.01171260","buyTxId":"5e0014daf0545e52fa0cbd91b2f0d955db84e2de","sellTxId":"e60b26beccb193f9a786b8045f70f5962888fc1c"}
{"index": {"_index":"spt","_id":"1829641"}}
	{"id":1829641,"type":"buy","buyer":"dswap","seller":"laundrywoman","symbol":"SPT","quantity":"0.630498","price":"0.01027996","timestamp":1635532164,"volume":"0.00648150","buyTxId":"d83f5fb90dee02e33150c46761964d0389a8c81c","sellTxId":"e60b26beccb193f9a786b8045f70f5962888fc1c"}
{"index": {"_index":"spt","_id":"1829660"}}
	{"id":1829660,"type":"sell","buyer":"pi-trader","seller":"adrian1968","symbol":"SPT","quantity":"8.095329","price":"0.00892014","timestamp":1635532332,"volume":"0.07221147","buyTxId":"f8e036c2ab5cf3a76449f71ab18e476c0b02acba-6","sellTxId":"13ec0648d9abc7f8436e142bc25d914944d20792"}
{"index": {"_index":"spt","_id":"1829670"}}
	{"id":1829670,"type":"buy","buyer":"santos98","seller":"laundrywoman","symbol":"SPT","quantity":"13.000000","price":"0.01027990","timestamp":1635532428,"volume":"0.13363870","buyTxId":"32130b5a7475de6373a73cf9a774b7cdc953f146","sellTxId":"9f2388ce81a6d307dacdf2365ececc42a42af10d"}
{"index": {"_index":"spt","_id":"1829723"}}
	{"id":1829723,"type":"buy","buyer":"methus","seller":"solovey6o2","symbol":"SPT","quantity":"1000.000000","price":"0.01017984","timestamp":1635532812,"volume":"10.17984000","buyTxId":"22bb4f1a80aa1718d70055e9b4314a11726dc617","sellTxId":"a40365abc85583ba7ba3552eb3c13ca72e2c65e6"}
{"index": {"_index":"spt","_id":"1829748"}}
	{"id":1829748,"type":"buy","buyer":"jongolson","seller":"laundrywoman","symbol":"SPT","quantity":"1000.000000","price":"0.01017983","timestamp":1635532932,"volume":"10.17983000","buyTxId":"78b8543d2cde2e533ee2db942ad9f17974bcc721","sellTxId":"2af7dc099537629591f06d3ed6c39a491125452e"}
{"index": {"_index":"spt","_id":"1829799"}}
	{"id":1829799,"type":"sell","buyer":"pi-trader","seller":"dhedge-drips","symbol":"SPT","quantity":"0.157979","price":"0.00893009","timestamp":1635533169,"volume":"0.00141077","buyTxId":"44f23972035d1c973769da2a4eb1697d9076e342-7","sellTxId":"1dff227044b0499f9b52891245b49dfd3bd2b5e4"}
{"index": {"_index":"spt","_id":"1830252"}}
	{"id":1830252,"type":"sell","buyer":"pi-trader","seller":"ruralio","symbol":"SPT","quantity":"5.193345","price":"0.00893016","timestamp":1635537072,"volume":"0.04637740","buyTxId":"0168b8d14831afb5ab713a72f482519fd2dc29ec-5","sellTxId":"6b34d6ec51a20c8d1b49776abeb4cae16cb08851"}
{"index": {"_index":"spt","_id":"1830319"}}
	{"id":1830319,"type":"buy","buyer":"ahmetay","seller":"darth-azrael","symbol":"SPT","quantity":"2.000000","price":"0.00973000","timestamp":1635537618,"volume":"0.01946000","buyTxId":"141e31ae47f5c9b7411e05b4f413648cf867452e","sellTxId":"03f7df187536ba9e760cb634bd6c8dd12cac24cc"}
{"index": {"_index":"spt","_id":"1830320"}}
	{"id":1830320,"type":"buy","buyer":"ahmetay","seller":"anadolu","symbol":"SPT","quantity":"5298.000000","price":"0.00978000","timestamp":1635537618,"volume":"51.81444000","buyTxId":"141e31ae47f5c9b7411e05b4f413648cf867452e","sellTxId":"MM-B-11732148-58717794-3-0-0"}
{"index": {"_index":"spt","_id":"1830436"}}
	{"id":1830436,"type":"buy","buyer":"offgridlife","seller":"townshendff","symbol":"SPT","quantity":"100.000000","price":"0.00977000","timestamp":1635538743,"volume":"0.97700000","buyTxId":"ca4f458b319634f0e77d5143d4a9466ab934e7d6","sellTxId":"979b2b0cc9788ec40b9611d8a5f7b93e680392aa"}
{"index": {"_index":"spt","_id":"1830466"}}
	{"id":1830466,"type":"sell","buyer":"pi-trader","seller":"brofi-market","symbol":"SPT","quantity":"3.855034","price":"0.00913014","timestamp":1635538917,"volume":"0.03519700","buyTxId":"68ecde1550b1ea1e5b61f3b5eaccb9bc6750ede2-5","sellTxId":"20c6753502318da895ab33ec78e22d6bcc769363"}
{"index": {"_index":"spt","_id":"1830508"}}
	{"id":1830508,"type":"sell","buyer":"pi-trader","seller":"townshendff","symbol":"SPT","quantity":"1253.613954","price":"0.00923022","timestamp":1635539325,"volume":"11.57113259","buyTxId":"11a24423805dc1898dfa48bcfb10e19ab7b3fbe3-3","sellTxId":"4abf5388fe281bbe0dd5e2663d63e80a3054c6fa"}
{"index": {"_index":"spt","_id":"1830558"}}
	{"id":1830558,"type":"sell","buyer":"pi-trader","seller":"zeruxanime","symbol":"SPT","quantity":"200.128367","price":"0.00933020","timestamp":1635539952,"volume":"1.86723769","buyTxId":"f6cf8383bc50c42ae84fee734e00a44546c69f2b-3","sellTxId":"c75a20ce9efe80320b223bfb87db18c4ebec743d"}
{"index": {"_index":"spt","_id":"1830604"}}
	{"id":1830604,"type":"buy","buyer":"panthera68","seller":"brofi-market","symbol":"SPT","quantity":"3.855034","price":"0.00977000","timestamp":1635540345,"volume":"0.03766368","buyTxId":"c112454f5eb812035218e6fc68742f253a7109e4","sellTxId":"a39cb51ab4b26e4295cac324bfbef0f275c44393"}
{"index": {"_index":"spt","_id":"1830629"}}
	{"id":1830629,"type":"sell","buyer":"panthera68","seller":"cccf","symbol":"SPT","quantity":"1.431000","price":"0.00977000","timestamp":1635540471,"volume":"0.01398087","buyTxId":"c112454f5eb812035218e6fc68742f253a7109e4","sellTxId":"0f11f47d4ce54f6e50d48803e2b63f14bc77bcbf"}
{"index": {"_index":"spt","_id":"1830682"}}
	{"id":1830682,"type":"buy","buyer":"egistar","seller":"draicor","symbol":"SPT","quantity":"81.400000","price":"0.01000000","timestamp":1635541275,"volume":"0.814","buyTxId":"cb1d6ec06d12784d56789a9c9f4c177f5db63f20","sellTxId":"2379a885fade06dfeb9b2f4f4d8bc264daf5691c"}
{"index": {"_index":"spt","_id":"1830684"}}
	{"id":1830684,"type":"sell","buyer":"pinkfloyd878","seller":"gandalf","symbol":"SPT","quantity":"42.051959","price":"0.00977100","timestamp":1635541296,"volume":"0.41088969","buyTxId":"6d9d32cf79ae16ecb3c9556f895bb1c145cb2411","sellTxId":"9ca6db8bc5217f773829e9b7f5d7e492a9db5cf1"}
{"index": {"_index":"spt","_id":"1830783"}}
	{"id":1830783,"type":"sell","buyer":"pinkfloyd878","seller":"bitcoinflood","symbol":"SPT","quantity":"7.948041","price":"0.00977100","timestamp":1635542748,"volume":"0.07766031","buyTxId":"6d9d32cf79ae16ecb3c9556f895bb1c145cb2411","sellTxId":"212924d3cec2202b48b20bd95dbb064773efcc81"}
{"index": {"_index":"spt","_id":"1830795"}}
	{"id":1830795,"type":"buy","buyer":"themightyvolcano","seller":"bitcoinflood","symbol":"SPT","quantity":"270.069515","price":"0.00977100","timestamp":1635542889,"volume":"2.63884923","buyTxId":"8b9b94a78bfe9b0313591288cbfdb0488b1641e3","sellTxId":"212924d3cec2202b48b20bd95dbb064773efcc81"}
{"index": {"_index":"spt","_id":"1830801"}}
	{"id":1830801,"type":"buy","buyer":"themightyvolcano","seller":"anadolu","symbol":"SPT","quantity":"3000.000000","price":"0.00990000","timestamp":1635542940,"volume":"29.70000000","buyTxId":"e3e25ac586bdad6df5ce9eab5ff6a488f388b2a5","sellTxId":"MM-B-11733743-58719389-3-0-1"}
{"index": {"_index":"spt","_id":"1831001"}}
	{"id":1831001,"type":"sell","buyer":"panthera68","seller":"the13","symbol":"SPT","quantity":"41.000000","price":"0.00977000","timestamp":1635544284,"volume":"0.40057000","buyTxId":"c112454f5eb812035218e6fc68742f253a7109e4","sellTxId":"50a90b52bef63fd4616974bbe3cc83f9cb886fd6"}
{"index": {"_index":"spt","_id":"1831007"}}
	{"id":1831007,"type":"sell","buyer":"panthera68","seller":"magnacarta","symbol":"SPT","quantity":"0.00275","price":"0.00977000","timestamp":1635544335,"volume":"0.00002687","buyTxId":"c112454f5eb812035218e6fc68742f253a7109e4","sellTxId":"a9015fd064beeff4e5a5c4d3b445058436a0dd3a"}
{"index": {"_index":"spt","_id":"1831029"}}
	{"id":1831029,"type":"sell","buyer":"panthera68","seller":"petreius","symbol":"SPT","quantity":"0.424106","price":"0.00977000","timestamp":1635544689,"volume":"0.00414352","buyTxId":"c112454f5eb812035218e6fc68742f253a7109e4","sellTxId":"418f9610146ec80408ba671ff844c205d19edec8"}
{"index": {"_index":"spt","_id":"1831076"}}
	{"id":1831076,"type":"buy","buyer":"mriglesias","seller":"anadolu","symbol":"SPT","quantity":"2002.294625","price":"0.00990000","timestamp":1635545400,"volume":"19.82271679","buyTxId":"1abf9e770bab5a9c9fe3cb41f11d03feb31e3f4f","sellTxId":"MM-B-11733743-58719389-3-0-1"}
{"index": {"_index":"spt","_id":"1831113"}}
	{"id":1831113,"type":"buy","buyer":"egistar","seller":"anadolu","symbol":"SPT","quantity":"1.503763","price":"0.00989987","timestamp":1635545859,"volume":"0.01488706","buyTxId":"2603b7213ea32027a4d7a816981ffd7def428384","sellTxId":"MM-B-11735138-58720784-3-0-1"}
{"index": {"_index":"spt","_id":"1831114"}}
	{"id":1831114,"type":"buy","buyer":"egistar","seller":"draicor","symbol":"SPT","quantity":"213.731950","price":"0.01000000","timestamp":1635545859,"volume":"2.13731950","buyTxId":"2603b7213ea32027a4d7a816981ffd7def428384","sellTxId":"2379a885fade06dfeb9b2f4f4d8bc264daf5691c"}
{"index": {"_index":"spt","_id":"1831202"}}
	{"id":1831202,"type":"sell","buyer":"anadolu","seller":"ahmetay","symbol":"SPT","quantity":"5041.245042","price":"0.00987000","timestamp":1635546690,"volume":"49.75708856","buyTxId":"MM-B-11735336-58720982-3-0-0","sellTxId":"042c1d9c0e2df53883781c73599b806382a9ac8b"}
{"index": {"_index":"spt","_id":"1831224"}}
	{"id":1831224,"type":"sell","buyer":"anadolu","seller":"anadolu","symbol":"SPT","quantity":"24.611088","price":"0.00987000","timestamp":1635546870,"volume":"0.24291144","buyTxId":"MM-B-11735336-58720982-3-0-0","sellTxId":"MM-B-11735536-58721182-3-0-0"}
{"index": {"_index":"spt","_id":"1831356"}}
	{"id":1831356,"type":"buy","buyer":"dswap","seller":"anadolu","symbol":"SPT","quantity":"64.898928","price":"0.00980000","timestamp":1635548331,"volume":"0.63600950","buyTxId":"072a6b5f7dcd3fa53167c6e6073cd386e92d8e63","sellTxId":"MM-B-11735536-58721182-3-0-0"}
{"index": {"_index":"spt","_id":"1831406"}}
	{"id":1831406,"type":"sell","buyer":"panthera68","seller":"allonsyvilla","symbol":"SPT","quantity":"514.287110","price":"0.00977000","timestamp":1635549069,"volume":"5.02458506","buyTxId":"c112454f5eb812035218e6fc68742f253a7109e4","sellTxId":"d72d410b7350b100db9a7a53689d74f28ea650bd"}
{"index": {"_index":"spt","_id":"1831433"}}
	{"id":1831433,"type":"buy","buyer":"ahmetay","seller":"anadolu","symbol":"SPT","quantity":"4976.346114","price":"0.00967000","timestamp":1635549396,"volume":"48.12126692","buyTxId":"d0e4d509a83dd444af8b4a120346120556075ffa","sellTxId":"MM-B-11736333-58721979-3-0-1"}
{"index": {"_index":"spt","_id":"1831495"}}
	{"id":1831495,"type":"sell","buyer":"pi-trader","seller":"chireerocks","symbol":"SPT","quantity":"14.447750","price":"0.00953041","timestamp":1635549924,"volume":"0.13769298","buyTxId":"efde4d9c820c42aadb9e1643a85c0eb1458804b7-4","sellTxId":"b79bcb25ec399fb24abfcf209bb14b9179f84a00"}
{"index": {"_index":"spt","_id":"1831506"}}
	{"id":1831506,"type":"buy","buyer":"wongbraling","seller":"allonsyvilla","symbol":"SPT","quantity":"207.297000","price":"0.00977000","timestamp":1635550038,"volume":"2.02529169","buyTxId":"101850fd0e3d367e641c93a67fa6066cd1d79a3e","sellTxId":"d72d410b7350b100db9a7a53689d74f28ea650bd"}
{"index": {"_index":"spt","_id":"1831593"}}
	{"id":1831593,"type":"sell","buyer":"pi-trader","seller":"adrian1968","symbol":"SPT","quantity":"0.554997","price":"0.00963044","timestamp":1635550890,"volume":"0.00534487","buyTxId":"93d5c2caff9e1aa2d4a3e298d6f5a8748fd039c0-1","sellTxId":"f6b1d7ecc6116b69b295c7de4aa96532009a93ec"}
{"index": {"_index":"spt","_id":"1831776"}}
	{"id":1831776,"type":"sell","buyer":"pi-trader","seller":"brofi-market","symbol":"SPT","quantity":"3.712646","price":"0.00963044","timestamp":1635552891,"volume":"0.03575441","buyTxId":"6b0645ada3eab30059df85cffd9cd890e5f8d8be-1","sellTxId":"cb5866819f29795e62743fca26edf9796733acc9"}
{"index": {"_index":"spt","_id":"1831849"}}
	{"id":1831849,"type":"sell","buyer":"pi-trader","seller":"iceman23","symbol":"SPT","quantity":"245.199981","price":"0.00963044","timestamp":1635553659,"volume":"2.36138371","buyTxId":"45048091759d388fd3013a194721d1d606fb3e20-1","sellTxId":"bab3d76a6e1f2b0ff4e15932f857caad21667349"}
{"index": {"_index":"spt","_id":"1831867"}}
	{"id":1831867,"type":"sell","buyer":"granddaddies","seller":"magnacarta","symbol":"SPT","quantity":"0.851778","price":"0.00963045","timestamp":1635553887,"volume":"0.00820301","buyTxId":"73f26048c46471590f65d948e78fe22dc65caa12","sellTxId":"e6e268887bcb22b4b50b60f4613c2075c6477bf7"}
{"index": {"_index":"spt","_id":"1831905"}}
	{"id":1831905,"type":"buy","buyer":"crispywatermelon","seller":"allonsyvilla","symbol":"SPT","quantity":"12.686568","price":"0.00977000","timestamp":1635554451,"volume":"0.12394777","buyTxId":"d6e9dbe1a6c8729d4c1610423b283c358408ed5a","sellTxId":"d72d410b7350b100db9a7a53689d74f28ea650bd"}
{"index": {"_index":"spt","_id":"1831940"}}
	{"id":1831940,"type":"sell","buyer":"pi-trader","seller":"dhedge-drips","symbol":"SPT","quantity":"0.482563","price":"0.00963051","timestamp":1635554820,"volume":"0.00464733","buyTxId":"3d2ffa4d9a672cc78189c5fea0f940ea9eec71c5-4","sellTxId":"6e84bad32afead704fa8f29ba998282e2332ebff"}
{"index": {"_index":"spt","_id":"1831981"}}
	{"id":1831981,"type":"sell","buyer":"pi-trader","seller":"cliffagreen","symbol":"SPT","quantity":"1.602005","price":"0.00963049","timestamp":1635555240,"volume":"0.01542809","buyTxId":"326d2f1c7b017d8e54d3ce19270f742cab756d76-3","sellTxId":"6a96f1cc32741191b4de9af58b2989460abf41b8"}
{"index": {"_index":"spt","_id":"1832233"}}
	{"id":1832233,"type":"sell","buyer":"pi-trader","seller":"dswap","symbol":"SPT","quantity":"58","price":"0.00963047","timestamp":1635558384,"volume":"0.55856726","buyTxId":"2684eded9403d6554d6966086f2ad888bf4e52aa-2","sellTxId":"9c2fc4ec89964941adf441ee855ddbd8e1a99ac9"}
{"index": {"_index":"spt","_id":"1832259"}}
	{"id":1832259,"type":"buy","buyer":"upmeboost","seller":"allonsyvilla","symbol":"SPT","quantity":"422.800000","price":"0.00977000","timestamp":1635558873,"volume":"4.13075600","buyTxId":"8d3bbe3dc1c102a8e61631821280ed4aee20e149","sellTxId":"d72d410b7350b100db9a7a53689d74f28ea650bd"}
{"index": {"_index":"spt","_id":"1832283"}}
	{"id":1832283,"type":"sell","buyer":"pi-trader","seller":"dswap","symbol":"SPT","quantity":"0.45","price":"0.00963051","timestamp":1635559287,"volume":"0.00433373","buyTxId":"9962c97e025d1057453c11d466bf0adc9cfd3cd5-5","sellTxId":"88cd01a5629e022179bed94887b064cf39a982e4"}
{"index": {"_index":"spt","_id":"1832404"}}
	{"id":1832404,"type":"buy","buyer":"gamefiles","seller":"allonsyvilla","symbol":"SPT","quantity":"416.929322","price":"0.00977000","timestamp":1635560511,"volume":"4.07339948","buyTxId":"be2d042c7f6b96b3baf906ee8b49b4a5e7de52c1","sellTxId":"d72d410b7350b100db9a7a53689d74f28ea650bd"}
{"index": {"_index":"spt","_id":"1832405"}}
	{"id":1832405,"type":"buy","buyer":"gamefiles","seller":"brofi-market","symbol":"SPT","quantity":"3.712646","price":"0.00977000","timestamp":1635560511,"volume":"0.03627255","buyTxId":"be2d042c7f6b96b3baf906ee8b49b4a5e7de52c1","sellTxId":"11b46d263680c31b372f570969cb4b6da3e05ef4"}
{"index": {"_index":"spt","_id":"1832406"}}
	{"id":1832406,"type":"buy","buyer":"gamefiles","seller":"dhedge-drips","symbol":"SPT","quantity":"0.482563","price":"0.00977000","timestamp":1635560511,"volume":"0.00471464","buyTxId":"be2d042c7f6b96b3baf906ee8b49b4a5e7de52c1","sellTxId":"3ef386bfe226b34a4f1faeabdbd69ec7b69f5ad1"}
{"index": {"_index":"spt","_id":"1832419"}}
	{"id":1832419,"type":"buy","buyer":"hawaii12","seller":"he-index","symbol":"SPT","quantity":"0.007000","price":"0.00987000","timestamp":1635560697,"volume":"0.00006909","buyTxId":"3de87aa441433552c6de6ef1551b2ea4785142f8","sellTxId":"7693790c13b1aa5e090ea7f8d962ef495554f032"}
{"index": {"_index":"spt","_id":"1832492"}}
	{"id":1832492,"type":"sell","buyer":"hawaii12","seller":"arifaakter","symbol":"SPT","quantity":"382.019395","price":"0.00987000","timestamp":1635561456,"volume":"3.77053143","buyTxId":"3de87aa441433552c6de6ef1551b2ea4785142f8","sellTxId":"c5f0ec3c0ae9de449f7cffa5ae9ad4ec358f8c4a"}
{"index": {"_index":"spt","_id":"1832520"}}
	{"id":1832520,"type":"sell","buyer":"hawaii12","seller":"wdougwatson","symbol":"SPT","quantity":"0.076","price":"0.00987000","timestamp":1635561684,"volume":"0.00075012","buyTxId":"3de87aa441433552c6de6ef1551b2ea4785142f8","sellTxId":"a93e21c34d10f5c8518bdd7c7b9036041858d062"}
