{"index": {"_index":"spt","_id":"2274610"}}
	{"id":2274610,"type":"sell","buyer":"granddaddies","seller":"brofi-market","symbol":"SPT","quantity":"0.084607","price":"0.00345001","timestamp":1639455198,"volume":"0.00029189","buyTxId":"0ac80d5cc8df86c35ae47c134538e7d00502bf39","sellTxId":"a9ad9f45a77a6124e66c6f9ecd4d4f9212c1822b"}
{"index": {"_index":"spt","_id":"2274911"}}
	{"id":2274911,"type":"sell","buyer":"granddaddies","seller":"steem82868","symbol":"SPT","quantity":"3.950239","price":"0.00345001","timestamp":1639459242,"volume":"0.01362836","buyTxId":"0ac80d5cc8df86c35ae47c134538e7d00502bf39","sellTxId":"67e9348d24c5becea7ce93edfb70990a8546e33c"}
{"index": {"_index":"spt","_id":"2275016"}}
	{"id":2275016,"type":"sell","buyer":"granddaddies","seller":"asdzxc87926","symbol":"SPT","quantity":"22.365571","price":"0.00345001","timestamp":1639460703,"volume":"0.07716144","buyTxId":"0ac80d5cc8df86c35ae47c134538e7d00502bf39","sellTxId":"e761e8a8ab165bda052b61a195243922766a798a"}
{"index": {"_index":"spt","_id":"2275224"}}
	{"id":2275224,"type":"buy","buyer":"swordsoffreedom","seller":"chubb149","symbol":"SPT","quantity":"145.366080","price":"0.00350000","timestamp":1639462521,"volume":"0.50878128","buyTxId":"63921b0952cec0992d6d839d204dd3fb54e0ee26","sellTxId":"d212e74781790929d9ac550e5864d89fc512f8c8"}
{"index": {"_index":"spt","_id":"2275393"}}
	{"id":2275393,"type":"buy","buyer":"shaddrak","seller":"chubb149","symbol":"SPT","quantity":"1134.292923","price":"0.00350000","timestamp":1639463997,"volume":"3.97002523","buyTxId":"f8042e1dbd247da128bce125512b891f15c2dc2a","sellTxId":"d212e74781790929d9ac550e5864d89fc512f8c8"}
{"index": {"_index":"spt","_id":"2275442"}}
	{"id":2275442,"type":"sell","buyer":"granddaddies","seller":"dhedge-drips","symbol":"SPT","quantity":"0.007931","price":"0.00345001","timestamp":1639464354,"volume":"0.00002736","buyTxId":"0ac80d5cc8df86c35ae47c134538e7d00502bf39","sellTxId":"de125b1e729c80223583b6da358ffc789dbbff34"}
{"index": {"_index":"spt","_id":"2276075"}}
	{"id":2276075,"type":"sell","buyer":"granddaddies","seller":"brofi-market","symbol":"SPT","quantity":"0.266677","price":"0.00345003","timestamp":1639469469,"volume":"0.00092004","buyTxId":"cb59918e0e947275a81c88f0df23aebf4a3f7b8f","sellTxId":"83ea558818863d696538d0af842c4b7c1460d212"}
{"index": {"_index":"spt","_id":"2276161"}}
	{"id":2276161,"type":"sell","buyer":"granddaddies","seller":"ivarbjorn","symbol":"SPT","quantity":"2165.772086","price":"0.00345003","timestamp":1639470195,"volume":"7.47197867","buyTxId":"cb59918e0e947275a81c88f0df23aebf4a3f7b8f","sellTxId":"ec6d1be741eb168357476db5ccd481f38fcbc961"}
{"index": {"_index":"spt","_id":"2276418"}}
	{"id":2276418,"type":"sell","buyer":"granddaddies","seller":"atanvardo","symbol":"SPT","quantity":"250.000000","price":"0.00345003","timestamp":1639472775,"volume":"0.86250750","buyTxId":"cb59918e0e947275a81c88f0df23aebf4a3f7b8f","sellTxId":"456c94381fb69cb4259d93f6570056c02240028e"}
{"index": {"_index":"spt","_id":"2276430"}}
	{"id":2276430,"type":"sell","buyer":"granddaddies","seller":"revisesociology","symbol":"SPT","quantity":"759.000000","price":"0.00345003","timestamp":1639472901,"volume":"2.61857277","buyTxId":"cb59918e0e947275a81c88f0df23aebf4a3f7b8f","sellTxId":"ea86c56815c965ac1bcf2f058d134af8a0d23d2b"}
{"index": {"_index":"spt","_id":"2276493"}}
	{"id":2276493,"type":"sell","buyer":"granddaddies","seller":"jacksonizer","symbol":"SPT","quantity":"157.760464","price":"0.00345003","timestamp":1639473534,"volume":"0.54427833","buyTxId":"cb59918e0e947275a81c88f0df23aebf4a3f7b8f","sellTxId":"ed11a892f4c11fff1f352eaf7d0956847ca87beb"}
{"index": {"_index":"spt","_id":"2276633"}}
	{"id":2276633,"type":"sell","buyer":"granddaddies","seller":"chekohler","symbol":"SPT","quantity":"0.127841","price":"0.00345003","timestamp":1639474773,"volume":"0.00044106","buyTxId":"cb59918e0e947275a81c88f0df23aebf4a3f7b8f","sellTxId":"91d5cbb3670eca74929eff375ca59b3269a4df3b"}
{"index": {"_index":"spt","_id":"2276761"}}
	{"id":2276761,"type":"buy","buyer":"holovision.cash","seller":"he-index","symbol":"SPT","quantity":"0.004000","price":"0.00350000","timestamp":1639476282,"volume":"0.00001400","buyTxId":"60964250848da1bb8d8cc80ec9f7670aeaee35f0","sellTxId":"cb5f5bfba48f0f8ecbaa02ea3642ff902669eebf"}
{"index": {"_index":"spt","_id":"2276762"}}
	{"id":2276762,"type":"buy","buyer":"holovision.cash","seller":"brofi-market","symbol":"SPT","quantity":"2.633470","price":"0.00350000","timestamp":1639476282,"volume":"0.00921715","buyTxId":"60964250848da1bb8d8cc80ec9f7670aeaee35f0","sellTxId":"e63d36cb03d18bb81f2c0053a0cc284a9bce0d79"}
{"index": {"_index":"spt","_id":"2276763"}}
	{"id":2276763,"type":"buy","buyer":"holovision.cash","seller":"dhedge-drips","symbol":"SPT","quantity":"0.023508","price":"0.00350000","timestamp":1639476282,"volume":"0.00008228","buyTxId":"60964250848da1bb8d8cc80ec9f7670aeaee35f0","sellTxId":"2a6e01fffebfce0529f591511bc23cb00dbcaa10"}
{"index": {"_index":"spt","_id":"2276764"}}
	{"id":2276764,"type":"buy","buyer":"holovision.cash","seller":"brofi-market","symbol":"SPT","quantity":"0.084607","price":"0.00350000","timestamp":1639476282,"volume":"0.00029612","buyTxId":"60964250848da1bb8d8cc80ec9f7670aeaee35f0","sellTxId":"aa443c83a8a3531bfe8536c060be3bd88b94f463"}
{"index": {"_index":"spt","_id":"2276765"}}
	{"id":2276765,"type":"buy","buyer":"holovision.cash","seller":"dhedge-drips","symbol":"SPT","quantity":"0.007931","price":"0.00350000","timestamp":1639476282,"volume":"0.00002776","buyTxId":"60964250848da1bb8d8cc80ec9f7670aeaee35f0","sellTxId":"862ecd5cdedce6ab09fc81574a7002852d8e84db"}
{"index": {"_index":"spt","_id":"2276766"}}
	{"id":2276766,"type":"buy","buyer":"holovision.cash","seller":"brofi-market","symbol":"SPT","quantity":"0.266677","price":"0.00350000","timestamp":1639476282,"volume":"0.00093337","buyTxId":"60964250848da1bb8d8cc80ec9f7670aeaee35f0","sellTxId":"a31b4a999c33d0dde0b575851d334de6831de32e"}
{"index": {"_index":"spt","_id":"2276770"}}
	{"id":2276770,"type":"buy","buyer":"holovision.cash","seller":"collectorofchaos","symbol":"SPT","quantity":"0.614020","price":"0.00358500","timestamp":1639476369,"volume":"0.00220126","buyTxId":"42a0eacfda1074996df35947a582c1afeeb2e89c","sellTxId":"1635cc3b6eb1044f800d7d7be87a1e40ee09be01"}
{"index": {"_index":"spt","_id":"2276808"}}
	{"id":2276808,"type":"sell","buyer":"granddaddies","seller":"emeka4","symbol":"SPT","quantity":"27.925284","price":"0.00345001","timestamp":1639476810,"volume":"0.09634251","buyTxId":"513e0bc890a023706cdcd4a4c115f9e7ea265ce9","sellTxId":"e6023b6dec7a7af088a07007b5b34bf4d8f78f27"}
{"index": {"_index":"spt","_id":"2277007"}}
	{"id":2277007,"type":"sell","buyer":"granddaddies","seller":"bambukah","symbol":"SPT","quantity":"0.137","price":"0.00345001","timestamp":1639482606,"volume":"0.00047265","buyTxId":"513e0bc890a023706cdcd4a4c115f9e7ea265ce9","sellTxId":"eaee7a01e7d5c53a22bb79b380bc0d4f94a66509"}
{"index": {"_index":"spt","_id":"2277088"}}
	{"id":2277088,"type":"sell","buyer":"granddaddies","seller":"brofi-market","symbol":"SPT","quantity":"0.161077","price":"0.00345001","timestamp":1639484118,"volume":"0.00055572","buyTxId":"513e0bc890a023706cdcd4a4c115f9e7ea265ce9","sellTxId":"74bc0fb280cab21aae7801493f38e83c4d373237"}
{"index": {"_index":"spt","_id":"2277152"}}
	{"id":2277152,"type":"buy","buyer":"blockchainyouth","seller":"collectorofchaos","symbol":"SPT","quantity":"1351.630454","price":"0.00358500","timestamp":1639485630,"volume":"4.84559518","buyTxId":"bdd397ee6d2f839621055367b40b521ce9ba5e68","sellTxId":"1635cc3b6eb1044f800d7d7be87a1e40ee09be01"}
{"index": {"_index":"spt","_id":"2277153"}}
	{"id":2277153,"type":"buy","buyer":"blockchainyouth","seller":"brofi-market","symbol":"SPT","quantity":"0.161077","price":"0.00358500","timestamp":1639485630,"volume":"0.00057746","buyTxId":"bdd397ee6d2f839621055367b40b521ce9ba5e68","sellTxId":"c9891ac2a5e23b37b603853b74204dcb0673932b"}
{"index": {"_index":"spt","_id":"2277185"}}
	{"id":2277185,"type":"sell","buyer":"blockchainyouth","seller":"dhedge-drips","symbol":"SPT","quantity":"0.040101","price":"0.00358500","timestamp":1639485981,"volume":"0.00014376","buyTxId":"bdd397ee6d2f839621055367b40b521ce9ba5e68","sellTxId":"07e81075bdd5575c179d2b6ce12fda925649940e"}
{"index": {"_index":"spt","_id":"2277469"}}
	{"id":2277469,"type":"buy","buyer":"uberleetyo","seller":"mastergerund","symbol":"SPT","quantity":"400.000000","price":"0.00359000","timestamp":1639488021,"volume":"1.43600000","buyTxId":"ba74523b325bb011a004ca2fd8a31b5707b1aaae","sellTxId":"71f992311dc09a8b839c1cd6daf3303c31fb4093"}
{"index": {"_index":"spt","_id":"2277478"}}
	{"id":2277478,"type":"sell","buyer":"blockchainyouth","seller":"dswap","symbol":"SPT","quantity":"0.259406","price":"0.00358500","timestamp":1639488057,"volume":"0.00092997","buyTxId":"bdd397ee6d2f839621055367b40b521ce9ba5e68","sellTxId":"38042d656a9ec30dfb456bb536580daac426f74c"}
{"index": {"_index":"spt","_id":"2277543"}}
	{"id":2277543,"type":"buy","buyer":"blockchainyouth","seller":"mastergerund","symbol":"SPT","quantity":"2000.000000","price":"0.00359000","timestamp":1639488498,"volume":"7.18000000","buyTxId":"d5264fa32c66174146cdc83c4d6328ca20bfdf09","sellTxId":"71f992311dc09a8b839c1cd6daf3303c31fb4093"}
{"index": {"_index":"spt","_id":"2278083"}}
	{"id":2278083,"type":"buy","buyer":"lipe100dedos","seller":"mastergerund","symbol":"SPT","quantity":"100.000000","price":"0.00359000","timestamp":1639492917,"volume":"0.35900000","buyTxId":"3b6d7ee9db9c03d6cfda1ddd7be6b9f955182748","sellTxId":"71f992311dc09a8b839c1cd6daf3303c31fb4093"}
{"index": {"_index":"spt","_id":"2278537"}}
	{"id":2278537,"type":"sell","buyer":"blockchainyouth","seller":"dswap","symbol":"SPT","quantity":"14.715112","price":"0.00358500","timestamp":1639496283,"volume":"0.05275368","buyTxId":"bdd397ee6d2f839621055367b40b521ce9ba5e68","sellTxId":"3a7e9dfdfd62fe87181a4cb153372f9f674a4576"}
{"index": {"_index":"spt","_id":"2278571"}}
	{"id":2278571,"type":"sell","buyer":"blockchainyouth","seller":"mehmetfix","symbol":"SPT","quantity":"61.000000","price":"0.00358500","timestamp":1639496526,"volume":"0.21868500","buyTxId":"bdd397ee6d2f839621055367b40b521ce9ba5e68","sellTxId":"48844a7a6123c15ad6daff9a1b62e2abac3795c5"}
{"index": {"_index":"spt","_id":"2278576"}}
	{"id":2278576,"type":"sell","buyer":"blockchainyouth","seller":"hiveexplorers","symbol":"SPT","quantity":"166.250060","price":"0.00358500","timestamp":1639496550,"volume":"0.59600647","buyTxId":"bdd397ee6d2f839621055367b40b521ce9ba5e68","sellTxId":"d3487bab32399e35dd01e92e8f7e061edbe1ab62"}
{"index": {"_index":"spt","_id":"2278864"}}
	{"id":2278864,"type":"sell","buyer":"blockchainyouth","seller":"brofi-market","symbol":"SPT","quantity":"0.324583","price":"0.00358500","timestamp":1639498419,"volume":"0.00116363","buyTxId":"bdd397ee6d2f839621055367b40b521ce9ba5e68","sellTxId":"5b4c80305f4a6c0aa20a10c8da5e24f526066b72"}
{"index": {"_index":"spt","_id":"2278895"}}
	{"id":2278895,"type":"sell","buyer":"blockchainyouth","seller":"kennysgaminglife","symbol":"SPT","quantity":"705.619207","price":"0.00358500","timestamp":1639498575,"volume":"2.52964485","buyTxId":"bdd397ee6d2f839621055367b40b521ce9ba5e68","sellTxId":"b17c141031af68acfe800684da75cfa25a84c59b"}
{"index": {"_index":"spt","_id":"2279008"}}
	{"id":2279008,"type":"buy","buyer":"catomoon","seller":"kennysgaminglife","symbol":"SPT","quantity":"9.000000","price":"0.00350000","timestamp":1639499643,"volume":"0.03150000","buyTxId":"f64354a4874288adb2ba342c0fd7bc8d5ff023c1","sellTxId":"b17c141031af68acfe800684da75cfa25a84c59b"}
{"index": {"_index":"spt","_id":"2279019"}}
	{"id":2279019,"type":"sell","buyer":"granddaddies","seller":"decepticons","symbol":"SPT","quantity":"386.344807","price":"0.00345001","timestamp":1639499736,"volume":"1.33289345","buyTxId":"513e0bc890a023706cdcd4a4c115f9e7ea265ce9","sellTxId":"6c9e5ff77437a214ba0b984cf2927d0ce6f192b7"}
{"index": {"_index":"spt","_id":"2279030"}}
	{"id":2279030,"type":"buy","buyer":"catomoon","seller":"kennysgaminglife","symbol":"SPT","quantity":"47.710000","price":"0.00350000","timestamp":1639499778,"volume":"0.16698500","buyTxId":"aa51c312ae7d0397b2a693253ad0cb9bffc8e249","sellTxId":"b17c141031af68acfe800684da75cfa25a84c59b"}
{"index": {"_index":"spt","_id":"2279296"}}
	{"id":2279296,"type":"sell","buyer":"granddaddies","seller":"chekohler","symbol":"SPT","quantity":"0.124310","price":"0.00345001","timestamp":1639501029,"volume":"0.00042887","buyTxId":"513e0bc890a023706cdcd4a4c115f9e7ea265ce9","sellTxId":"04093671210abdbbe4739c80c21e0883a38bffa2"}
{"index": {"_index":"spt","_id":"2279345"}}
	{"id":2279345,"type":"sell","buyer":"granddaddies","seller":"mightyrocklee","symbol":"SPT","quantity":"974.765856","price":"0.00345001","timestamp":1639501419,"volume":"3.36295195","buyTxId":"513e0bc890a023706cdcd4a4c115f9e7ea265ce9","sellTxId":"409ae71d71718a4b47eec74c49a244e269bec5d6"}
{"index": {"_index":"spt","_id":"2279488"}}
	{"id":2279488,"type":"sell","buyer":"granddaddies","seller":"readthisplease","symbol":"SPT","quantity":"446.000000","price":"0.00345001","timestamp":1639501974,"volume":"1.53870446","buyTxId":"513e0bc890a023706cdcd4a4c115f9e7ea265ce9","sellTxId":"cfb7b7c0d8ffd11cec1d417be8a8d38d5ca96edf"}
{"index": {"_index":"spt","_id":"2279529"}}
	{"id":2279529,"type":"sell","buyer":"granddaddies","seller":"eforucom","symbol":"SPT","quantity":"3.291564","price":"0.00345001","timestamp":1639502070,"volume":"0.01135593","buyTxId":"513e0bc890a023706cdcd4a4c115f9e7ea265ce9","sellTxId":"3c16493d4da838ec5bc9359cdfbcb6b1c5437333"}
{"index": {"_index":"spt","_id":"2279673"}}
	{"id":2279673,"type":"buy","buyer":"gamefiles","seller":"kennysgaminglife","symbol":"SPT","quantity":"851.857082","price":"0.00350000","timestamp":1639503234,"volume":"2.98149979","buyTxId":"d579179e5826013975626e295799d3dba5c22587","sellTxId":"b17c141031af68acfe800684da75cfa25a84c59b"}
{"index": {"_index":"spt","_id":"2279682"}}
	{"id":2279682,"type":"buy","buyer":"jongolson","seller":"mastergerund","symbol":"SPT","quantity":"1000.000000","price":"0.00359000","timestamp":1639503294,"volume":"3.59000000","buyTxId":"7c1235e75f3eb98cb8667c9ecf7a5745e1f17944","sellTxId":"71f992311dc09a8b839c1cd6daf3303c31fb4093"}
{"index": {"_index":"spt","_id":"2279694"}}
	{"id":2279694,"type":"buy","buyer":"gamefiles","seller":"mastergerund","symbol":"SPT","quantity":"21823.216422","price":"0.00359000","timestamp":1639503384,"volume":"78.34534695","buyTxId":"a3d73b4b253594a6b2570c1e3c6aec697dcafda6","sellTxId":"71f992311dc09a8b839c1cd6daf3303c31fb4093"}
{"index": {"_index":"spt","_id":"2279695"}}
	{"id":2279695,"type":"buy","buyer":"gamefiles","seller":"jjb777","symbol":"SPT","quantity":"239.924000","price":"0.00359000","timestamp":1639503384,"volume":"0.86132716","buyTxId":"a3d73b4b253594a6b2570c1e3c6aec697dcafda6","sellTxId":"26854e4176acf502583fff41eb7e50b81b0ec55b"}
{"index": {"_index":"spt","_id":"2279696"}}
	{"id":2279696,"type":"buy","buyer":"gamefiles","seller":"dhedge-drips","symbol":"SPT","quantity":"0.040101","price":"0.00359000","timestamp":1639503384,"volume":"0.00014396","buyTxId":"a3d73b4b253594a6b2570c1e3c6aec697dcafda6","sellTxId":"8ae0673eed0e36c700246a00c918cabacf11091d"}
{"index": {"_index":"spt","_id":"2279697"}}
	{"id":2279697,"type":"buy","buyer":"gamefiles","seller":"hontanosas","symbol":"SPT","quantity":"60.247268","price":"0.00359000","timestamp":1639503384,"volume":"0.21628769","buyTxId":"a3d73b4b253594a6b2570c1e3c6aec697dcafda6","sellTxId":"6433887877687ffa80c67bbb4b2889cc7fb6f419"}
{"index": {"_index":"spt","_id":"2279698"}}
	{"id":2279698,"type":"buy","buyer":"gamefiles","seller":"brofi-market","symbol":"SPT","quantity":"0.324583","price":"0.00359000","timestamp":1639503384,"volume":"0.00116525","buyTxId":"a3d73b4b253594a6b2570c1e3c6aec697dcafda6","sellTxId":"6334c066f7850edd2c8e5fc9a580cafb9f3d5e0d"}
{"index": {"_index":"spt","_id":"2279708"}}
	{"id":2279708,"type":"buy","buyer":"gamefiles","seller":"dhedge-drips","symbol":"SPT","quantity":"0.030582","price":"0.00359999","timestamp":1639503501,"volume":"0.00011009","buyTxId":"6d1760c36e1fc1caba7dfe57e9ed371b382e1771","sellTxId":"90606f9c93a1b9a32ca5555f40181ddf907df579"}
{"index": {"_index":"spt","_id":"2279719"}}
	{"id":2279719,"type":"sell","buyer":"granddaddies","seller":"justinparke","symbol":"SPT","quantity":"11.882","price":"0.00345001","timestamp":1639503597,"volume":"0.04099302","buyTxId":"513e0bc890a023706cdcd4a4c115f9e7ea265ce9","sellTxId":"a6691d3b08524a0b7e2146230f59394cd45889b7"}
{"index": {"_index":"spt","_id":"2279720"}}
	{"id":2279720,"type":"buy","buyer":"gamefiles","seller":"emma001","symbol":"SPT","quantity":"1243.280899","price":"0.00360000","timestamp":1639503597,"volume":"4.47581124","buyTxId":"091b29cdfc62c6307ffb9070540832f1c90dbb46","sellTxId":"1f2723f6a27046899f7e1ff95e6a9939b993dabe"}
{"index": {"_index":"spt","_id":"2279745"}}
	{"id":2279745,"type":"buy","buyer":"gamefiles","seller":"laundrywoman","symbol":"SPT","quantity":"11703.603110","price":"0.00362899","timestamp":1639503711,"volume":"42.47225865","buyTxId":"6c7bc5c4cb761be715edb739073007fb5e10d33f","sellTxId":"a284f9e9f277c36ac6d5e2ad9cbb9d0c96fd0839"}
{"index": {"_index":"spt","_id":"2280022"}}
	{"id":2280022,"type":"buy","buyer":"dswap","seller":"laundrywoman","symbol":"SPT","quantity":"275.558764","price":"0.00362899","timestamp":1639506477,"volume":"1.0","buyTxId":"f25c3abcee7d496fee2ff83710f3a038262fa91e","sellTxId":"a284f9e9f277c36ac6d5e2ad9cbb9d0c96fd0839"}
{"index": {"_index":"spt","_id":"2280138"}}
	{"id":2280138,"type":"sell","buyer":"granddaddies","seller":"dhedge-drips","symbol":"SPT","quantity":"0.030429","price":"0.00345001","timestamp":1639507566,"volume":"0.00010498","buyTxId":"513e0bc890a023706cdcd4a4c115f9e7ea265ce9","sellTxId":"cc4f55ba8ab52a4c4fd168b91317f95526c17a21"}
{"index": {"_index":"spt","_id":"2280146"}}
	{"id":2280146,"type":"sell","buyer":"granddaddies","seller":"hiveexplorers","symbol":"SPT","quantity":"201742.337673","price":"0.00345001","timestamp":1639507602,"volume":"696.01308239","buyTxId":"513e0bc890a023706cdcd4a4c115f9e7ea265ce9","sellTxId":"d99e8b7eed696fc0f4ba871d5b7e561cb65add29"}
{"index": {"_index":"spt","_id":"2280239"}}
	{"id":2280239,"type":"sell","buyer":"muzehan","seller":"torrecoin90","symbol":"SPT","quantity":"21.811833","price":"0.00345000","timestamp":1639508169,"volume":"0.07525082","buyTxId":"418811cf0cd188b0fbdb065b98d0d9d76a7798c3","sellTxId":"1d7be58261d04a18a81f8800e334f7289fe922fd"}
{"index": {"_index":"spt","_id":"2280256"}}
	{"id":2280256,"type":"sell","buyer":"muzehan","seller":"nrg","symbol":"SPT","quantity":"243.039436","price":"0.00345000","timestamp":1639508187,"volume":"0.83848605","buyTxId":"418811cf0cd188b0fbdb065b98d0d9d76a7798c3","sellTxId":"38740736acdacef7557ed861c9580c042e47ad6f-14"}
{"index": {"_index":"spt","_id":"2280257"}}
	{"id":2280257,"type":"sell","buyer":"yokosama","seller":"nrg","symbol":"SPT","quantity":"80.000000","price":"0.00345000","timestamp":1639508187,"volume":"0.27600000","buyTxId":"7e27f74217f5569e03c405a0c0e511214e83129f","sellTxId":"38740736acdacef7557ed861c9580c042e47ad6f-14"}
{"index": {"_index":"spt","_id":"2280258"}}
	{"id":2280258,"type":"sell","buyer":"muzehan","seller":"nrg","symbol":"SPT","quantity":"1000.000000","price":"0.00340000","timestamp":1639508187,"volume":"3.40000000","buyTxId":"0b5f4093d3f3ad2022593846d6b61e81416d0e75","sellTxId":"38740736acdacef7557ed861c9580c042e47ad6f-14"}
{"index": {"_index":"spt","_id":"2280259"}}
	{"id":2280259,"type":"sell","buyer":"druidsblood","seller":"nrg","symbol":"SPT","quantity":"987.290631","price":"0.00333007","timestamp":1639508187,"volume":"3.28774691","buyTxId":"0ae95646b14614859e5011c6998a151e381d2900","sellTxId":"38740736acdacef7557ed861c9580c042e47ad6f-14"}
{"index": {"_index":"spt","_id":"2280286"}}
	{"id":2280286,"type":"sell","buyer":"druidsblood","seller":"hiveexplorers","symbol":"SPT","quantity":"12678.920305","price":"0.00333007","timestamp":1639508298,"volume":"42.22169214","buyTxId":"0ae95646b14614859e5011c6998a151e381d2900","sellTxId":"65c3047bbf80eb70bed16f3b6c9b46826a2e2807"}
{"index": {"_index":"spt","_id":"2280287"}}
	{"id":2280287,"type":"sell","buyer":"druidsblood","seller":"hiveexplorers","symbol":"SPT","quantity":"19874.000000","price":"0.00333006","timestamp":1639508319,"volume":"66.18161244","buyTxId":"682fd94c98bde793857643aac84f15008988f4e5","sellTxId":"04899417b15dd4b20e132992c09a57fe7f678889"}
{"index": {"_index":"spt","_id":"2280864"}}
	{"id":2280864,"type":"buy","buyer":"samarek69","seller":"laundrywoman","symbol":"SPT","quantity":"3.200000","price":"0.00362895","timestamp":1639512075,"volume":"0.01161264","buyTxId":"16d89aa1859dc091aa65057a6421bb542d644a7d","sellTxId":"5781a1caf3bd243907289dc4183d55d8eb5f870d"}
{"index": {"_index":"spt","_id":"2280930"}}
	{"id":2280930,"type":"sell","buyer":"desro","seller":"brofi-market","symbol":"SPT","quantity":"0.302458","price":"0.00333004","timestamp":1639512645,"volume":"0.00100720","buyTxId":"bbfc7d2619c96b98ead3bc587286e1ea1a7b41b7","sellTxId":"c93a64c705d2c45e28a8835dda3b7f5d2d6ab204"}
{"index": {"_index":"spt","_id":"2281158"}}
	{"id":2281158,"type":"sell","buyer":"blockchainyouth","seller":"cliffagreen","symbol":"SPT","quantity":"1.304000","price":"0.00350000","timestamp":1639515351,"volume":"0.00456400","buyTxId":"1a33f76523846a3184e8bf6d3958c8b4e6e11b5b","sellTxId":"8b69f0fdab0cad1843cbd48ff199f6998cf55d67"}
{"index": {"_index":"spt","_id":"2281241"}}
	{"id":2281241,"type":"sell","buyer":"blockchainyouth","seller":"ivarbjorn","symbol":"SPT","quantity":"665.418353","price":"0.00350000","timestamp":1639516233,"volume":"2.32896424","buyTxId":"1a33f76523846a3184e8bf6d3958c8b4e6e11b5b","sellTxId":"513a6606012741703b3e035b4ba872424adca7e2"}
{"index": {"_index":"spt","_id":"2281474"}}
	{"id":2281474,"type":"buy","buyer":"dswap","seller":"laundrywoman","symbol":"SPT","quantity":"11.022532","price":"0.00362893","timestamp":1639518237,"volume":"0.04","buyTxId":"f5413acf660cbedaa14af981e780d47c8b2dddbc","sellTxId":"827c9873d784f4b8aee40627a15bfc0e547943fb"}
{"index": {"_index":"spt","_id":"2281674"}}
	{"id":2281674,"type":"sell","buyer":"blockchainyouth","seller":"choof","symbol":"SPT","quantity":"300","price":"0.00350000","timestamp":1639520643,"volume":"1.05000000","buyTxId":"1a33f76523846a3184e8bf6d3958c8b4e6e11b5b","sellTxId":"cc97558213feb5972d2ac7741e04974057a44203"}
{"index": {"_index":"spt","_id":"2281706"}}
	{"id":2281706,"type":"sell","buyer":"blockchainyouth","seller":"he-index","symbol":"SPT","quantity":"0.003000","price":"0.00350000","timestamp":1639521069,"volume":"0.00001050","buyTxId":"1a33f76523846a3184e8bf6d3958c8b4e6e11b5b","sellTxId":"4f281b5c2013b2a2a225e0b2f3d81c61d36f6e3f"}
{"index": {"_index":"spt","_id":"2281858"}}
	{"id":2281858,"type":"sell","buyer":"blockchainyouth","seller":"hiveexplorers","symbol":"SPT","quantity":"33.274647","price":"0.00350000","timestamp":1639523700,"volume":"0.11646126","buyTxId":"1a33f76523846a3184e8bf6d3958c8b4e6e11b5b","sellTxId":"93d47e8e0b1e8864a422e41e303d78b867b4c1c6"}
{"index": {"_index":"spt","_id":"2281862"}}
	{"id":2281862,"type":"sell","buyer":"granddaddies","seller":"hiveexplorers","symbol":"SPT","quantity":"128718.607022","price":"0.00340001","timestamp":1639523727,"volume":"437.64455106","buyTxId":"3e9049719b1b83c74bcced1e83a7524427c6189d","sellTxId":"cc955114d95e1469abc397aa779e75e594b535e0"}
{"index": {"_index":"spt","_id":"2282069"}}
	{"id":2282069,"type":"sell","buyer":"blockchainyouth","seller":"iceman23","symbol":"SPT","quantity":"382.844982","price":"0.00340000","timestamp":1639526430,"volume":"1.30167294","buyTxId":"f1856da45d147f562dcadd1581de72855d8be0f4","sellTxId":"ea9b6c1f94272c3f785f0bc49d20bcc70598588a"}
{"index": {"_index":"spt","_id":"2282142"}}
	{"id":2282142,"type":"sell","buyer":"blockchainyouth","seller":"brofi-market","symbol":"SPT","quantity":"3.150629","price":"0.00340000","timestamp":1639527273,"volume":"0.01071214","buyTxId":"f1856da45d147f562dcadd1581de72855d8be0f4","sellTxId":"d82f3df92bc78438fc04a57b6c1510955466deda"}
{"index": {"_index":"spt","_id":"2282155"}}
	{"id":2282155,"type":"sell","buyer":"blockchainyouth","seller":"kennysgaminglife","symbol":"SPT","quantity":"65.554157","price":"0.00340000","timestamp":1639527408,"volume":"0.22288413","buyTxId":"f1856da45d147f562dcadd1581de72855d8be0f4","sellTxId":"2a532119f6a359036be01796ddb446c4880c9b9d"}
{"index": {"_index":"spt","_id":"2282261"}}
	{"id":2282261,"type":"buy","buyer":"igel2017","seller":"laundrywoman","symbol":"SPT","quantity":"198.000000","price":"0.00362894","timestamp":1639528344,"volume":"0.71853012","buyTxId":"9aeb2243bc7a0935b0bb1d7aa20d1a4c014379c4","sellTxId":"1cd59f785d6deecf0d9d61661e08395d20283a17"}
{"index": {"_index":"spt","_id":"2282337"}}
	{"id":2282337,"type":"sell","buyer":"ninjamike","seller":"mightyrocklee","symbol":"SPT","quantity":"749.756710","price":"0.00352895","timestamp":1639528809,"volume":"2.64585394","buyTxId":"4722d2081b9fb572ded3a933c303aa440d61d2ad","sellTxId":"d008155f657f472ffbeaf6bba417c3b51a35646a"}
{"index": {"_index":"spt","_id":"2282361"}}
	{"id":2282361,"type":"sell","buyer":"ninjamike","seller":"steem82868","symbol":"SPT","quantity":"4.569419","price":"0.00352895","timestamp":1639529046,"volume":"0.01612525","buyTxId":"4722d2081b9fb572ded3a933c303aa440d61d2ad","sellTxId":"12d5eab336ab48decae912f6a7e6187c0b9181df"}
{"index": {"_index":"spt","_id":"2282383"}}
	{"id":2282383,"type":"sell","buyer":"ninjamike","seller":"dhedge-drips","symbol":"SPT","quantity":"0.021994","price":"0.00352895","timestamp":1639529175,"volume":"0.00007762","buyTxId":"4722d2081b9fb572ded3a933c303aa440d61d2ad","sellTxId":"f4cf0199e467b8b5f2c9ff0eb3f390010523742d"}
{"index": {"_index":"spt","_id":"2282605"}}
	{"id":2282605,"type":"buy","buyer":"kelhasan","seller":"laundrywoman","symbol":"SPT","quantity":"27.556256","price":"0.00362894","timestamp":1639530534,"volume":"0.1","buyTxId":"21a1782f78bd37ff9bc49998035b0eb135ae785b","sellTxId":"8f83dabd4a0b837693b82ffa5552b510f2091d4c"}
{"index": {"_index":"spt","_id":"2282626"}}
	{"id":2282626,"type":"sell","buyer":"ninjamike","seller":"hiveexplorers","symbol":"SPT","quantity":"264.372543","price":"0.00352895","timestamp":1639530801,"volume":"0.93295748","buyTxId":"4722d2081b9fb572ded3a933c303aa440d61d2ad","sellTxId":"2e11681590b6828aae7ceba61883c8a8dfd685a5"}
{"index": {"_index":"spt","_id":"2282627"}}
	{"id":2282627,"type":"sell","buyer":"blockchainyouth","seller":"hiveexplorers","symbol":"SPT","quantity":"419.731111","price":"0.00340000","timestamp":1639530801,"volume":"1.42708578","buyTxId":"f1856da45d147f562dcadd1581de72855d8be0f4","sellTxId":"2e11681590b6828aae7ceba61883c8a8dfd685a5"}
{"index": {"_index":"spt","_id":"2282685"}}
	{"id":2282685,"type":"sell","buyer":"blockchainyouth","seller":"just2random","symbol":"SPT","quantity":"328.719121","price":"0.00340000","timestamp":1639531608,"volume":"1.11764501","buyTxId":"f1856da45d147f562dcadd1581de72855d8be0f4","sellTxId":"11bac2b3605a3bb393a39039975b6584e09e0fe3"}
{"index": {"_index":"spt","_id":"2282709"}}
	{"id":2282709,"type":"sell","buyer":"granddaddies","seller":"just2random","symbol":"SPT","quantity":"30000.000000","price":"0.00333005","timestamp":1639532049,"volume":"99.90150000","buyTxId":"af5f00f6948a1de93365a101ffde85e02a84cab1","sellTxId":"7b9b581c7ec4af04bfac92f8c70effd40b863d55"}
{"index": {"_index":"spt","_id":"2282864"}}
	{"id":2282864,"type":"sell","buyer":"granddaddies","seller":"hiveexplorers","symbol":"SPT","quantity":"36.120933","price":"0.00333005","timestamp":1639534029,"volume":"0.12028451","buyTxId":"af5f00f6948a1de93365a101ffde85e02a84cab1","sellTxId":"caf7e2b5a3d6934e8fcd67ddbed6f52fc0d4b8f0"}
{"index": {"_index":"spt","_id":"2283081"}}
	{"id":2283081,"type":"sell","buyer":"granddaddies","seller":"aweee","symbol":"SPT","quantity":"2.875719","price":"0.00333005","timestamp":1639537035,"volume":"0.00957629","buyTxId":"af5f00f6948a1de93365a101ffde85e02a84cab1","sellTxId":"be3f173107b25fcff7f4941bc11315278564bf07"}
{"index": {"_index":"spt","_id":"2283172"}}
	{"id":2283172,"type":"sell","buyer":"granddaddies","seller":"forexbrokr","symbol":"SPT","quantity":"10.817431","price":"0.00333005","timestamp":1639537998,"volume":"0.03602259","buyTxId":"af5f00f6948a1de93365a101ffde85e02a84cab1","sellTxId":"3a1c5110fd00c8251e572e5798089479f64a4948"}
{"index": {"_index":"spt","_id":"2283178"}}
	{"id":2283178,"type":"sell","buyer":"granddaddies","seller":"rob23hive","symbol":"SPT","quantity":"1006.503288","price":"0.00333005","timestamp":1639538097,"volume":"3.35170627","buyTxId":"af5f00f6948a1de93365a101ffde85e02a84cab1","sellTxId":"03abf3d1818b3fab9b75732516b25136b9adc49f"}
{"index": {"_index":"spt","_id":"2283183"}}
	{"id":2283183,"type":"sell","buyer":"granddaddies","seller":"ruralio","symbol":"SPT","quantity":"98.291233","price":"0.00333005","timestamp":1639538145,"volume":"0.32731472","buyTxId":"af5f00f6948a1de93365a101ffde85e02a84cab1","sellTxId":"048f58260ebb3aaaae114afcb930ac24ff86575a"}
{"index": {"_index":"spt","_id":"2283187"}}
	{"id":2283187,"type":"sell","buyer":"granddaddies","seller":"magnacarta","symbol":"SPT","quantity":"0.058","price":"0.00333005","timestamp":1639538166,"volume":"0.00019314","buyTxId":"af5f00f6948a1de93365a101ffde85e02a84cab1","sellTxId":"e3b85717eeb6f9ac2dece3bd173cd7e23e3b26f8"}
{"index": {"_index":"spt","_id":"2283374"}}
	{"id":2283374,"type":"sell","buyer":"muzehan","seller":"asdzxc87926","symbol":"SPT","quantity":"17.293268","price":"0.00340000","timestamp":1639540326,"volume":"0.05879711","buyTxId":"1104faae3d77490ffa2bb6a101742ceb495173bc","sellTxId":"5b0bd8f01c30bc635ec208b966b6d8deda2ac670"}
