{"index": {"_index":"spt","_id":"2475783"}}
	{"id":2475783,"type":"buy","buyer":"chireerocks","seller":"laundrywoman","symbol":"SPT","quantity":"480.285552","price":"0.00268998","timestamp":1641439251,"volume":"1.29195853","buyTxId":"49c3f4b4177e42a0bee33a3f99bc057076f65fba","sellTxId":"ed55610b1a7052c70ae77402f125ea93d140dd86"}
{"index": {"_index":"spt","_id":"2475876"}}
	{"id":2475876,"type":"sell","buyer":"granddaddies","seller":"aweee","symbol":"SPT","quantity":"74.390175","price":"0.00215623","timestamp":1641440808,"volume":"0.16040233","buyTxId":"42279ed5e5554c36c62bc6c1fa5554840eb73737","sellTxId":"ab7ee0a230823b55121b09f5581b0a904535d15c"}
{"index": {"_index":"spt","_id":"2475958"}}
	{"id":2475958,"type":"sell","buyer":"granddaddies","seller":"brofi-market","symbol":"SPT","quantity":"0.020146","price":"0.00215623","timestamp":1641442353,"volume":"0.00004344","buyTxId":"42279ed5e5554c36c62bc6c1fa5554840eb73737","sellTxId":"c5db3f094ac2f0f993d0bad384a457e0508996bc"}
{"index": {"_index":"spt","_id":"2476243"}}
	{"id":2476243,"type":"sell","buyer":"granddaddies","seller":"theclasser1","symbol":"SPT","quantity":"66.528575","price":"0.00215623","timestamp":1641447396,"volume":"0.14345091","buyTxId":"42279ed5e5554c36c62bc6c1fa5554840eb73737","sellTxId":"5b35db0eadbce84f13fc86acb36cf11d80b0ae89"}
{"index": {"_index":"spt","_id":"2476651"}}
	{"id":2476651,"type":"sell","buyer":"granddaddies","seller":"dhedge-drips","symbol":"SPT","quantity":"0.001889","price":"0.00215623","timestamp":1641451566,"volume":"0.00000407","buyTxId":"2f2d2bb3baa20ac9b4a141e851072240049bc043","sellTxId":"9447ded66be77b5b6b92a26963caa9c1541a9de1"}
{"index": {"_index":"spt","_id":"2476802"}}
	{"id":2476802,"type":"sell","buyer":"granddaddies","seller":"andy-plays","symbol":"SPT","quantity":"4.000000","price":"0.00215623","timestamp":1641453519,"volume":"0.00862492","buyTxId":"2f2d2bb3baa20ac9b4a141e851072240049bc043","sellTxId":"cd5e1461709cc37ee259bdd0bb657b327a555751"}
{"index": {"_index":"spt","_id":"2476827"}}
	{"id":2476827,"type":"sell","buyer":"granddaddies","seller":"stewie.wieno","symbol":"SPT","quantity":"39.914362","price":"0.00215623","timestamp":1641453744,"volume":"0.08606454","buyTxId":"2f2d2bb3baa20ac9b4a141e851072240049bc043","sellTxId":"87ffa2da814a33ad5ef18df333482212e81892f1"}
{"index": {"_index":"spt","_id":"2477189"}}
	{"id":2477189,"type":"sell","buyer":"granddaddies","seller":"knightsunited","symbol":"SPT","quantity":"1623.712791","price":"0.00215623","timestamp":1641457866,"volume":"3.50109823","buyTxId":"2f2d2bb3baa20ac9b4a141e851072240049bc043","sellTxId":"31d0a13dacc8ffbfc4d7f1ad603f517a9d55e2d7"}
{"index": {"_index":"spt","_id":"2477212"}}
	{"id":2477212,"type":"sell","buyer":"granddaddies","seller":"fredfettmeister","symbol":"SPT","quantity":"250.000000","price":"0.00215623","timestamp":1641458250,"volume":"0.53905750","buyTxId":"2f2d2bb3baa20ac9b4a141e851072240049bc043","sellTxId":"19c98a770786726fe2ef168eba0ccf78ef6286a8"}
{"index": {"_index":"spt","_id":"2477327"}}
	{"id":2477327,"type":"sell","buyer":"granddaddies","seller":"rehan12","symbol":"SPT","quantity":"262","price":"0.00215623","timestamp":1641459621,"volume":"0.56493226","buyTxId":"2f2d2bb3baa20ac9b4a141e851072240049bc043","sellTxId":"0782cc5662125cbf988810f7aa0aa2c0a144cdc9"}
{"index": {"_index":"spt","_id":"2477973"}}
	{"id":2477973,"type":"sell","buyer":"granddaddies","seller":"ugochill","symbol":"SPT","quantity":"37.122726","price":"0.00215623","timestamp":1641468420,"volume":"0.08004514","buyTxId":"2f2d2bb3baa20ac9b4a141e851072240049bc043","sellTxId":"bb3cdbb0c5f8043d8646dc0c0942665250fcddcf"}
{"index": {"_index":"spt","_id":"2478399"}}
	{"id":2478399,"type":"sell","buyer":"vip","seller":"mango-juice","symbol":"SPT","quantity":"3602.287014","price":"0.00228000","timestamp":1641472719,"volume":"8.21321439","buyTxId":"f1453fa572e52a62a46cd8d666813864d41dacd2","sellTxId":"86fc486871736038387de3d83efcb4c9a1247b0e"}
{"index": {"_index":"spt","_id":"2478485"}}
	{"id":2478485,"type":"sell","buyer":"vip","seller":"chekohler","symbol":"SPT","quantity":"1.000368","price":"0.00217000","timestamp":1641473403,"volume":"0.00217080","buyTxId":"629ab06c57c39108b59fbfeda45e1c00e1262979","sellTxId":"3052291eb9667b1856963e0e730182f451abf5e8"}
{"index": {"_index":"spt","_id":"2478520"}}
	{"id":2478520,"type":"sell","buyer":"granddaddies","seller":"anderssinho","symbol":"SPT","quantity":"0.185000","price":"0.00215623","timestamp":1641473844,"volume":"0.00039890","buyTxId":"5d7c07f258aec90ee5efe5adba05a8991c0b960f","sellTxId":"e51a3061106f702cf3780c972ada60acdb62d677"}
{"index": {"_index":"spt","_id":"2479032"}}
	{"id":2479032,"type":"buy","buyer":"twentyfourseven","seller":"brofi-market","symbol":"SPT","quantity":"0.020146","price":"0.00268998","timestamp":1641479508,"volume":"0.00005419","buyTxId":"fd7f8849466cbafd603731feaf300f5945620ec9","sellTxId":"fad5c8cbbde3f6b4868c6ebe42f75439b012e9b0"}
{"index": {"_index":"spt","_id":"2479033"}}
	{"id":2479033,"type":"buy","buyer":"twentyfourseven","seller":"dhedge-drips","symbol":"SPT","quantity":"0.001889","price":"0.00268998","timestamp":1641479508,"volume":"0.00000508","buyTxId":"fd7f8849466cbafd603731feaf300f5945620ec9","sellTxId":"be7750062e31b77cfd9eda7f5c351c056622e6aa"}
{"index": {"_index":"spt","_id":"2479034"}}
	{"id":2479034,"type":"buy","buyer":"twentyfourseven","seller":"laundrywoman","symbol":"SPT","quantity":"4749.977965","price":"0.00268998","timestamp":1641479508,"volume":"12.77734573","buyTxId":"fd7f8849466cbafd603731feaf300f5945620ec9","sellTxId":"adb40846c65c7c4823fa04a993cd18b813855d3c"}
{"index": {"_index":"spt","_id":"2479076"}}
	{"id":2479076,"type":"buy","buyer":"twentyfourseven","seller":"laundrywoman","symbol":"SPT","quantity":"8500.000000","price":"0.00268998","timestamp":1641479886,"volume":"22.86483000","buyTxId":"98813aeceafbe3cb1118a50369ba04e82ae32118","sellTxId":"adb40846c65c7c4823fa04a993cd18b813855d3c"}
{"index": {"_index":"spt","_id":"2479151"}}
	{"id":2479151,"type":"sell","buyer":"granddaddies","seller":"liuke96player","symbol":"SPT","quantity":"353.000000","price":"0.00220001","timestamp":1641480354,"volume":"0.77660353","buyTxId":"5a991b94239e928f7f80bd9891c11561bb864422","sellTxId":"08f2b70f6cf54002afbb6b8a5e16fc4b42ca5786"}
{"index": {"_index":"spt","_id":"2479758"}}
	{"id":2479758,"type":"sell","buyer":"granddaddies","seller":"brofi-market","symbol":"SPT","quantity":"0.277098","price":"0.00222001","timestamp":1641485523,"volume":"0.00061516","buyTxId":"ace01ab0f5eee02a12365923d4f9c37ecfa41f93","sellTxId":"32949bdca1f417a52a8509766a4da2cfcb6814e2"}
{"index": {"_index":"spt","_id":"2479767"}}
	{"id":2479767,"type":"sell","buyer":"granddaddies","seller":"kennysgaminglife","symbol":"SPT","quantity":"71.604148","price":"0.00222001","timestamp":1641485583,"volume":"0.15896192","buyTxId":"ace01ab0f5eee02a12365923d4f9c37ecfa41f93","sellTxId":"8651c1bf3b7607d51aa899512c4955b8287beef6"}
{"index": {"_index":"spt","_id":"2479849"}}
	{"id":2479849,"type":"sell","buyer":"granddaddies","seller":"freeztag","symbol":"SPT","quantity":"2245.675795","price":"0.00222001","timestamp":1641486405,"volume":"4.98542272","buyTxId":"ace01ab0f5eee02a12365923d4f9c37ecfa41f93","sellTxId":"6d394aae51c674b5875af5e399653e14e24b9134"}
{"index": {"_index":"spt","_id":"2479934"}}
	{"id":2479934,"type":"sell","buyer":"granddaddies","seller":"dbroze","symbol":"SPT","quantity":"1261.825552","price":"0.00222001","timestamp":1641487257,"volume":"2.80126534","buyTxId":"ace01ab0f5eee02a12365923d4f9c37ecfa41f93","sellTxId":"674a4088040289158e60edd5184ac7ea99434b45"}
{"index": {"_index":"spt","_id":"2479989"}}
	{"id":2479989,"type":"sell","buyer":"granddaddies","seller":"rocknrolldm","symbol":"SPT","quantity":"16.931934","price":"0.00222001","timestamp":1641487713,"volume":"0.03758906","buyTxId":"ace01ab0f5eee02a12365923d4f9c37ecfa41f93","sellTxId":"c6910f50075d7ba857b760185456b7d00c1e3916"}
{"index": {"_index":"spt","_id":"2480016"}}
	{"id":2480016,"type":"sell","buyer":"granddaddies","seller":"rocknrolldm","symbol":"SPT","quantity":"649.714368","price":"0.00222001","timestamp":1641487869,"volume":"1.44237239","buyTxId":"ace01ab0f5eee02a12365923d4f9c37ecfa41f93","sellTxId":"b5a661b7079f480be8f5e583848bf844e0053cdc"}
{"index": {"_index":"spt","_id":"2480387"}}
	{"id":2480387,"type":"sell","buyer":"granddaddies","seller":"gabrielr29","symbol":"SPT","quantity":"110.197176","price":"0.00217001","timestamp":1641491073,"volume":"0.23912897","buyTxId":"ca699c810afecfdf41e7835cabc2ec54287d177d","sellTxId":"72de981183c0c1cc61cc26a4563236990d311675"}
{"index": {"_index":"spt","_id":"2480522"}}
	{"id":2480522,"type":"buy","buyer":"balbaabart","seller":"laundrywoman","symbol":"SPT","quantity":"100.000000","price":"0.00268998","timestamp":1641492150,"volume":"0.26899800","buyTxId":"2a99ae25a8a3d12d982406af7ba28b498f1c87be","sellTxId":"adb40846c65c7c4823fa04a993cd18b813855d3c"}
{"index": {"_index":"spt","_id":"2480654"}}
	{"id":2480654,"type":"sell","buyer":"granddaddies","seller":"scholaris","symbol":"SPT","quantity":"1423.154066","price":"0.00217001","timestamp":1641493284,"volume":"3.08825855","buyTxId":"ca699c810afecfdf41e7835cabc2ec54287d177d","sellTxId":"5916ea86f5c632dcdb1ecbdf3fcf2fbd0ef95b03"}
{"index": {"_index":"spt","_id":"2480799"}}
	{"id":2480799,"type":"sell","buyer":"granddaddies","seller":"dhedge-drips","symbol":"SPT","quantity":"0.025977","price":"0.00217001","timestamp":1641494757,"volume":"0.00005637","buyTxId":"ca699c810afecfdf41e7835cabc2ec54287d177d","sellTxId":"a83130143577cff3025c973977ed4ec37bd74d4a"}
{"index": {"_index":"spt","_id":"2480851"}}
	{"id":2480851,"type":"sell","buyer":"granddaddies","seller":"themarkymark","symbol":"SPT","quantity":"30.659000","price":"0.00217001","timestamp":1641495258,"volume":"0.06653034","buyTxId":"ca699c810afecfdf41e7835cabc2ec54287d177d","sellTxId":"7324e4f782ddae3c36ef0818db652322c511fa45"}
{"index": {"_index":"spt","_id":"2480868"}}
	{"id":2480868,"type":"buy","buyer":"jongolson","seller":"laundrywoman","symbol":"SPT","quantity":"1000.000000","price":"0.00268998","timestamp":1641495552,"volume":"2.68998000","buyTxId":"7ca463e4d59cd5e5466f61206e707bd7282314e6","sellTxId":"adb40846c65c7c4823fa04a993cd18b813855d3c"}
{"index": {"_index":"spt","_id":"2480898"}}
	{"id":2480898,"type":"sell","buyer":"granddaddies","seller":"decepticons","symbol":"SPT","quantity":"1087.000000","price":"0.00217001","timestamp":1641495852,"volume":"2.35880087","buyTxId":"ca699c810afecfdf41e7835cabc2ec54287d177d","sellTxId":"3b76b30fec8ad6dee83d767ec57a5d684c97e8ce"}
{"index": {"_index":"spt","_id":"2480994"}}
	{"id":2480994,"type":"sell","buyer":"granddaddies","seller":"catomoon","symbol":"SPT","quantity":"1.680973","price":"0.00217001","timestamp":1641496629,"volume":"0.00364773","buyTxId":"ca699c810afecfdf41e7835cabc2ec54287d177d","sellTxId":"b4d20dbde66bdbd1635d691229e5f7e58db850df"}
{"index": {"_index":"spt","_id":"2481048"}}
	{"id":2481048,"type":"sell","buyer":"granddaddies","seller":"onealfa.leo","symbol":"SPT","quantity":"63.069711","price":"0.00217001","timestamp":1641497193,"volume":"0.13686190","buyTxId":"ca699c810afecfdf41e7835cabc2ec54287d177d","sellTxId":"2f16a627b21257d8890aa6747a6c7ea0c3a8b062"}
{"index": {"_index":"spt","_id":"2481106"}}
	{"id":2481106,"type":"sell","buyer":"granddaddies","seller":"nrg","symbol":"SPT","quantity":"1.105032","price":"0.00217001","timestamp":1641497673,"volume":"0.00239793","buyTxId":"ca699c810afecfdf41e7835cabc2ec54287d177d","sellTxId":"aa9afca9e3231e68c340b34d23a6478356597522-10"}
{"index": {"_index":"spt","_id":"2481130"}}
	{"id":2481130,"type":"sell","buyer":"granddaddies","seller":"eturnerx","symbol":"SPT","quantity":"0.630","price":"0.00217001","timestamp":1641497970,"volume":"0.00136711","buyTxId":"ca699c810afecfdf41e7835cabc2ec54287d177d","sellTxId":"e8a46a86dadda274ba309b0602f6a342374acda0"}
{"index": {"_index":"spt","_id":"2481325"}}
	{"id":2481325,"type":"sell","buyer":"granddaddies","seller":"manclar","symbol":"SPT","quantity":"64.675521","price":"0.00217001","timestamp":1641499554,"volume":"0.14034653","buyTxId":"ca699c810afecfdf41e7835cabc2ec54287d177d","sellTxId":"814be76d2c6833ab80abeb06348071864f07d650"}
{"index": {"_index":"spt","_id":"2481338"}}
	{"id":2481338,"type":"sell","buyer":"granddaddies","seller":"brofi-market","symbol":"SPT","quantity":"0.679939","price":"0.00217001","timestamp":1641499830,"volume":"0.00147547","buyTxId":"ca699c810afecfdf41e7835cabc2ec54287d177d","sellTxId":"8dd570abe129259106c1ed8cd402f862d13a52ec"}
{"index": {"_index":"spt","_id":"2481386"}}
	{"id":2481386,"type":"sell","buyer":"granddaddies","seller":"mba2020","symbol":"SPT","quantity":"33.392224","price":"0.00217001","timestamp":1641500166,"volume":"0.07246146","buyTxId":"ca699c810afecfdf41e7835cabc2ec54287d177d","sellTxId":"5b25df822aa6a6b7a8ec0d4359e48e42263ab722"}
{"index": {"_index":"spt","_id":"2481437"}}
	{"id":2481437,"type":"buy","buyer":"backinblackdevil","seller":"laundrywoman","symbol":"SPT","quantity":"300.000000","price":"0.00268998","timestamp":1641500658,"volume":"0.80699400","buyTxId":"c715551b426273864f3226113b8bfc6f10e07885","sellTxId":"adb40846c65c7c4823fa04a993cd18b813855d3c"}
{"index": {"_index":"spt","_id":"2481854"}}
	{"id":2481854,"type":"sell","buyer":"granddaddies","seller":"walkingkeys","symbol":"SPT","quantity":"416.740999","price":"0.00220001","timestamp":1641505725,"volume":"0.91683437","buyTxId":"79c36c3dba2caa3b06e90b0acdca85c1f939845b","sellTxId":"1a4feabbada18ab191da7a25a9888563cfebfe3d"}
{"index": {"_index":"spt","_id":"2481859"}}
	{"id":2481859,"type":"sell","buyer":"granddaddies","seller":"blind-spot","symbol":"SPT","quantity":"450.000000","price":"0.00220001","timestamp":1641505812,"volume":"0.99000450","buyTxId":"79c36c3dba2caa3b06e90b0acdca85c1f939845b","sellTxId":"999c2666a33b3fd0c2c19a3fa19c28736197b33b"}
{"index": {"_index":"spt","_id":"2481929"}}
	{"id":2481929,"type":"buy","buyer":"signumpizza","seller":"laundrywoman","symbol":"SPT","quantity":"18026.000000","price":"0.00268998","timestamp":1641506679,"volume":"48.48957948","buyTxId":"ff4f6308490a3d2c8f1973ec0ebb88b2f22c0f39","sellTxId":"adb40846c65c7c4823fa04a993cd18b813855d3c"}
{"index": {"_index":"spt","_id":"2482005"}}
	{"id":2482005,"type":"sell","buyer":"granddaddies","seller":"freeztag","symbol":"SPT","quantity":"122.492449","price":"0.00220001","timestamp":1641507675,"volume":"0.26948461","buyTxId":"79c36c3dba2caa3b06e90b0acdca85c1f939845b","sellTxId":"f87fa4d22ba62c36f1f0f65e4af008f6fff12cd3"}
{"index": {"_index":"spt","_id":"2482192"}}
	{"id":2482192,"type":"buy","buyer":"reppilc","seller":"ugochill","symbol":"SPT","quantity":"18.249907","price":"0.00260000","timestamp":1641509700,"volume":"0.04744976","buyTxId":"a59538591e5a811a5297dc41a061efb3d2f93499","sellTxId":"f6fdf064b278e75cb0d5908e5e1e50dcb4116af1"}
{"index": {"_index":"spt","_id":"2482201"}}
	{"id":2482201,"type":"sell","buyer":"reppilc","seller":"andy-plays","symbol":"SPT","quantity":"56.000000","price":"0.00260000","timestamp":1641509763,"volume":"0.14560000","buyTxId":"a59538591e5a811a5297dc41a061efb3d2f93499","sellTxId":"7476ff98eeaafd35b60e16d0deda9b15b576872a"}
{"index": {"_index":"spt","_id":"2482212"}}
	{"id":2482212,"type":"buy","buyer":"reppilc","seller":"laundrywoman","symbol":"SPT","quantity":"604.818712","price":"0.00268998","timestamp":1641509964,"volume":"1.62695024","buyTxId":"c2bd7d6f3833b6fe3d445f562a9f142dd9a5f8a3","sellTxId":"adb40846c65c7c4823fa04a993cd18b813855d3c"}
{"index": {"_index":"spt","_id":"2482381"}}
	{"id":2482381,"type":"buy","buyer":"panthera68","seller":"laundrywoman","symbol":"SPT","quantity":"429.000000","price":"0.00268998","timestamp":1641511857,"volume":"1.15400142","buyTxId":"84ae028e98580e2f8c426cbc819b3a3dffcebe69","sellTxId":"adb40846c65c7c4823fa04a993cd18b813855d3c"}
{"index": {"_index":"spt","_id":"2482556"}}
	{"id":2482556,"type":"sell","buyer":"granddaddies","seller":"sharkthelion","symbol":"SPT","quantity":"155.922236","price":"0.00220001","timestamp":1641514077,"volume":"0.34303048","buyTxId":"79c36c3dba2caa3b06e90b0acdca85c1f939845b","sellTxId":"62734fdb41f569c338c9a73f573f2834f71c2cf3"}
{"index": {"_index":"spt","_id":"2482610"}}
	{"id":2482610,"type":"sell","buyer":"granddaddies","seller":"brofi-market","symbol":"SPT","quantity":"4.426993","price":"0.00220001","timestamp":1641514410,"volume":"0.00973943","buyTxId":"79c36c3dba2caa3b06e90b0acdca85c1f939845b","sellTxId":"2ead54455eb5984df3a180b87b14d64fe7786a35"}
{"index": {"_index":"spt","_id":"2482685"}}
	{"id":2482685,"type":"buy","buyer":"thewycher","seller":"laundrywoman","symbol":"SPT","quantity":"12.640392","price":"0.00268979","timestamp":1641514953,"volume":"0.034","buyTxId":"d9e94cca6f0514683618d3a750e03d41fc6a594c","sellTxId":"ae4096bb9e9f35a033556e760e1cfd302ac777b1"}
{"index": {"_index":"spt","_id":"2482763"}}
	{"id":2482763,"type":"sell","buyer":"granddaddies","seller":"magnacarta","symbol":"SPT","quantity":"0.202","price":"0.00221001","timestamp":1641515730,"volume":"0.00044642","buyTxId":"1ab31c715a1adf1e6ba6621be2de97b2b8bc3ac7","sellTxId":"ec9b4ea62e813eef4adaa47c66bd65982ddd23b9"}
{"index": {"_index":"spt","_id":"2482810"}}
	{"id":2482810,"type":"sell","buyer":"granddaddies","seller":"chireerocks","symbol":"SPT","quantity":"34.228634","price":"0.00221001","timestamp":1641516057,"volume":"0.07564562","buyTxId":"1ab31c715a1adf1e6ba6621be2de97b2b8bc3ac7","sellTxId":"66f5b8005f7b0fc0f55b6396b897981e9677edd0"}
{"index": {"_index":"spt","_id":"2482816"}}
	{"id":2482816,"type":"buy","buyer":"dswap","seller":"laundrywoman","symbol":"SPT","quantity":"322.239706","price":"0.00268979","timestamp":1641516114,"volume":"0.86675714","buyTxId":"0cbf0396153f6014424064775768f464bea41b1f","sellTxId":"ae4096bb9e9f35a033556e760e1cfd302ac777b1"}
{"index": {"_index":"spt","_id":"2482858"}}
	{"id":2482858,"type":"sell","buyer":"granddaddies","seller":"dhedge-drips","symbol":"SPT","quantity":"0.063744","price":"0.00221001","timestamp":1641516516,"volume":"0.00014087","buyTxId":"1ab31c715a1adf1e6ba6621be2de97b2b8bc3ac7","sellTxId":"cd9eb41575dfd864f91ec5e499d7ffdf387e9c88"}
{"index": {"_index":"spt","_id":"2483102"}}
	{"id":2483102,"type":"sell","buyer":"granddaddies","seller":"themarkymark","symbol":"SPT","quantity":"47.516000","price":"0.00221001","timestamp":1641520533,"volume":"0.10501084","buyTxId":"1ab31c715a1adf1e6ba6621be2de97b2b8bc3ac7","sellTxId":"56bfb64ff1098cd82fedf2bbc70ba4ba352d3b4a"}
{"index": {"_index":"spt","_id":"2483135"}}
	{"id":2483135,"type":"buy","buyer":"chireerocks","seller":"laundrywoman","symbol":"SPT","quantity":"722.000000","price":"0.00268979","timestamp":1641521007,"volume":"1.94202838","buyTxId":"d016e045df5ba897d67292c484e3a1b05087d2a3","sellTxId":"ae4096bb9e9f35a033556e760e1cfd302ac777b1"}
{"index": {"_index":"spt","_id":"2483379"}}
	{"id":2483379,"type":"sell","buyer":"vip","seller":"dswap","symbol":"SPT","quantity":"200","price":"0.00231000","timestamp":1641524835,"volume":"0.46200000","buyTxId":"eb960eae7e6709f189f9a758f6231564d6f408d7","sellTxId":"80d9744abc27d82bf91a8ef484b41150b2aefea0"}
{"index": {"_index":"spt","_id":"2483406"}}
	{"id":2483406,"type":"buy","buyer":"captainquack22","seller":"laundrywoman","symbol":"SPT","quantity":"550.247239","price":"0.00268970","timestamp":1641525507,"volume":"1.48","buyTxId":"908fb4433e143ec5b574cd1e48211c60e98a469a","sellTxId":"b045df0e3b777315577738ac4a8f54f1573fa2b0"}
