{"index": {"_index":"spt","_id":"4115934"}}
	{"id":4115934,"type":"sell","buyer":"multifurcate","seller":"drax","symbol":"SPT","quantity":"200","price":"0.00162022","timestamp":1660271835,"volume":"0.32404400","buyTxId":"07fa643f5bdb256842a76d6b4d4a2d446ab3a6de","sellTxId":"6f16b69cf613fffcffb4c3cb91fbfb82a91ebb3a"}
{"index": {"_index":"spt","_id":"4115970"}}
	{"id":4115970,"type":"sell","buyer":"multifurcate","seller":"bitcoinflood","symbol":"SPT","quantity":"102.496023","price":"0.00162022","timestamp":1660272282,"volume":"0.16606611","buyTxId":"07fa643f5bdb256842a76d6b4d4a2d446ab3a6de","sellTxId":"c80841bd7321d643b414861861b91a1a7078801a"}
{"index": {"_index":"spt","_id":"4116168"}}
	{"id":4116168,"type":"sell","buyer":"multifurcate","seller":"durlan","symbol":"SPT","quantity":"3.958189","price":"0.00162022","timestamp":1660274163,"volume":"0.00641314","buyTxId":"07fa643f5bdb256842a76d6b4d4a2d446ab3a6de","sellTxId":"fa53abe1c51fd5b97bd987c6dea578df86c7d3a2"}
{"index": {"_index":"spt","_id":"4116576"}}
	{"id":4116576,"type":"sell","buyer":"pjansen","seller":"walkingkeys","symbol":"SPT","quantity":"455.264733","price":"0.00163033","timestamp":1660282182,"volume":"0.74223175","buyTxId":"355cafb2d9c4118f808976a3aef5867c89d34746","sellTxId":"c57913ba4b3a5da8eccc96fdd6c0921a3a7136a1"}
{"index": {"_index":"spt","_id":"4116792"}}
	{"id":4116792,"type":"sell","buyer":"multifurcate","seller":"noblebright","symbol":"SPT","quantity":"3.406471","price":"0.00162527","timestamp":1660286205,"volume":"0.00553644","buyTxId":"63e0e1d3106e56745ee4c465645643cd1073c975","sellTxId":"1720dae2608281e6e55b5faabf84ab0629c718ca"}
{"index": {"_index":"spt","_id":"4116946"}}
	{"id":4116946,"type":"buy","buyer":"pjansen","seller":"tjnew14","symbol":"SPT","quantity":"0.626215","price":"0.00163033","timestamp":1660288026,"volume":"0.00102094","buyTxId":"cc75258880574b163795f95ee63a10e823fd01bc","sellTxId":"18185c66e0c49f03228b331ce1d054c09ce62e72"}
{"index": {"_index":"spt","_id":"4117031"}}
	{"id":4117031,"type":"sell","buyer":"pjansen","seller":"tanzil2024","symbol":"SPT","quantity":"3947.792950","price":"0.00161922","timestamp":1660289403,"volume":"6.39234530","buyTxId":"8b9a800be04589040873cb6003dd6ea3d2f3b5f8","sellTxId":"db04da355f8e9f89dd9d6afff525900ebf66a9dd"}
{"index": {"_index":"spt","_id":"4117179"}}
	{"id":4117179,"type":"sell","buyer":"pjansen","seller":"tobias-g","symbol":"SPT","quantity":"73.762339","price":"0.00163740","timestamp":1660291977,"volume":"0.12077845","buyTxId":"9bbe6f2a2f2e223517a53ccdc39ca185735005c8","sellTxId":"264b3924992a6dea480c0e110fc8af99074b0591"}
{"index": {"_index":"spt","_id":"4117410"}}
	{"id":4117410,"type":"sell","buyer":"pjansen","seller":"themarkymark","symbol":"SPT","quantity":"9.099251","price":"0.00161922","timestamp":1660295661,"volume":"0.01473369","buyTxId":"d5538b0d49ddba001af72f698b96b589f2ecede3","sellTxId":"d8c558dbf84011a868cb69304f7210f93e5c913f"}
{"index": {"_index":"spt","_id":"4117558"}}
	{"id":4117558,"type":"sell","buyer":"pjansen","seller":"mightyrocklee","symbol":"SPT","quantity":"1002.315973","price":"0.00162831","timestamp":1660297482,"volume":"1.63208112","buyTxId":"d4ee2a4173a7f56d8c982349b3ecd785b21b113f","sellTxId":"a3246c767b9dead15f8fd55906b88725c8477361"}
{"index": {"_index":"spt","_id":"4117644"}}
	{"id":4117644,"type":"sell","buyer":"pjansen","seller":"lipe100dedos","symbol":"SPT","quantity":"86.000697","price":"0.00163639","timestamp":1660299063,"volume":"0.14073068","buyTxId":"87052d3ec20b10f6fc531f355d166c8c63959897","sellTxId":"031b7e84b557179115130f16b1264fce6564355d"}
{"index": {"_index":"spt","_id":"4117727"}}
	{"id":4117727,"type":"sell","buyer":"multifurcate","seller":"underlock","symbol":"SPT","quantity":"2516.707968","price":"0.00164345","timestamp":1660300269,"volume":"4.13608371","buyTxId":"b55e7b42d924834b39e1b3b0bd447646158fbb71","sellTxId":"0deb85326260b5227ba5c72d9595a8eef4faadae"}
{"index": {"_index":"spt","_id":"4117735"}}
	{"id":4117735,"type":"sell","buyer":"multifurcate","seller":"khazrakh","symbol":"SPT","quantity":"189.985782","price":"0.00164345","timestamp":1660300353,"volume":"0.31223213","buyTxId":"b55e7b42d924834b39e1b3b0bd447646158fbb71","sellTxId":"13c23b53bb0522e99888fcaf5375923082138ced"}
{"index": {"_index":"spt","_id":"4117888"}}
	{"id":4117888,"type":"sell","buyer":"pjansen","seller":"eijibr","symbol":"SPT","quantity":"2196.357505","price":"0.00161821","timestamp":1660303029,"volume":"3.55416768","buyTxId":"c4475b1e334dc9c86677bfc439692cbfdf6c9a62","sellTxId":"3dedd3e58dd200c6ef2a944a1bdede56fa4e43fb"}
{"index": {"_index":"spt","_id":"4117918"}}
	{"id":4117918,"type":"buy","buyer":"druidsblood","seller":"abcor","symbol":"SPT","quantity":"1389.993609","price":"0.00170000","timestamp":1660303497,"volume":"2.36298914","buyTxId":"60a9a43e65281916a4feefe0770b9b02da09c03d","sellTxId":"2329305b1a4e5d802e018b4476042399ba506e84"}
{"index": {"_index":"spt","_id":"4117919"}}
	{"id":4117919,"type":"buy","buyer":"druidsblood","seller":"agglutinogenic","symbol":"SPT","quantity":"12151.006391","price":"0.00188470","timestamp":1660303497,"volume":"22.90100175","buyTxId":"60a9a43e65281916a4feefe0770b9b02da09c03d","sellTxId":"47bb549508eb8b0a14f3f0b789131dcc53450f04"}
{"index": {"_index":"spt","_id":"4118062"}}
	{"id":4118062,"type":"sell","buyer":"elkingplayer","seller":"steemstreems","symbol":"SPT","quantity":"0.077498","price":"0.00161315","timestamp":1660306326,"volume":"0.00012502","buyTxId":"db30476758ac6442484dc5fa0ddb9fdbb885bd7e","sellTxId":"9a8152a1b59d5e72835bb396914067c982cc9863"}
{"index": {"_index":"spt","_id":"4118380"}}
	{"id":4118380,"type":"sell","buyer":"elkingplayer","seller":"captainquack22","symbol":"SPT","quantity":"81","price":"0.00161315","timestamp":1660311930,"volume":"0.13066515","buyTxId":"db30476758ac6442484dc5fa0ddb9fdbb885bd7e","sellTxId":"183b64b845c26dcd4eaee474705ae854832b0c36"}
{"index": {"_index":"spt","_id":"4118468"}}
	{"id":4118468,"type":"sell","buyer":"elkingplayer","seller":"hawks21","symbol":"SPT","quantity":"272.719586","price":"0.00161315","timestamp":1660313415,"volume":"0.43993760","buyTxId":"db30476758ac6442484dc5fa0ddb9fdbb885bd7e","sellTxId":"b99376a80d24b2c8d2ec4d4c2cceb41bdb24dd05"}
{"index": {"_index":"spt","_id":"4118469"}}
	{"id":4118469,"type":"sell","buyer":"multifurcate","seller":"hawks21","symbol":"SPT","quantity":"3006.029628","price":"0.00160100","timestamp":1660313415,"volume":"4.81265343","buyTxId":"86dc5393d81576c75c6942bdc54cbccb72e598f9","sellTxId":"b99376a80d24b2c8d2ec4d4c2cceb41bdb24dd05"}
{"index": {"_index":"spt","_id":"4118519"}}
	{"id":4118519,"type":"sell","buyer":"multifurcate","seller":"alexko-steemit","symbol":"SPT","quantity":"2.271000","price":"0.00160100","timestamp":1660314303,"volume":"0.00363587","buyTxId":"1a48b6cafdb21a2fe0d78c22028262f6f4974075","sellTxId":"82a6a19ae5958c8e5d68a3b66ba1b036e2df501a"}
{"index": {"_index":"spt","_id":"4118585"}}
	{"id":4118585,"type":"sell","buyer":"multifurcate","seller":"lisamgentile1961","symbol":"SPT","quantity":"0.529568","price":"0.00160100","timestamp":1660315233,"volume":"0.00084784","buyTxId":"1a48b6cafdb21a2fe0d78c22028262f6f4974075","sellTxId":"1329d1c5d6c1e8af2ae95d2339346359cb18c4ad"}
{"index": {"_index":"spt","_id":"4118888"}}
	{"id":4118888,"type":"sell","buyer":"multifurcate","seller":"cwow2","symbol":"SPT","quantity":"2.511404","price":"0.00160100","timestamp":1660319631,"volume":"0.00402076","buyTxId":"04df9a9f1757a1f962250c39e16c41bf74cd6c89","sellTxId":"f1a493acb8a49b88f7fbd22d76682e525eeccb0d"}
{"index": {"_index":"spt","_id":"4118951"}}
	{"id":4118951,"type":"sell","buyer":"multifurcate","seller":"lrekt01","symbol":"SPT","quantity":"1.002353","price":"0.00160100","timestamp":1660320006,"volume":"0.00160477","buyTxId":"04df9a9f1757a1f962250c39e16c41bf74cd6c89","sellTxId":"f91a05da2c6bc8979d798cacc095e760aafd301b"}
{"index": {"_index":"spt","_id":"4118995"}}
	{"id":4118995,"type":"sell","buyer":"multifurcate","seller":"catomoon","symbol":"SPT","quantity":"4.406242","price":"0.00160100","timestamp":1660320276,"volume":"0.00705439","buyTxId":"04df9a9f1757a1f962250c39e16c41bf74cd6c89","sellTxId":"cb5ab7bc089abb6663c64cda9e0280fc082e9604"}
{"index": {"_index":"spt","_id":"4119036"}}
	{"id":4119036,"type":"sell","buyer":"multifurcate","seller":"dswap","symbol":"SPT","quantity":"159.978267","price":"0.00160100","timestamp":1660320642,"volume":"0.25612521","buyTxId":"04df9a9f1757a1f962250c39e16c41bf74cd6c89","sellTxId":"a261f314a629a54ebdc8b183ca3070c2d561700c"}
{"index": {"_index":"spt","_id":"4119047"}}
	{"id":4119047,"type":"buy","buyer":"timmy-turnip","seller":"agglutinogenic","symbol":"SPT","quantity":"429.878949","price":"0.00179900","timestamp":1660320774,"volume":"0.77335223","buyTxId":"d967c8d0e312c51840eecbcdb2608f5c1a761dfd","sellTxId":"e206dd599fa6a705b57d9a724f73fa6a209f1bf3"}
{"index": {"_index":"spt","_id":"4119320"}}
	{"id":4119320,"type":"sell","buyer":"multifurcate","seller":"steemmatt","symbol":"SPT","quantity":"657.382809","price":"0.00160100","timestamp":1660324029,"volume":"1.05246988","buyTxId":"04df9a9f1757a1f962250c39e16c41bf74cd6c89","sellTxId":"674874fff49e65c81e7ff85c225ac1bee513e472"}
{"index": {"_index":"spt","_id":"4119660"}}
	{"id":4119660,"type":"sell","buyer":"multifurcate","seller":"crazyphantombr","symbol":"SPT","quantity":"3992.657293","price":"0.00160100","timestamp":1660330320,"volume":"6.39224433","buyTxId":"622884292da70e4a8381fbfdd2ee2c7313ccae4b","sellTxId":"6aa647685e4735a430a78cee203dcc173b8912ca"}
{"index": {"_index":"spt","_id":"4120503"}}
	{"id":4120503,"type":"sell","buyer":"pjansen","seller":"catotenor","symbol":"SPT","quantity":"5.237039","price":"0.00160404","timestamp":1660341153,"volume":"0.00840042","buyTxId":"284b1420a49db4d52a6030c72b62b564085a9f9c","sellTxId":"3bc61e015febc363c4b840d2042272b4c3b1dd57"}
{"index": {"_index":"spt","_id":"4121038"}}
	{"id":4121038,"type":"sell","buyer":"pjansen","seller":"bitcoinflood","symbol":"SPT","quantity":"3142.062733","price":"0.00160101","timestamp":1660348602,"volume":"5.03047386","buyTxId":"309829bc438b2c0bf253679922b60935037c28ba","sellTxId":"451d13d094675233895296f66183f3d0e3053db9"}
{"index": {"_index":"spt","_id":"4121154"}}
	{"id":4121154,"type":"sell","buyer":"pjansen","seller":"captainquack22","symbol":"SPT","quantity":"42","price":"0.00160101","timestamp":1660350060,"volume":"0.06724242","buyTxId":"5161b2f72d6c1c091a004912ac8ada482536213e","sellTxId":"12084083d0f73d62bb5050c6fb7eaf757d8bb1a6"}
{"index": {"_index":"spt","_id":"4121425"}}
	{"id":4121425,"type":"sell","buyer":"multifurcate","seller":"noblebright","symbol":"SPT","quantity":"0.310905","price":"0.00160201","timestamp":1660352874,"volume":"0.00049807","buyTxId":"5767af3c78a3abbc4c1cd8a8422c599a0732ec2d","sellTxId":"525ec7413ace9ed73adcf060802e02acb0bedabb"}
{"index": {"_index":"spt","_id":"4121654"}}
	{"id":4121654,"type":"sell","buyer":"pjansen","seller":"bitcoinflood","symbol":"SPT","quantity":"95.060633","price":"0.00160303","timestamp":1660355418,"volume":"0.15238505","buyTxId":"eedf9caac4355c062cf74c3330250bd6ebfa98c6","sellTxId":"836b6fc4cb5e5fc46f33e4581959f4625e891fe5"}
{"index": {"_index":"spt","_id":"4121705"}}
	{"id":4121705,"type":"sell","buyer":"pjansen","seller":"mvmbarcelona","symbol":"SPT","quantity":"90.138801","price":"0.00160001","timestamp":1660356183,"volume":"0.14422298","buyTxId":"2da64424f4512aa8e368d2c8f2bb90feb3690098","sellTxId":"ef452258173b8cc191b3f58f059f887a63c8cfe3"}
{"index": {"_index":"spt","_id":"4121762"}}
	{"id":4121762,"type":"sell","buyer":"pjansen","seller":"valor2s","symbol":"SPT","quantity":"4.798513","price":"0.00160001","timestamp":1660356870,"volume":"0.00767767","buyTxId":"2da64424f4512aa8e368d2c8f2bb90feb3690098","sellTxId":"9d303602c5a77870d1536fe9be47cdee025a22f0"}
