{"index": {"_index":"spt","_id":"3760311"}}
	{"id":3760311,"type":"sell","buyer":"multifurcate","seller":"queenstarr","symbol":"SPT","quantity":"4494.411179","price":"0.00219600","timestamp":1656036840,"volume":"9.86972695","buyTxId":"565eb6b46d629adb418cab52e7f99005f524768e","sellTxId":"7de1104a087de538c4c1aa0498c2f17134ca85a7"}
{"index": {"_index":"spt","_id":"3760813"}}
	{"id":3760813,"type":"sell","buyer":"multifurcate","seller":"valor2s","symbol":"SPT","quantity":"2.400725","price":"0.00219600","timestamp":1656042972,"volume":"0.00527199","buyTxId":"565eb6b46d629adb418cab52e7f99005f524768e","sellTxId":"981785d972a534bdc063c03960722ccff3513d47"}
{"index": {"_index":"spt","_id":"3760991"}}
	{"id":3760991,"type":"sell","buyer":"multifurcate","seller":"bitcoinflood","symbol":"SPT","quantity":"57.851036","price":"0.00219600","timestamp":1656044430,"volume":"0.12704088","buyTxId":"565eb6b46d629adb418cab52e7f99005f524768e","sellTxId":"8f7eacdc574283e9ab62121d1a676c3af760327f"}
{"index": {"_index":"spt","_id":"3761594"}}
	{"id":3761594,"type":"sell","buyer":"multifurcate","seller":"lipe100dedos","symbol":"SPT","quantity":"56.840279","price":"0.00219600","timestamp":1656055728,"volume":"0.12482125","buyTxId":"bcbc44e4c7f7f9df8ee7951e0cc053b35a991b3c","sellTxId":"f4b65be6ebb12a6de8444f4c26f5eeff68962aa2"}
{"index": {"_index":"spt","_id":"3761986"}}
	{"id":3761986,"type":"sell","buyer":"multifurcate","seller":"untzuntzuntz","symbol":"SPT","quantity":"3.984763","price":"0.00219600","timestamp":1656060396,"volume":"0.00875054","buyTxId":"bcbc44e4c7f7f9df8ee7951e0cc053b35a991b3c","sellTxId":"f3cc02b0898dc4765b55ac8ca7743502783e901d"}
{"index": {"_index":"spt","_id":"3762077"}}
	{"id":3762077,"type":"sell","buyer":"multifurcate","seller":"pjansen","symbol":"SPT","quantity":"7410.11975","price":"0.00219600","timestamp":1656061380,"volume":"16.27262297","buyTxId":"bcbc44e4c7f7f9df8ee7951e0cc053b35a991b3c","sellTxId":"0982f5cfe53d58eca07ed2b51c9cb656cbf19ffa"}
{"index": {"_index":"spt","_id":"3762086"}}
	{"id":3762086,"type":"sell","buyer":"multifurcate","seller":"pjansen","symbol":"SPT","quantity":"2427.364924","price":"0.00219600","timestamp":1656061428,"volume":"5.33049337","buyTxId":"bcbc44e4c7f7f9df8ee7951e0cc053b35a991b3c","sellTxId":"254a35c901f64013bb01bbdc91a6ed1c5303a031"}
{"index": {"_index":"spt","_id":"3762920"}}
	{"id":3762920,"type":"buy","buyer":"dbooster","seller":"onlydoge","symbol":"SPT","quantity":"500.000000","price":"0.00237000","timestamp":1656073206,"volume":"1.18500000","buyTxId":"9badbac4aa53ad752407c968369bb6b8a7972a6a","sellTxId":"bb5a203c6b2fdd7c811bea15dfc5a983d8230942"}
{"index": {"_index":"spt","_id":"3763640"}}
	{"id":3763640,"type":"buy","buyer":"he-index","seller":"onlydoge","symbol":"SPT","quantity":"23.207000","price":"0.00237000","timestamp":1656081738,"volume":"0.05500059","buyTxId":"34e9a7b2f02099e4b46647d5fa5c2031268f1ff0","sellTxId":"bb5a203c6b2fdd7c811bea15dfc5a983d8230942"}
{"index": {"_index":"spt","_id":"3763726"}}
	{"id":3763726,"type":"sell","buyer":"multifurcate","seller":"robibasa","symbol":"SPT","quantity":"7.541995","price":"0.00219600","timestamp":1656082557,"volume":"0.01656222","buyTxId":"aead1051c21d020ac6537f5097687a8a33f7e0b6","sellTxId":"91152acadef99679a699ed754613e4cd1c23e0cd"}
{"index": {"_index":"spt","_id":"3764116"}}
	{"id":3764116,"type":"buy","buyer":"druidsblood","seller":"onlydoge","symbol":"SPT","quantity":"484.841674","price":"0.00237000","timestamp":1656085884,"volume":"1.14907477","buyTxId":"a063d53d0184d0a059eb1088f8a245764008083d","sellTxId":"bb5a203c6b2fdd7c811bea15dfc5a983d8230942"}
{"index": {"_index":"spt","_id":"3764117"}}
	{"id":3764117,"type":"buy","buyer":"druidsblood","seller":"greengineer","symbol":"SPT","quantity":"2240.520218","price":"0.00237890","timestamp":1656085884,"volume":"5.32997355","buyTxId":"a063d53d0184d0a059eb1088f8a245764008083d","sellTxId":"ae442ede9e5cd0a2de05855e6bc3f6bcccffe598"}
{"index": {"_index":"spt","_id":"3764118"}}
	{"id":3764118,"type":"buy","buyer":"druidsblood","seller":"master-lamps","symbol":"SPT","quantity":"1.465753","price":"0.00238890","timestamp":1656085884,"volume":"0.00350154","buyTxId":"a063d53d0184d0a059eb1088f8a245764008083d","sellTxId":"76c948f519b8ed28c8c5325e3d6b1ae00e0d6531"}
{"index": {"_index":"spt","_id":"3764119"}}
	{"id":3764119,"type":"buy","buyer":"druidsblood","seller":"uyobong","symbol":"SPT","quantity":"347.075008","price":"0.00239999","timestamp":1656085884,"volume":"0.83297655","buyTxId":"a063d53d0184d0a059eb1088f8a245764008083d","sellTxId":"d66ccf230bd8fad577362bcc82d2de04ab933ce9"}
{"index": {"_index":"spt","_id":"3764120"}}
	{"id":3764120,"type":"buy","buyer":"druidsblood","seller":"saachi","symbol":"SPT","quantity":"67.000000","price":"0.00240000","timestamp":1656085884,"volume":"0.16080000","buyTxId":"a063d53d0184d0a059eb1088f8a245764008083d","sellTxId":"1a643a74461678339a5a4e2b3f4a03e234be93cb"}
{"index": {"_index":"spt","_id":"3764121"}}
	{"id":3764121,"type":"buy","buyer":"druidsblood","seller":"underlock","symbol":"SPT","quantity":"315.918745","price":"0.00241882","timestamp":1656085884,"volume":"0.76415058","buyTxId":"a063d53d0184d0a059eb1088f8a245764008083d","sellTxId":"3a1ce8b9256fcec6a51cc8a4307d364e5c21d63b"}
{"index": {"_index":"spt","_id":"3764122"}}
	{"id":3764122,"type":"buy","buyer":"druidsblood","seller":"underlock","symbol":"SPT","quantity":"998.000000","price":"0.00241888","timestamp":1656085884,"volume":"2.41404224","buyTxId":"a063d53d0184d0a059eb1088f8a245764008083d","sellTxId":"e3516203c8091029bfa02c80d0ee2a330c313750"}
{"index": {"_index":"spt","_id":"3764123"}}
	{"id":3764123,"type":"buy","buyer":"druidsblood","seller":"underlock","symbol":"SPT","quantity":"998.000000","price":"0.00241895","timestamp":1656085884,"volume":"2.41411210","buyTxId":"a063d53d0184d0a059eb1088f8a245764008083d","sellTxId":"f30df75fb0df19c0ae39e26a239c63b87077cccf"}
{"index": {"_index":"spt","_id":"3764124"}}
	{"id":3764124,"type":"buy","buyer":"druidsblood","seller":"thranax","symbol":"SPT","quantity":"400.000000","price":"0.00242800","timestamp":1656085884,"volume":"0.97120000","buyTxId":"a063d53d0184d0a059eb1088f8a245764008083d","sellTxId":"e6ee25c075378cd99599f56263ec9fe8b5268cbb"}
{"index": {"_index":"spt","_id":"3764125"}}
	{"id":3764125,"type":"buy","buyer":"druidsblood","seller":"agglutinogenic","symbol":"SPT","quantity":"1145.178602","price":"0.00246600","timestamp":1656085884,"volume":"2.82401043","buyTxId":"a063d53d0184d0a059eb1088f8a245764008083d","sellTxId":"f646950c964f8169163b23b419b3b9d10fbbf802"}
{"index": {"_index":"spt","_id":"3764128"}}
	{"id":3764128,"type":"sell","buyer":"multifurcate","seller":"mightyrocklee","symbol":"SPT","quantity":"553.119111","price":"0.00219600","timestamp":1656085932,"volume":"1.21464957","buyTxId":"aead1051c21d020ac6537f5097687a8a33f7e0b6","sellTxId":"66caad86e42dad46d6219b2cd07dbd644520d74a"}
{"index": {"_index":"spt","_id":"3764218"}}
	{"id":3764218,"type":"sell","buyer":"multifurcate","seller":"steemmonsterking","symbol":"SPT","quantity":"5023.413373","price":"0.00219710","timestamp":1656086712,"volume":"11.03694152","buyTxId":"992e098ffe8574b3612d2a85bdfa4aa78824080a","sellTxId":"f98c344a1aeaa8c83ac67c508d73a86b2f87ca06"}
{"index": {"_index":"spt","_id":"3764552"}}
	{"id":3764552,"type":"buy","buyer":"wine-cellar","seller":"agglutinogenic","symbol":"SPT","quantity":"1000.000000","price":"0.00246600","timestamp":1656089547,"volume":"2.46600000","buyTxId":"d9042519bb2c83328268eea725c9a712c52f40e1","sellTxId":"444a3c88c6f875371cda33e4389dcbdd0fdcd66b"}
{"index": {"_index":"spt","_id":"3764562"}}
	{"id":3764562,"type":"buy","buyer":"wine-cellar","seller":"agglutinogenic","symbol":"SPT","quantity":"2000.000000","price":"0.00246600","timestamp":1656089598,"volume":"4.93200000","buyTxId":"82eca471a3fb2480e1f16b3833783c4bd3228f28","sellTxId":"444a3c88c6f875371cda33e4389dcbdd0fdcd66b"}
{"index": {"_index":"spt","_id":"3764689"}}
	{"id":3764689,"type":"sell","buyer":"multifurcate","seller":"pjansen","symbol":"SPT","quantity":"634.099786","price":"0.00220100","timestamp":1656091110,"volume":"1.39565363","buyTxId":"8dc679e511917f82c3ffd8fdaad285c6fc7d7aae","sellTxId":"ba0f6191a60f96a0f3d6bda8dabc9b1cb8e1acdb"}
{"index": {"_index":"spt","_id":"3764937"}}
	{"id":3764937,"type":"sell","buyer":"multifurcate","seller":"mrstar","symbol":"SPT","quantity":"1329.297109","price":"0.00221100","timestamp":1656093162,"volume":"2.93907591","buyTxId":"271f8bda66c850e0527efde1dbe5ce86f5e68d54","sellTxId":"ac847ee6afed219a6fbe36200ba837fa15018726"}
{"index": {"_index":"spt","_id":"3765072"}}
	{"id":3765072,"type":"sell","buyer":"multifurcate","seller":"hadley4","symbol":"SPT","quantity":"2443.912476","price":"0.00221100","timestamp":1656094614,"volume":"5.40349048","buyTxId":"271f8bda66c850e0527efde1dbe5ce86f5e68d54","sellTxId":"2d46d378a4b7a74587ba6a63708efc999a4a8e0a"}
{"index": {"_index":"spt","_id":"3765079"}}
	{"id":3765079,"type":"sell","buyer":"multifurcate","seller":"captainquack22","symbol":"SPT","quantity":"233","price":"0.00221100","timestamp":1656094632,"volume":"0.51516300","buyTxId":"271f8bda66c850e0527efde1dbe5ce86f5e68d54","sellTxId":"95a8ead57a85d6859a5295d5cf4eb80b93c8ffd8"}
{"index": {"_index":"spt","_id":"3765132"}}
	{"id":3765132,"type":"buy","buyer":"fnvdesigns","seller":"agglutinogenic","symbol":"SPT","quantity":"89.440320","price":"0.00246600","timestamp":1656095547,"volume":"0.22055983","buyTxId":"b5665e25f81ba5576932e0ab501a31d0be7bf7c0","sellTxId":"444a3c88c6f875371cda33e4389dcbdd0fdcd66b"}
{"index": {"_index":"spt","_id":"3765225"}}
	{"id":3765225,"type":"sell","buyer":"multifurcate","seller":"teteuzinho","symbol":"SPT","quantity":"39.180738","price":"0.00222100","timestamp":1656096864,"volume":"0.08702042","buyTxId":"b5c310e033c0e6ac8c153361b6f0c1e40b11e105","sellTxId":"d7988ba2c2211cdf5f9325a29f5c5a0599a8aa10"}
{"index": {"_index":"spt","_id":"3765444"}}
	{"id":3765444,"type":"sell","buyer":"multifurcate","seller":"pjansen","symbol":"SPT","quantity":"604.582452","price":"0.00222100","timestamp":1656098979,"volume":"1.34277763","buyTxId":"b5c310e033c0e6ac8c153361b6f0c1e40b11e105","sellTxId":"51c5ab0fd0ca62a6f75a2ca8fbcdca7ab544b972"}
{"index": {"_index":"spt","_id":"3765585"}}
	{"id":3765585,"type":"sell","buyer":"multifurcate","seller":"thranax","symbol":"SPT","quantity":"92.461895","price":"0.00223100","timestamp":1656100485,"volume":"0.20628249","buyTxId":"f609c7cafa9992df5cd6195121434fd84a7eb5c0","sellTxId":"b1185264f45e7f1e119cd43a7aa3b27b081e0c87"}
{"index": {"_index":"spt","_id":"3765678"}}
	{"id":3765678,"type":"sell","buyer":"multifurcate","seller":"lipe100dedos","symbol":"SPT","quantity":"326.485216","price":"0.00223100","timestamp":1656101913,"volume":"0.72838852","buyTxId":"f609c7cafa9992df5cd6195121434fd84a7eb5c0","sellTxId":"6cecba7ab26d58fb1d2ae8ae8fef05c45b3f7e1a"}
{"index": {"_index":"spt","_id":"3765928"}}
	{"id":3765928,"type":"buy","buyer":"schlees","seller":"agglutinogenic","symbol":"SPT","quantity":"10000.000000","price":"0.00244900","timestamp":1656106575,"volume":"24.49000000","buyTxId":"f2f78d74b6b765b18f17d64c55094989d62b616e","sellTxId":"fc95391891b98aa3c59dd6547d621db929daa650"}
{"index": {"_index":"spt","_id":"3765980"}}
	{"id":3765980,"type":"sell","buyer":"multifurcate","seller":"schlooster","symbol":"SPT","quantity":"10420.322216","price":"0.00224100","timestamp":1656107337,"volume":"23.35194209","buyTxId":"e044dea435b2f293aa0947aa027b1b966618cdf3","sellTxId":"b433785f57cabdb49f78fabf7db006ead76a4540"}
{"index": {"_index":"spt","_id":"3766020"}}
	{"id":3766020,"type":"sell","buyer":"multifurcate","seller":"catomoon","symbol":"SPT","quantity":"3.382315","price":"0.00224100","timestamp":1656107967,"volume":"0.00757977","buyTxId":"e044dea435b2f293aa0947aa027b1b966618cdf3","sellTxId":"3636364db17eb29dc49a7462298ad8cbe740aefa"}
{"index": {"_index":"spt","_id":"3766606"}}
	{"id":3766606,"type":"sell","buyer":"onlydoge","seller":"alexandrzombi","symbol":"SPT","quantity":"0.502899","price":"0.00226000","timestamp":1656113736,"volume":"0.00113655","buyTxId":"29fd217f23e66ff7c8a5e4e6e67216d47f495ff1","sellTxId":"9aeb1bb822f3e35eac500f8a301fbd414062ca5b"}
{"index": {"_index":"spt","_id":"3766624"}}
	{"id":3766624,"type":"sell","buyer":"onlydoge","seller":"mawit07","symbol":"SPT","quantity":"767.799256","price":"0.00226000","timestamp":1656113982,"volume":"1.73522632","buyTxId":"29fd217f23e66ff7c8a5e4e6e67216d47f495ff1","sellTxId":"40c1ba234448d033c02de1ff8133a67274b2bc89"}
{"index": {"_index":"spt","_id":"3766784"}}
	{"id":3766784,"type":"buy","buyer":"thahodler","seller":"onlydoge","symbol":"SPT","quantity":"520.278688","price":"0.00244000","timestamp":1656116028,"volume":"1.26948000","buyTxId":"c55bf2efa7401ec8ba71ddbacedb9a6177834e8f","sellTxId":"83834f7a8380834b9cc27ed14bb3d2e4cc7798ce"}
{"index": {"_index":"spt","_id":"3766834"}}
	{"id":3766834,"type":"buy","buyer":"dr3am03","seller":"onlydoge","symbol":"SPT","quantity":"248.023467","price":"0.00244000","timestamp":1656116517,"volume":"0.60517726","buyTxId":"70578f3f83d842d1bd4763e68a1559e132455ad1","sellTxId":"83834f7a8380834b9cc27ed14bb3d2e4cc7798ce"}
{"index": {"_index":"spt","_id":"3766835"}}
	{"id":3766835,"type":"buy","buyer":"dr3am03","seller":"agglutinogenic","symbol":"SPT","quantity":"176.153483","price":"0.00244900","timestamp":1656116517,"volume":"0.43139988","buyTxId":"70578f3f83d842d1bd4763e68a1559e132455ad1","sellTxId":"9ba2b3240cf75713eea287dc78c85076054baa88"}
{"index": {"_index":"spt","_id":"3766853"}}
	{"id":3766853,"type":"sell","buyer":"multifurcate","seller":"dr3am03","symbol":"SPT","quantity":"212.17695","price":"0.00226100","timestamp":1656116817,"volume":"0.47973208","buyTxId":"a1e88fbd71d01f48628fec209641003cf6cf1449","sellTxId":"3fb5c883dd27379576a56723c2d1a5033b9f4f75"}
{"index": {"_index":"spt","_id":"3766884"}}
	{"id":3766884,"type":"sell","buyer":"onlydoge","seller":"micsch","symbol":"SPT","quantity":"50.143285","price":"0.00227000","timestamp":1656117462,"volume":"0.11382526","buyTxId":"549b268582bf410959aec9e0e1f3acfdd74d2c7f","sellTxId":"aaf80e4f6a9d6e345f29ea43cd9ccb305da79832"}
{"index": {"_index":"spt","_id":"3766954"}}
	{"id":3766954,"type":"sell","buyer":"onlydoge","seller":"dubble.eth","symbol":"SPT","quantity":"194.224522","price":"0.00227000","timestamp":1656118416,"volume":"0.44088966","buyTxId":"549b268582bf410959aec9e0e1f3acfdd74d2c7f","sellTxId":"d108144bd115f8c97d021b4acaa6dce71800e4d9"}
{"index": {"_index":"spt","_id":"3767188"}}
	{"id":3767188,"type":"sell","buyer":"multifurcate","seller":"durlan","symbol":"SPT","quantity":"2455.428365","price":"0.00220100","timestamp":1656121374,"volume":"5.40439783","buyTxId":"2c8f6e5597160564a5488ccf280a23f0c33043b9","sellTxId":"a6f73034ee5253b8198b9fd427f878740331e719"}
{"index": {"_index":"spt","_id":"3767239"}}
	{"id":3767239,"type":"sell","buyer":"multifurcate","seller":"bitcoinflood","symbol":"SPT","quantity":"73.100272","price":"0.00220100","timestamp":1656122382,"volume":"0.16089370","buyTxId":"2c8f6e5597160564a5488ccf280a23f0c33043b9","sellTxId":"67df8adaa0ba4a90433452946e839ced467d03d4"}
