{"index": {"_index":"spt","_id":"2152002"}}
	{"id":2152002,"type":"sell","buyer":"pi-trader","seller":"cryptomancer","symbol":"SPT","quantity":"8000.000000","price":"0.00278007","timestamp":1638330891,"volume":"22.24056000","buyTxId":"514b1de828e258e9c41c4de4c9ecf8a3c708c512-1","sellTxId":"38231526b783d9424de1f7ba8eafddc8f5315329"}
{"index": {"_index":"spt","_id":"2152003"}}
	{"id":2152003,"type":"sell","buyer":"belhaven14","seller":"cryptomancer","symbol":"SPT","quantity":"4000.000000","price":"0.00278000","timestamp":1638330891,"volume":"11.12000000","buyTxId":"31b9e227ebc1f5c3bd62776bf8810540e16e74cb","sellTxId":"38231526b783d9424de1f7ba8eafddc8f5315329"}
{"index": {"_index":"spt","_id":"2152004"}}
	{"id":2152004,"type":"sell","buyer":"thebugiq","seller":"cryptomancer","symbol":"SPT","quantity":"1383.910895","price":"0.00277000","timestamp":1638330891,"volume":"3.83343318","buyTxId":"58d187dd69ce9d28f5e9414d44c0c5d354c3e2c0","sellTxId":"38231526b783d9424de1f7ba8eafddc8f5315329"}
{"index": {"_index":"spt","_id":"2152007"}}
	{"id":2152007,"type":"buy","buyer":"granddaddies","seller":"cryptomancer","symbol":"SPT","quantity":"36616.089105","price":"0.00277000","timestamp":1638330939,"volume":"101.42656682","buyTxId":"fb863f1f60cecb5451cff4bcd60cc8dea34e1984","sellTxId":"38231526b783d9424de1f7ba8eafddc8f5315329"}
{"index": {"_index":"spt","_id":"2152112"}}
	{"id":2152112,"type":"sell","buyer":"pi-trader","seller":"brofi-market","symbol":"SPT","quantity":"0.052486","price":"0.00210013","timestamp":1638332034,"volume":"0.00011023","buyTxId":"ca268b62b00b293ea2e4b510de253ddd7cdc624d-3","sellTxId":"b024780f771947681e0707af969932970f48bf5c"}
{"index": {"_index":"spt","_id":"2152147"}}
	{"id":2152147,"type":"sell","buyer":"granddaddies","seller":"mspbro","symbol":"SPT","quantity":"150.258560","price":"0.00210006","timestamp":1638332859,"volume":"0.31555199","buyTxId":"361e12da02b053cebe6f74488dc867f8ae77fefd","sellTxId":"b2e99e64cf69a0b58889db13664b83baf87f0380"}
{"index": {"_index":"spt","_id":"2152156"}}
	{"id":2152156,"type":"sell","buyer":"pi-trader","seller":"magnacarta","symbol":"SPT","quantity":"0.035","price":"0.00210009","timestamp":1638333006,"volume":"0.00007350","buyTxId":"f65056c927f6aa554f48915d3f2ac23eec005ed5-1","sellTxId":"97ee64f4fe0d5ca530e4bded434a1575c8327b6c"}
{"index": {"_index":"spt","_id":"2152609"}}
	{"id":2152609,"type":"sell","buyer":"pi-trader","seller":"dhedge-drips","symbol":"SPT","quantity":"0.004920","price":"0.00210007","timestamp":1638341196,"volume":"0.00001033","buyTxId":"b00d912d5a0c50f6604e5e61425d5a7ddbb36043-7","sellTxId":"76ebb5a748bcf35ee9745449124596fcb6660cda"}
{"index": {"_index":"spt","_id":"2152623"}}
	{"id":2152623,"type":"sell","buyer":"pi-trader","seller":"dubble.eth","symbol":"SPT","quantity":"4.398821","price":"0.00210009","timestamp":1638341259,"volume":"0.00923792","buyTxId":"b7a7be3f6b6b0a74ec4de38a4ad707aca2aaa141-5","sellTxId":"b6c1f4ecb0941596fc833032664cbc835dbf9374"}
{"index": {"_index":"spt","_id":"2152824"}}
	{"id":2152824,"type":"sell","buyer":"granddaddies","seller":"chekohler","symbol":"SPT","quantity":"0.153258","price":"0.00210004","timestamp":1638344823,"volume":"0.00032185","buyTxId":"a8c48a9e3725f147569b281e3c57d596424dff50","sellTxId":"0016fab8cb4b2ef0aa7f1f39963c3c32bb40f768"}
{"index": {"_index":"spt","_id":"2152841"}}
	{"id":2152841,"type":"buy","buyer":"granddaddies","seller":"ahmetay","symbol":"SPT","quantity":"0.000059","price":"0.00210011","timestamp":1638345156,"volume":"0.00000012","buyTxId":"31e6fb66ae4da10b0fc4ae1b55a87ea8ec6c9807","sellTxId":"cb86c1d92bdd499fe74b50e58eb181fc6cfed09b"}
{"index": {"_index":"spt","_id":"2152842"}}
	{"id":2152842,"type":"buy","buyer":"arkasz","seller":"laundrywoman","symbol":"SPT","quantity":"10000.000000","price":"0.00294999","timestamp":1638345183,"volume":"29.49990000","buyTxId":"cf6112ddeb76617e011e7a2e6ae3ab908a5ccbef","sellTxId":"c1cc068f6c0c308fe92b716960b0ecebd78974ce"}
{"index": {"_index":"spt","_id":"2152868"}}
	{"id":2152868,"type":"sell","buyer":"pi-trader","seller":"eforucom","symbol":"SPT","quantity":"25.749908","price":"0.00220001","timestamp":1638345573,"volume":"0.05665006","buyTxId":"ae11af7f7499f88f2db35208b1a4d339d9f418ae-6","sellTxId":"7d2244bd6630e0d5e009032d5d203ec7b36029dd"}
{"index": {"_index":"spt","_id":"2152909"}}
	{"id":2152909,"type":"sell","buyer":"pi-trader","seller":"brofi-market","symbol":"SPT","quantity":"0.137384","price":"0.00250001","timestamp":1638346218,"volume":"0.00034346","buyTxId":"d45a9a23b48da624ac72941903d2d5d4d908b195-3","sellTxId":"460f7fbb0a86a00ae778033d0648661e6edf96f6"}
{"index": {"_index":"spt","_id":"2152919"}}
	{"id":2152919,"type":"buy","buyer":"catotenor","seller":"laundrywoman","symbol":"SPT","quantity":"92.000000","price":"0.00294999","timestamp":1638346263,"volume":"0.27139908","buyTxId":"ec94239b68a2aeab85fa271759887a14eb1bbc0d","sellTxId":"c1cc068f6c0c308fe92b716960b0ecebd78974ce"}
{"index": {"_index":"spt","_id":"2152950"}}
	{"id":2152950,"type":"buy","buyer":"dswap","seller":"laundrywoman","symbol":"SPT","quantity":"1598.675473","price":"0.00294999","timestamp":1638346629,"volume":"4.71607666","buyTxId":"b24e9ca172292478ea1c2865f3723e8d6c59301c","sellTxId":"c1cc068f6c0c308fe92b716960b0ecebd78974ce"}
{"index": {"_index":"spt","_id":"2152967"}}
	{"id":2152967,"type":"sell","buyer":"pi-trader","seller":"dswap","symbol":"SPT","quantity":"1598.675473","price":"0.00210003","timestamp":1638346947,"volume":"3.35726645","buyTxId":"2da9952a6f1998720260dcfe7e46c68327cf0ded-1","sellTxId":"3007a63826c1537aa2a0f25f6acc0466f7ce199c"}
{"index": {"_index":"spt","_id":"2153068"}}
	{"id":2153068,"type":"sell","buyer":"granddaddies","seller":"chireerocks","symbol":"SPT","quantity":"313.253251","price":"0.00210008","timestamp":1638348294,"volume":"0.65785689","buyTxId":"2c39cbdd02815ba93d43cb03dd8966bb7806480c","sellTxId":"2d8755d39ecca2fb817c22e4abaf9d776eb52b44"}
{"index": {"_index":"spt","_id":"2153152"}}
	{"id":2153152,"type":"buy","buyer":"granddaddies","seller":"iceman23","symbol":"SPT","quantity":"37.059441","price":"0.00210007","timestamp":1638349605,"volume":"0.07782742","buyTxId":"68d04cf45eb70a63af4b78993da7797375da4dc4","sellTxId":"307667913ac0b7a6e5a68074bf9aaa32442e0300"}
{"index": {"_index":"spt","_id":"2153302"}}
	{"id":2153302,"type":"buy","buyer":"evomaster","seller":"laundrywoman","symbol":"SPT","quantity":"12000.000000","price":"0.00294999","timestamp":1638352116,"volume":"35.39988000","buyTxId":"93ae60eb1f5acf1177457ae1bc9b2731ac1e176b","sellTxId":"c1cc068f6c0c308fe92b716960b0ecebd78974ce"}
{"index": {"_index":"spt","_id":"2153363"}}
	{"id":2153363,"type":"buy","buyer":"almightymelon","seller":"brofi-market","symbol":"SPT","quantity":"0.052486","price":"0.00294999","timestamp":1638352743,"volume":"0.00015483","buyTxId":"67530c86750bfe108ca6c5485980260d785cb22d","sellTxId":"0ed543ce33db73f4356581cab0d0d83f1379171c"}
{"index": {"_index":"spt","_id":"2153364"}}
	{"id":2153364,"type":"buy","buyer":"almightymelon","seller":"dhedge-drips","symbol":"SPT","quantity":"0.004920","price":"0.00294999","timestamp":1638352743,"volume":"0.00001451","buyTxId":"67530c86750bfe108ca6c5485980260d785cb22d","sellTxId":"d00c103895f0b029dc790d91c64d8f126fa41cef"}
{"index": {"_index":"spt","_id":"2153365"}}
	{"id":2153365,"type":"buy","buyer":"almightymelon","seller":"brofi-market","symbol":"SPT","quantity":"0.137384","price":"0.00294999","timestamp":1638352743,"volume":"0.00040528","buyTxId":"67530c86750bfe108ca6c5485980260d785cb22d","sellTxId":"a6b544df53aea1c48db6ac6fbe1f7bd7cacb4159"}
{"index": {"_index":"spt","_id":"2153366"}}
	{"id":2153366,"type":"buy","buyer":"almightymelon","seller":"laundrywoman","symbol":"SPT","quantity":"3299.805210","price":"0.00294999","timestamp":1638352743,"volume":"9.73439237","buyTxId":"67530c86750bfe108ca6c5485980260d785cb22d","sellTxId":"e088bcc281c2ac056783a64e414bb05899fc9c7e"}
{"index": {"_index":"spt","_id":"2153433"}}
	{"id":2153433,"type":"sell","buyer":"pi-trader","seller":"empoderat","symbol":"SPT","quantity":"396.40841","price":"0.00210018","timestamp":1638353904,"volume":"0.83252901","buyTxId":"07fc9bdfd98e25e8818605f153340ddea432b65d-8","sellTxId":"f4091186590e533f846af3f4f342f296b314be6f"}
{"index": {"_index":"spt","_id":"2153447"}}
	{"id":2153447,"type":"sell","buyer":"pi-trader","seller":"fedesox","symbol":"SPT","quantity":"364.020000","price":"0.00210010","timestamp":1638354072,"volume":"0.76447840","buyTxId":"ec1cadf07a642203971bdd9c718ae5cc7aa771cf-5","sellTxId":"8129a5a57300bc438b1fccd85ca5be1036e3c310"}
{"index": {"_index":"spt","_id":"2153645"}}
	{"id":2153645,"type":"sell","buyer":"granddaddies","seller":"mightyrocklee","symbol":"SPT","quantity":"650.363610","price":"0.00210015","timestamp":1638356556,"volume":"1.36586114","buyTxId":"af8398c60ce670ee36940792be49777f1a464ffd","sellTxId":"75ca1d91424d4bbf144365eb94a1b1a37339c637"}
{"index": {"_index":"spt","_id":"2153892"}}
	{"id":2153892,"type":"sell","buyer":"pi-trader","seller":"brofi-market","symbol":"SPT","quantity":"0.146835","price":"0.00210012","timestamp":1638360801,"volume":"0.00030837","buyTxId":"72879b8879c50168a30aa4df6804b223169985c3-4","sellTxId":"ba0d690bf7e00d8883601c00511ff0d64623c371"}
{"index": {"_index":"spt","_id":"2154047"}}
	{"id":2154047,"type":"sell","buyer":"pi-trader","seller":"dhedge-drips","symbol":"SPT","quantity":"0.023496","price":"0.00210012","timestamp":1638362760,"volume":"0.00004934","buyTxId":"f72b5d32c87d7853a5412552f2a3b4e7ccfa940e-3","sellTxId":"cb4175f348524d80fbf68e9cf47fbdae774b61cc"}
{"index": {"_index":"spt","_id":"2154178"}}
	{"id":2154178,"type":"sell","buyer":"pi-trader","seller":"eforucom","symbol":"SPT","quantity":"10.354639","price":"0.00220001","timestamp":1638364842,"volume":"0.02278031","buyTxId":"9506eeeb3d0d6c42db5c32d042664e08ec9b2b7b-3","sellTxId":"6420fd1693f1b5babfbe6972a0af112fd07325fc"}
{"index": {"_index":"spt","_id":"2154215"}}
	{"id":2154215,"type":"sell","buyer":"pi-trader","seller":"dswap","symbol":"SPT","quantity":"665","price":"0.00220010","timestamp":1638365271,"volume":"1.46306650","buyTxId":"8c644a35d3fc49206d1ea60a4544c2d81018a933-3","sellTxId":"5c6914519868f745e63875282719aed0db7d7464"}
{"index": {"_index":"spt","_id":"2154328"}}
	{"id":2154328,"type":"buy","buyer":"granddaddies","seller":"vovan8","symbol":"SPT","quantity":"127.895628","price":"0.00220014","timestamp":1638366453,"volume":"0.28138829","buyTxId":"3a15d6785db21a9644f7709fb044afe1f6108768","sellTxId":"348fdf79aa72a1e1c2d63fa341e2c4afc0e56c92"}
{"index": {"_index":"spt","_id":"2154378"}}
	{"id":2154378,"type":"buy","buyer":"shebe","seller":"kojiri","symbol":"SPT","quantity":"197.497543","price":"0.00295000","timestamp":1638367341,"volume":"0.58261775","buyTxId":"85e62c5acf67d1a31b5ee0f086351f16e4d1f380","sellTxId":"6614734addb2ad4dcc58c058edfe8a50cda90e53"}
{"index": {"_index":"spt","_id":"2154379"}}
	{"id":2154379,"type":"buy","buyer":"shebe","seller":"saachi","symbol":"SPT","quantity":"472.971491","price":"0.00295000","timestamp":1638367341,"volume":"1.39526590","buyTxId":"85e62c5acf67d1a31b5ee0f086351f16e4d1f380","sellTxId":"c4224e5cd96897f9f14af401a486c9d35a43c860"}
{"index": {"_index":"spt","_id":"2154429"}}
	{"id":2154429,"type":"buy","buyer":"emibemi","seller":"saachi","symbol":"SPT","quantity":"2127.028509","price":"0.00295000","timestamp":1638368208,"volume":"6.27473410","buyTxId":"7e771abd45acc3355821646102e6280daaad03d1","sellTxId":"c4224e5cd96897f9f14af401a486c9d35a43c860"}
{"index": {"_index":"spt","_id":"2154430"}}
	{"id":2154430,"type":"buy","buyer":"emibemi","seller":"brofi-market","symbol":"SPT","quantity":"0.146835","price":"0.00295000","timestamp":1638368208,"volume":"0.00043316","buyTxId":"7e771abd45acc3355821646102e6280daaad03d1","sellTxId":"84593634e3fbef29e90e3d1a47d0b12e530505a2"}
{"index": {"_index":"spt","_id":"2154431"}}
	{"id":2154431,"type":"buy","buyer":"emibemi","seller":"dhedge-drips","symbol":"SPT","quantity":"0.023496","price":"0.00295000","timestamp":1638368208,"volume":"0.00006931","buyTxId":"7e771abd45acc3355821646102e6280daaad03d1","sellTxId":"02bead27257b4e3b9b3c097fda1ce030869e59ed"}
{"index": {"_index":"spt","_id":"2154432"}}
	{"id":2154432,"type":"buy","buyer":"emibemi","seller":"laundrywoman","symbol":"SPT","quantity":"47872.801160","price":"0.00299999","timestamp":1638368208,"volume":"143.61792475","buyTxId":"7e771abd45acc3355821646102e6280daaad03d1","sellTxId":"02ab557caa58fce59d193b67d7c57444fc1e2d06"}
{"index": {"_index":"spt","_id":"2154442"}}
	{"id":2154442,"type":"sell","buyer":"pi-trader","seller":"theclasser1","symbol":"SPT","quantity":"370.396067","price":"0.00220010","timestamp":1638368367,"volume":"0.81490839","buyTxId":"80f77eb848c66a5b0b2bf0aeeefda0475ce9d595-5","sellTxId":"37c925a3442dd44fc2aeccf43ccf3106eb1f5088"}
{"index": {"_index":"spt","_id":"2154529"}}
	{"id":2154529,"type":"buy","buyer":"grey580","seller":"karuna21","symbol":"SPT","quantity":"116.000000","price":"0.00299999","timestamp":1638369213,"volume":"0.34799884","buyTxId":"b116da1d8c83756b972ef8b47e5aa3f94aafe541","sellTxId":"0f2d5d0b37987272097e1ca4448c130dd164df61"}
{"index": {"_index":"spt","_id":"2154533"}}
	{"id":2154533,"type":"buy","buyer":"captainquack22","seller":"abh12345","symbol":"SPT","quantity":"109.951856","price":"0.00300000","timestamp":1638369234,"volume":"0.32985557","buyTxId":"d8d98802634a0c32c6b482349746d031090cf6e5","sellTxId":"8c40af3c92f553a9e6ff9368881e8704ff2837d5"}
{"index": {"_index":"spt","_id":"2154534"}}
	{"id":2154534,"type":"sell","buyer":"grey580","seller":"laundrywoman","symbol":"SPT","quantity":"4884.000000","price":"0.00299999","timestamp":1638369237,"volume":"14.65195116","buyTxId":"b116da1d8c83756b972ef8b47e5aa3f94aafe541","sellTxId":"667e75ffcbbb1790f0e32e029439e4bdfee2c05d"}
{"index": {"_index":"spt","_id":"2154638"}}
	{"id":2154638,"type":"sell","buyer":"pi-trader","seller":"dswap","symbol":"SPT","quantity":"743","price":"0.00240001","timestamp":1638370893,"volume":"1.78320743","buyTxId":"a046efeafeee29b8b919d5e67d7c0eb481251c4a-1","sellTxId":"2a8ad84726f1e7838c4c5b7176e6ed79df4725a6"}
{"index": {"_index":"spt","_id":"2154652"}}
	{"id":2154652,"type":"sell","buyer":"granddaddies","seller":"splinterbooster","symbol":"SPT","quantity":"838.624082","price":"0.00240003","timestamp":1638371001,"volume":"2.01272296","buyTxId":"f314a0fc7aec20f930666bcca52095bf502e21be","sellTxId":"969a75fbfcd4cbd41f8beb44e2d50a62a5af444d"}
{"index": {"_index":"spt","_id":"2154779"}}
	{"id":2154779,"type":"sell","buyer":"pi-trader","seller":"andy-plays","symbol":"SPT","quantity":"1.000000","price":"0.00240003","timestamp":1638372276,"volume":"0.00240003","buyTxId":"efbb89c9871435b70caff85ba57af28d7859858d-4","sellTxId":"da62e3929f1cf9cbec768c267dc0ab7ab3fe3c6c"}
{"index": {"_index":"spt","_id":"2154813"}}
	{"id":2154813,"type":"sell","buyer":"pi-trader","seller":"andy-plays","symbol":"SPT","quantity":"0.075525","price":"0.00240201","timestamp":1638372513,"volume":"0.00018141","buyTxId":"3cae73633518680b1d49294fc4294d00e1d5ec84-1","sellTxId":"f70cac21c86909d557dfe7480427c06da5df7a47"}
{"index": {"_index":"spt","_id":"2154864"}}
	{"id":2154864,"type":"sell","buyer":"granddaddies","seller":"pinbone","symbol":"SPT","quantity":"2.537353","price":"0.00240010","timestamp":1638373041,"volume":"0.00608990","buyTxId":"27b3a95a3458b5e1a8d44e79b9e16bd7d79b138f","sellTxId":"798876f0a8c4e60471edc0d2854bd2489e7c1eb4"}
{"index": {"_index":"spt","_id":"2154886"}}
	{"id":2154886,"type":"sell","buyer":"pi-trader","seller":"andy-plays","symbol":"SPT","quantity":"100.000000","price":"0.00240005","timestamp":1638373335,"volume":"0.24000500","buyTxId":"1dcea5a019efa03d4332c654fdfac586216352d7-1","sellTxId":"fb060adbaa2a69fc4974373a9be49f384d8251e3"}
{"index": {"_index":"spt","_id":"2154924"}}
	{"id":2154924,"type":"sell","buyer":"pi-trader","seller":"andy-plays","symbol":"SPT","quantity":"7.700000","price":"0.00241001","timestamp":1638373803,"volume":"0.01855708","buyTxId":"ccc010034816203f74bf98d8865975775ad45eee-1","sellTxId":"683bf5d72104e4ecd92da6c04b3ba6f6b6e74e63"}
{"index": {"_index":"spt","_id":"2154942"}}
	{"id":2154942,"type":"buy","buyer":"captainquack22","seller":"positive77","symbol":"SPT","quantity":"196.308724","price":"0.00298000","timestamp":1638374052,"volume":"0.585","buyTxId":"82eb2d6f5a7ae57738b9ade9d327712b8b37c807","sellTxId":"7ab81681790bb11d032dd72c8b87ad183f4ab2f1"}
{"index": {"_index":"spt","_id":"2154993"}}
	{"id":2154993,"type":"sell","buyer":"pi-trader","seller":"everrich","symbol":"SPT","quantity":"13.084144","price":"0.00241013","timestamp":1638374874,"volume":"0.03153449","buyTxId":"4724dece701f7626c8e3e714ec771906d6093fa3-1","sellTxId":"4f045bc6ab3178e63ffb5a70623329fb360d995f"}
{"index": {"_index":"spt","_id":"2155018"}}
	{"id":2155018,"type":"sell","buyer":"granddaddies","seller":"brofi-market","symbol":"SPT","quantity":"0.091162","price":"0.00241008","timestamp":1638375189,"volume":"0.00021971","buyTxId":"b2ac750f018b1a4d18ea9e9dfd3834914c0287b2","sellTxId":"aa40b254e4b5e8d10c8356e017faf7eabb251044"}
{"index": {"_index":"spt","_id":"2155186"}}
	{"id":2155186,"type":"buy","buyer":"udontknowm3","seller":"positive77","symbol":"SPT","quantity":"1.647248","price":"0.00298000","timestamp":1638377172,"volume":"0.0049088","buyTxId":"fb85b60df1439ac30370a0c92c9b9c92e2d40772","sellTxId":"7ab81681790bb11d032dd72c8b87ad183f4ab2f1"}
{"index": {"_index":"spt","_id":"2155271"}}
	{"id":2155271,"type":"sell","buyer":"pi-trader","seller":"eforucom","symbol":"SPT","quantity":"15.166938","price":"0.00241007","timestamp":1638377646,"volume":"0.03655338","buyTxId":"24f6b702d2d25f425a6629e69b5145bb19469bea-3","sellTxId":"3bae4a1384df772465b3c87f57770aa3c6a482c0"}
{"index": {"_index":"spt","_id":"2155293"}}
	{"id":2155293,"type":"sell","buyer":"pi-trader","seller":"he-index","symbol":"SPT","quantity":"0.005000","price":"0.00241009","timestamp":1638377769,"volume":"0.00001205","buyTxId":"405854587afdd5680f0f3b2e7fa7d0e604f2b334-5","sellTxId":"0e78c9486d8c732fb4ecfab1ad4e9a271a5b5a3d"}
{"index": {"_index":"spt","_id":"2155374"}}
	{"id":2155374,"type":"buy","buyer":"dracozauberer","seller":"laundrywoman","symbol":"SPT","quantity":"54.007728","price":"0.00297999","timestamp":1638378549,"volume":"0.16094249","buyTxId":"0cb7b0cb314d622f07f1312c3d119ab37f60a579","sellTxId":"e5344909624a43eec5f1fddd58bb7eab7db5612d"}
{"index": {"_index":"spt","_id":"2155398"}}
	{"id":2155398,"type":"sell","buyer":"pi-trader","seller":"dswap","symbol":"SPT","quantity":"4650","price":"0.00241001","timestamp":1638378864,"volume":"11.20654650","buyTxId":"1a3c48f5054cd1387cc1eb344da3d71fda256965-3","sellTxId":"71e710e578ea7c85467e294f297c0285523c841b"}
{"index": {"_index":"spt","_id":"2155527"}}
	{"id":2155527,"type":"sell","buyer":"pi-trader","seller":"ethereumcanada","symbol":"SPT","quantity":"179.760000","price":"0.00241016","timestamp":1638380166,"volume":"0.43325036","buyTxId":"aef53b311642962cb15a25924a5c54f9d619414b-2","sellTxId":"b9f13c72392184ad0d0117d4ca31aa44f0b46e4d"}
{"index": {"_index":"spt","_id":"2155607"}}
	{"id":2155607,"type":"buy","buyer":"granddaddies","seller":"dudeontheweb","symbol":"SPT","quantity":"102.256000","price":"0.00241018","timestamp":1638381312,"volume":"0.24645537","buyTxId":"fc81ed52698a688ab58f25183aaed306b31aaf9c","sellTxId":"158ef4ceeb02bc6379feac90c9a5a49fa9c1144a"}
{"index": {"_index":"spt","_id":"2155655"}}
	{"id":2155655,"type":"buy","buyer":"catomoon","seller":"laundrywoman","symbol":"SPT","quantity":"14.300000","price":"0.00294999","timestamp":1638381942,"volume":"0.04218486","buyTxId":"2591be058da6970e4fc1ace44d1f027773b8a248","sellTxId":"2d810f1e89643a200046126834be9ccf7eea5514"}
{"index": {"_index":"spt","_id":"2155885"}}
	{"id":2155885,"type":"sell","buyer":"granddaddies","seller":"dswap","symbol":"SPT","quantity":"0.672725","price":"0.00241019","timestamp":1638382896,"volume":"0.00162140","buyTxId":"336d62d5469a69b898392daa5368406c5abe5598","sellTxId":"89d3381b93c06ccb54931441ca71e10f2985305b"}
{"index": {"_index":"spt","_id":"2156022"}}
	{"id":2156022,"type":"buy","buyer":"granddaddies","seller":"dhedge-drips","symbol":"SPT","quantity":"0.008546","price":"0.00241016","timestamp":1638384372,"volume":"0.00002060","buyTxId":"b353f90f1fea164be6c44a8f4990300afa26ccb8","sellTxId":"ed8260edda74c9580335eb278adf7e60b4f32349"}
{"index": {"_index":"spt","_id":"2156070"}}
	{"id":2156070,"type":"buy","buyer":"jongolson","seller":"laundrywoman","symbol":"SPT","quantity":"1000.000000","price":"0.00294999","timestamp":1638384858,"volume":"2.94999000","buyTxId":"5aabd4f5d734f63694ae673f110ab3166d8ffef9","sellTxId":"2d810f1e89643a200046126834be9ccf7eea5514"}
{"index": {"_index":"spt","_id":"2156082"}}
	{"id":2156082,"type":"sell","buyer":"pi-trader","seller":"abcor","symbol":"SPT","quantity":"1224.993614","price":"0.00241016","timestamp":1638384966,"volume":"2.95243061","buyTxId":"fa0ddef1a9a8deac3cf446b5916cf46da883669f-4","sellTxId":"2c8573c7f751dd349cfb62b4665f4acb34cafdfa"}
{"index": {"_index":"spt","_id":"2156123"}}
	{"id":2156123,"type":"sell","buyer":"pi-trader","seller":"rbriyad2","symbol":"SPT","quantity":"375.405197","price":"0.00241020","timestamp":1638385638,"volume":"0.90480161","buyTxId":"b4a00d3fd8d4f489e5c2e15e532ed9df4a4d9774-1","sellTxId":"2477202db2ac1e786a2a6bd65d05541df2d6f509"}
{"index": {"_index":"spt","_id":"2156159"}}
	{"id":2156159,"type":"sell","buyer":"pi-trader","seller":"hiveexplorers","symbol":"SPT","quantity":"1736.887966","price":"0.00241022","timestamp":1638386169,"volume":"4.18628211","buyTxId":"d1a0d8d763eb54d4496fb0d8f402e3ed84ec1c67-4","sellTxId":"8c971abb6c6fa4d3f46b0fa4e54c02596f60fa5c"}
{"index": {"_index":"spt","_id":"2156256"}}
	{"id":2156256,"type":"sell","buyer":"pi-trader","seller":"cryptopie","symbol":"SPT","quantity":"27.566579","price":"0.00241012","timestamp":1638388212,"volume":"0.06643876","buyTxId":"78968b7bf6fbf57799c91d769f7f11f0c90999d8-3","sellTxId":"f45484811848c8f37cba545142de998c3fac65a0"}
{"index": {"_index":"spt","_id":"2156293"}}
	{"id":2156293,"type":"sell","buyer":"pi-trader","seller":"knightsunited","symbol":"SPT","quantity":"1991.873126","price":"0.00241016","timestamp":1638388962,"volume":"4.80073293","buyTxId":"e91f781ae43ec5c21852b04592db3617d7944842-1","sellTxId":"1399f827c2ee41e144a4cd0a7bef195937383907"}
{"index": {"_index":"spt","_id":"2156335"}}
	{"id":2156335,"type":"sell","buyer":"granddaddies","seller":"brofi-market","symbol":"SPT","quantity":"0.188765","price":"0.00241017","timestamp":1638389577,"volume":"0.00045496","buyTxId":"3e964cb919d64674133f56c0b0e60ca582dab576","sellTxId":"f9fff84761a8e9ea2f29223b109b173c2f8a08d2"}
{"index": {"_index":"spt","_id":"2156508"}}
	{"id":2156508,"type":"sell","buyer":"pi-trader","seller":"livia28","symbol":"SPT","quantity":"787.920273","price":"0.00241016","timestamp":1638391458,"volume":"1.89901393","buyTxId":"b932e67b1d1f2c6f6eb5421274945fd6b15ce704-1","sellTxId":"dc0d65d61d6359eb931f0d671b67346a63f0e720"}
{"index": {"_index":"spt","_id":"2156543"}}
	{"id":2156543,"type":"buy","buyer":"aliento","seller":"laundrywoman","symbol":"SPT","quantity":"1000.000000","price":"0.00291999","timestamp":1638391980,"volume":"2.91999000","buyTxId":"2c275634c29a4eec29c7f207aa29aed3bfed51ab","sellTxId":"659e7140f360553bde529444a030fe7cf00baa07"}
{"index": {"_index":"spt","_id":"2156667"}}
	{"id":2156667,"type":"sell","buyer":"granddaddies","seller":"chekohler","symbol":"SPT","quantity":"0.032718","price":"0.00241011","timestamp":1638393270,"volume":"0.00007885","buyTxId":"d5cbe9929a3eb8a38abf934acab5a73bbe8e9ac4","sellTxId":"b5e8739fe1a27c7163e258de0a8b95430d30fc9a"}
{"index": {"_index":"spt","_id":"2156768"}}
	{"id":2156768,"type":"buy","buyer":"brizahd","seller":"laundrywoman","symbol":"SPT","quantity":"169.271300","price":"0.00291999","timestamp":1638394872,"volume":"0.49427050","buyTxId":"c731c6eef4fd2e41827624665b3b0caccfaf9a98","sellTxId":"659e7140f360553bde529444a030fe7cf00baa07"}
{"index": {"_index":"spt","_id":"2156819"}}
	{"id":2156819,"type":"sell","buyer":"granddaddies","seller":"egistar","symbol":"SPT","quantity":"100","price":"0.00241019","timestamp":1638395643,"volume":"0.24101900","buyTxId":"887b575aef7c01e0e0cdc3c1e23b19ad7eb3903f","sellTxId":"008b782d2d77a0428acf9a22dcbc6de2f1f2a4d1"}
{"index": {"_index":"spt","_id":"2156821"}}
	{"id":2156821,"type":"sell","buyer":"granddaddies","seller":"egistar","symbol":"SPT","quantity":"100","price":"0.00241019","timestamp":1638395667,"volume":"0.24101900","buyTxId":"887b575aef7c01e0e0cdc3c1e23b19ad7eb3903f","sellTxId":"a8ee242ca1fac31b4234460103ee9d6bc088923c"}
{"index": {"_index":"spt","_id":"2156965"}}
	{"id":2156965,"type":"sell","buyer":"pi-trader","seller":"hiveexplorers","symbol":"SPT","quantity":"122.106177","price":"0.00241012","timestamp":1638397362,"volume":"0.29429054","buyTxId":"65d926ab1276cdcee2337709c597a5c2472357ea-3","sellTxId":"2e01b2063761ed010cd746f244c2074a5be905f5"}
{"index": {"_index":"spt","_id":"2157015"}}
	{"id":2157015,"type":"sell","buyer":"pi-trader","seller":"cryptolytical","symbol":"SPT","quantity":"344.833366","price":"0.00241016","timestamp":1638398121,"volume":"0.83110359","buyTxId":"5c3056b3cc005670ce964687a6390dd3575b2f27-1","sellTxId":"a2d55fe2b78a1603be7c34127f7dcfbee8c2c00e"}
{"index": {"_index":"spt","_id":"2157229"}}
	{"id":2157229,"type":"sell","buyer":"pi-trader","seller":"hiveexplorers","symbol":"SPT","quantity":"130.127255","price":"0.00241018","timestamp":1638401160,"volume":"0.31363011","buyTxId":"c731dd0465c2f117edb71b5678f769e305be6000-3","sellTxId":"7c8d32f8ed237d5f0114ce9f949014923cab6514"}
{"index": {"_index":"spt","_id":"2157358"}}
	{"id":2157358,"type":"buy","buyer":"dead-door-nail","seller":"laundrywoman","symbol":"SPT","quantity":"1860.133086","price":"0.00291999","timestamp":1638402942,"volume":"5.43157001","buyTxId":"44005a2d1ea1bd09ae19a01e9b534e4b45739cf9","sellTxId":"659e7140f360553bde529444a030fe7cf00baa07"}
{"index": {"_index":"spt","_id":"2157368"}}
	{"id":2157368,"type":"sell","buyer":"granddaddies","seller":"dead-door-nail","symbol":"SPT","quantity":"1860.133086","price":"0.00241021","timestamp":1638403056,"volume":"4.48331137","buyTxId":"e66ed549e8ade2290d5e4967c0a012328bb8c600","sellTxId":"9d4212cea13037a538e30abcd0669fc0803a5dcd"}
{"index": {"_index":"spt","_id":"2157460"}}
	{"id":2157460,"type":"sell","buyer":"granddaddies","seller":"brofi-market","symbol":"SPT","quantity":"2.281457","price":"0.00241021","timestamp":1638404208,"volume":"0.00549879","buyTxId":"03383ae2c9b77e7314b86c7c75dcb1441160b09f","sellTxId":"8d2286d85099db656725a852451127690dce83c2"}
{"index": {"_index":"spt","_id":"2157513"}}
	{"id":2157513,"type":"buy","buyer":"razdon","seller":"laundrywoman","symbol":"SPT","quantity":"10.813804","price":"0.00291999","timestamp":1638404709,"volume":"0.03157620","buyTxId":"b4466d8247aff2008a27617fd2c40a0a06e30901","sellTxId":"659e7140f360553bde529444a030fe7cf00baa07"}
{"index": {"_index":"spt","_id":"2157582"}}
	{"id":2157582,"type":"sell","buyer":"granddaddies","seller":"dswap","symbol":"SPT","quantity":"222.665976","price":"0.00241011","timestamp":1638405384,"volume":"0.53664950","buyTxId":"c274ac70032da29f971aaa9a631155437d1acc16","sellTxId":"256fdcdaad23bb91b4111dea3bb97900689d7c22"}
{"index": {"_index":"spt","_id":"2157654"}}
	{"id":2157654,"type":"sell","buyer":"pi-trader","seller":"dhedge-drips","symbol":"SPT","quantity":"0.216834","price":"0.00241014","timestamp":1638405990,"volume":"0.00052260","buyTxId":"8d52096f9f59ebf4c8ddf34b73303c4dc1c2380e-7","sellTxId":"d610cd896078c8ed93c966710305c62b2fcdbfb2"}
{"index": {"_index":"spt","_id":"2157924"}}
	{"id":2157924,"type":"sell","buyer":"pi-trader","seller":"markmd1925","symbol":"SPT","quantity":"61.000000","price":"0.00290003","timestamp":1638408846,"volume":"0.17690183","buyTxId":"715a44bd4e8377e6fcbe0a7649198431611fc9d4-3","sellTxId":"62dfc857533931457323859c56eca0ee42b1bf7b"}
{"index": {"_index":"spt","_id":"2157942"}}
	{"id":2157942,"type":"sell","buyer":"pi-trader","seller":"hiveexplorers","symbol":"SPT","quantity":"128.266778","price":"0.00290005","timestamp":1638409257,"volume":"0.37198007","buyTxId":"9080037c067b92f8d36c2070ace749d22c26819b-5","sellTxId":"0c81eec16ace60ffad51f49b603607c532d1fcd5"}
{"index": {"_index":"spt","_id":"2158038"}}
	{"id":2158038,"type":"sell","buyer":"pi-trader","seller":"eforucom","symbol":"SPT","quantity":"14.886468","price":"0.00290009","timestamp":1638410310,"volume":"0.04317210","buyTxId":"1241855c8efc51a6ebb63de541775d20393733a6-3","sellTxId":"aa0a395ea08cae44ed68981bb1765f0a09d0f866"}
{"index": {"_index":"spt","_id":"2158163"}}
	{"id":2158163,"type":"buy","buyer":"dswap","seller":"brofi-market","symbol":"SPT","quantity":"0.113240","price":"0.00291999","timestamp":1638412029,"volume":"0.00033066","buyTxId":"843c25a21036601825edbd7b0317307ef1a6b55b","sellTxId":"d413a4c162f130b2614d06ccc9022ecb582d394c"}
{"index": {"_index":"spt","_id":"2158251"}}
	{"id":2158251,"type":"sell","buyer":"granddaddies","seller":"valor2s","symbol":"SPT","quantity":"4.105480","price":"0.00290008","timestamp":1638412923,"volume":"0.01190622","buyTxId":"4cf626d7e649d6ae8d1f031a04dde0675b359095","sellTxId":"ab1c1035fd8f07022f902c3286d54d69c3292cf4"}
{"index": {"_index":"spt","_id":"2158254"}}
	{"id":2158254,"type":"sell","buyer":"granddaddies","seller":"ehmaywuntee","symbol":"SPT","quantity":"1700.000000","price":"0.00290008","timestamp":1638412932,"volume":"4.93013600","buyTxId":"4cf626d7e649d6ae8d1f031a04dde0675b359095","sellTxId":"25a79184e3fcf98e54aa8573e0e9aee2394d2599"}
{"index": {"_index":"spt","_id":"2158264"}}
	{"id":2158264,"type":"sell","buyer":"pi-trader","seller":"ehmaywuntee","symbol":"SPT","quantity":"24.000000","price":"0.00290011","timestamp":1638413070,"volume":"0.06960264","buyTxId":"58229598a93240800c3f5f54946b78e40879ea68-5","sellTxId":"33703c81675fa9bd7b9838a10862ad3c57667b1a"}
{"index": {"_index":"spt","_id":"2158327"}}
	{"id":2158327,"type":"buy","buyer":"bananofarmer","seller":"brofi-market","symbol":"SPT","quantity":"2.168217","price":"0.00291999","timestamp":1638413862,"volume":"0.00633117","buyTxId":"1c47b4ab305775636bdd0905b7f189c9c9e1ea95","sellTxId":"d413a4c162f130b2614d06ccc9022ecb582d394c"}
{"index": {"_index":"spt","_id":"2158328"}}
	{"id":2158328,"type":"buy","buyer":"bananofarmer","seller":"dhedge-drips","symbol":"SPT","quantity":"0.216834","price":"0.00291999","timestamp":1638413862,"volume":"0.00063315","buyTxId":"1c47b4ab305775636bdd0905b7f189c9c9e1ea95","sellTxId":"5db891b18a9ed3aea0af8124bf3f9f990f52f5c7"}
{"index": {"_index":"spt","_id":"2158336"}}
	{"id":2158336,"type":"buy","buyer":"pi-trader","seller":"positive77","symbol":"SPT","quantity":"1622.834028","price":"0.00292000","timestamp":1638413904,"volume":"4.73867536","buyTxId":"99fb45799cd0b43e5be02c2b0a2cf0b161d50cbf-1","sellTxId":"ce75112088d171e0d33aa1ae8c059277a56475dc"}
{"index": {"_index":"spt","_id":"2158377"}}
	{"id":2158377,"type":"sell","buyer":"pi-trader","seller":"saachi","symbol":"SPT","quantity":"9000.000000","price":"0.00290007","timestamp":1638414789,"volume":"26.10063000","buyTxId":"a78defa5f1f5a960103841f452e2b3f620e31bbe-3","sellTxId":"6406c2477eeeba6f28c47991e8b73afdb8965bbe"}
{"index": {"_index":"spt","_id":"2158517"}}
	{"id":2158517,"type":"buy","buyer":"bananofarmer","seller":"brofi-market","symbol":"SPT","quantity":"0.188765","price":"0.00292999","timestamp":1638417255,"volume":"0.00055308","buyTxId":"4988f1eb9f7e876fe10f605d75866725e3cd61dc","sellTxId":"f1533942d41ce289e0fe0bd430cc2c02e8498bfa"}
{"index": {"_index":"spt","_id":"2158518"}}
	{"id":2158518,"type":"buy","buyer":"bananofarmer","seller":"nathu1","symbol":"SPT","quantity":"46.000000","price":"0.00293000","timestamp":1638417255,"volume":"0.13478000","buyTxId":"4988f1eb9f7e876fe10f605d75866725e3cd61dc","sellTxId":"75a0722e13e440af385acc223827147a1b99279d"}
{"index": {"_index":"spt","_id":"2158519"}}
	{"id":2158519,"type":"buy","buyer":"bananofarmer","seller":"dhedge-drips","symbol":"SPT","quantity":"0.008546","price":"0.00294999","timestamp":1638417255,"volume":"0.00002521","buyTxId":"4988f1eb9f7e876fe10f605d75866725e3cd61dc","sellTxId":"2bbd83586cd6fe4029245701b559ea0792419581"}
{"index": {"_index":"spt","_id":"2158520"}}
	{"id":2158520,"type":"buy","buyer":"bananofarmer","seller":"brofi-market","symbol":"SPT","quantity":"0.091162","price":"0.00298000","timestamp":1638417255,"volume":"0.00027166","buyTxId":"4988f1eb9f7e876fe10f605d75866725e3cd61dc","sellTxId":"19834d14eaf2ec5a703883a2be745e76e2af4b82"}
{"index": {"_index":"spt","_id":"2158521"}}
	{"id":2158521,"type":"buy","buyer":"bananofarmer","seller":"abh12345","symbol":"SPT","quantity":"256.711527","price":"0.00300000","timestamp":1638417255,"volume":"0.77013458","buyTxId":"4988f1eb9f7e876fe10f605d75866725e3cd61dc","sellTxId":"8c40af3c92f553a9e6ff9368881e8704ff2837d5"}
