{"index": {"_index":"spt","_id":"1548370"}}
	{"id":1548370,"type":"sell","buyer":"pi-trader","seller":"fireguardian","symbol":"SPT","quantity":"1035","price":"0.01880011","timestamp":1632020193,"volume":"19.45811385","buyTxId":"591cc3f9bbec36617d39889a6f77b8480045e2a5-3","sellTxId":"db6232fbf17693edb0648922e71afe517c33fb12"}
{"index": {"_index":"spt","_id":"1548432"}}
	{"id":1548432,"type":"buy","buyer":"el-7oss","seller":"oakshieldholding","symbol":"SPT","quantity":"7.108370","price":"0.01980000","timestamp":1632021390,"volume":"0.14074573","buyTxId":"d05a8bc0b05e9374cbc6737f4d4d9bd646979f80","sellTxId":"39cd2d244c470660c059b8f3ae95182783986c9d"}
{"index": {"_index":"spt","_id":"1548447"}}
	{"id":1548447,"type":"sell","buyer":"pi-trader","seller":"el-7oss","symbol":"SPT","quantity":"7.108370","price":"0.01900001","timestamp":1632021534,"volume":"0.13505910","buyTxId":"fa00704326c9ef7ac94fd79cf31d55a0eac524aa-3","sellTxId":"a6703d5688b410823e9f9e587bce6ea30adf508b"}
{"index": {"_index":"spt","_id":"1548531"}}
	{"id":1548531,"type":"buy","buyer":"mayhem777","seller":"oakshieldholding","symbol":"SPT","quantity":"450.207472","price":"0.01980000","timestamp":1632023730,"volume":"8.91410795","buyTxId":"bbe3208a42851f830a8ec4d87d8452a0188e83eb","sellTxId":"39cd2d244c470660c059b8f3ae95182783986c9d"}
{"index": {"_index":"spt","_id":"1548532"}}
	{"id":1548532,"type":"buy","buyer":"mayhem777","seller":"dhedge-drips","symbol":"SPT","quantity":"0.051642","price":"0.01980000","timestamp":1632023730,"volume":"0.00102251","buyTxId":"bbe3208a42851f830a8ec4d87d8452a0188e83eb","sellTxId":"3aaa9082ca85c3cab90a620fe5cd9516b0414c3f"}
{"index": {"_index":"spt","_id":"1548567"}}
	{"id":1548567,"type":"sell","buyer":"mayhem777","seller":"ahmetay","symbol":"SPT","quantity":"914.740886","price":"0.01980000","timestamp":1632024414,"volume":"18.11186954","buyTxId":"bbe3208a42851f830a8ec4d87d8452a0188e83eb","sellTxId":"0da7dec655db0a9163eeaa57f8add2e7c9e6cdac"}
{"index": {"_index":"spt","_id":"1548581"}}
	{"id":1548581,"type":"sell","buyer":"pi-trader","seller":"brofi-market","symbol":"SPT","quantity":"0.801313","price":"0.01911001","timestamp":1632024531,"volume":"0.01531310","buyTxId":"18f3b9bbf66f50613a9c9e094f0b8ec8451f5cf3-7","sellTxId":"a5b21ac62a8c6a64f097f03a6d98fe60f1295e13"}
{"index": {"_index":"spt","_id":"1548592"}}
	{"id":1548592,"type":"sell","buyer":"granddaddies","seller":"bitcoinflood","symbol":"SPT","quantity":"11.941038","price":"0.01911005","timestamp":1632024720,"volume":"0.22819383","buyTxId":"0f6552da68159247bccff31d074fa63994a364ac","sellTxId":"2bfa9739592d8eba4ef2e66113950bca990598eb"}
{"index": {"_index":"spt","_id":"1548628"}}
	{"id":1548628,"type":"sell","buyer":"pi-trader","seller":"mawit07","symbol":"SPT","quantity":"381.793520","price":"0.01911003","timestamp":1632025581,"volume":"7.29608562","buyTxId":"dbaf51d0c265024074facc263f774008f8b4b1a5-5","sellTxId":"021c034495df2723585f20c93168f8996953eabd"}
{"index": {"_index":"spt","_id":"1548640"}}
	{"id":1548640,"type":"sell","buyer":"pi-trader","seller":"hasi00","symbol":"SPT","quantity":"2251.987716","price":"0.01930003","timestamp":1632026088,"volume":"43.46343048","buyTxId":"59c3e9ec910a41cb697ac017561170f2e3c13932-5","sellTxId":"20bc16acb70262beaed89ad52dc6806e58494c3e"}
{"index": {"_index":"spt","_id":"1548657"}}
	{"id":1548657,"type":"sell","buyer":"anadolu","seller":"shameul","symbol":"SPT","quantity":"592.840722","price":"0.01930000","timestamp":1632026427,"volume":"11.44182593","buyTxId":"c8a96d1b3e4eb43316cda2df1813e067cdf0239c","sellTxId":"48c7973c322cad2055861eb5a710152897d73b1b"}
{"index": {"_index":"spt","_id":"1548751"}}
	{"id":1548751,"type":"sell","buyer":"ahmetay","seller":"notcanon","symbol":"SPT","quantity":"51.357109","price":"0.01931000","timestamp":1632028743,"volume":"0.99170577","buyTxId":"ded4d3000f5f057f5355f9111a7596cc4227f93b","sellTxId":"e82a5b328f05e3098430a504420aa43cfb055b7e"}
{"index": {"_index":"spt","_id":"1548760"}}
	{"id":1548760,"type":"buy","buyer":"jk6276","seller":"laundrywoman","symbol":"SPT","quantity":"2000.000000","price":"0.01989999","timestamp":1632028932,"volume":"39.79998000","buyTxId":"f42acf51a02fd9b9faae4144cc9ace507867ecfb","sellTxId":"081ee2ceb7a47055fa11e25aefaad83609f11cef"}
{"index": {"_index":"spt","_id":"1548770"}}
	{"id":1548770,"type":"buy","buyer":"cryptocrazy2789","seller":"laundrywoman","symbol":"SPT","quantity":"0.221060","price":"0.01989999","timestamp":1632029028,"volume":"0.00439909","buyTxId":"d5d3eb5e702191d4351ff05dccc5a5eb78add928","sellTxId":"081ee2ceb7a47055fa11e25aefaad83609f11cef"}
{"index": {"_index":"spt","_id":"1548780"}}
	{"id":1548780,"type":"sell","buyer":"ahmetay","seller":"irisworld","symbol":"SPT","quantity":"300.000000","price":"0.01931000","timestamp":1632029238,"volume":"5.79300000","buyTxId":"ded4d3000f5f057f5355f9111a7596cc4227f93b","sellTxId":"d84ce1913f185b7419632a59089752b08cafdd1a"}
{"index": {"_index":"spt","_id":"1548785"}}
	{"id":1548785,"type":"buy","buyer":"yassin444","seller":"laundrywoman","symbol":"SPT","quantity":"95.326681","price":"0.01989999","timestamp":1632029355,"volume":"1.897","buyTxId":"1c719d64f0b8b159088403bc00bb954eedd755c7","sellTxId":"081ee2ceb7a47055fa11e25aefaad83609f11cef"}
{"index": {"_index":"spt","_id":"1548791"}}
	{"id":1548791,"type":"sell","buyer":"ahmetay","seller":"mercurial9","symbol":"SPT","quantity":"90.588000","price":"0.01931000","timestamp":1632029637,"volume":"1.74925428","buyTxId":"ded4d3000f5f057f5355f9111a7596cc4227f93b","sellTxId":"082a5e55e53799dda3ac852389ac2d07f6e53add"}
{"index": {"_index":"spt","_id":"1548821"}}
	{"id":1548821,"type":"sell","buyer":"ahmetay","seller":"bitcoinflood","symbol":"SPT","quantity":"9.410379","price":"0.01931000","timestamp":1632030864,"volume":"0.18171442","buyTxId":"ded4d3000f5f057f5355f9111a7596cc4227f93b","sellTxId":"c52444314074f1f793c2d44fe51f1fb0f9197d25"}
{"index": {"_index":"spt","_id":"1548829"}}
	{"id":1548829,"type":"buy","buyer":"peeholder","seller":"laundrywoman","symbol":"SPT","quantity":"160.000000","price":"0.01989999","timestamp":1632030957,"volume":"3.18399840","buyTxId":"ed4a1caf5d0aca10d990a5ae5093fe151070b10d","sellTxId":"081ee2ceb7a47055fa11e25aefaad83609f11cef"}
{"index": {"_index":"spt","_id":"1548840"}}
	{"id":1548840,"type":"buy","buyer":"yassin444","seller":"scooter77","symbol":"SPT","quantity":"273.737373","price":"0.01980000","timestamp":1632031257,"volume":"5.42","buyTxId":"ad1e16b88a402af0545b57623c790bf081fce83f","sellTxId":"fdfd96da3e3f147111ba56502f883df9eb13791b"}
{"index": {"_index":"spt","_id":"1548851"}}
	{"id":1548851,"type":"sell","buyer":"ahmetay","seller":"maryou","symbol":"SPT","quantity":"6.728449","price":"0.01930010","timestamp":1632031344,"volume":"0.12985974","buyTxId":"132b9436bde29ac65f8ac60f562caaeea6504a72","sellTxId":"1d01fe14f1e9816babce4d12afaeefcdb447c3c5"}
{"index": {"_index":"spt","_id":"1548855"}}
	{"id":1548855,"type":"sell","buyer":"ahmetay","seller":"keito","symbol":"SPT","quantity":"9.015858","price":"0.01930010","timestamp":1632031608,"volume":"0.17400696","buyTxId":"132b9436bde29ac65f8ac60f562caaeea6504a72","sellTxId":"12c2f5e1680d9d0935003a560b1abe6a641edc40"}
{"index": {"_index":"spt","_id":"1548876"}}
	{"id":1548876,"type":"sell","buyer":"pi-trader","seller":"valor2s","symbol":"SPT","quantity":"16.276647","price":"0.01931001","timestamp":1632032124,"volume":"0.31430222","buyTxId":"d4910234ce4bfb4bc1b8b62f48c54e023b6b49d8-4","sellTxId":"3fe18b566a238648677e698f415be9aeb0e13d6f"}
{"index": {"_index":"spt","_id":"1548878"}}
	{"id":1548878,"type":"sell","buyer":"pi-trader","seller":"keito","symbol":"SPT","quantity":"41.224934","price":"0.01931001","timestamp":1632032205,"volume":"0.79605389","buyTxId":"b49c59afd9c09eab9c5cd6c690d173b39c65eca3-1","sellTxId":"85d99222c4a84b95d3dd72d9e69eae346ceb7924"}
{"index": {"_index":"spt","_id":"1548909"}}
	{"id":1548909,"type":"sell","buyer":"anadolu","seller":"he-index","symbol":"SPT","quantity":"0.019000","price":"0.01931001","timestamp":1632033066,"volume":"0.00036689","buyTxId":"52023bd7500cca6319f3b9b51b995b6c65f4d6c8","sellTxId":"afb2acbaacb01f418767c57d452b194e6444ddea"}
{"index": {"_index":"spt","_id":"1548939"}}
	{"id":1548939,"type":"sell","buyer":"pi-trader","seller":"logicforce","symbol":"SPT","quantity":"18.480605","price":"0.01931002","timestamp":1632033831,"volume":"0.35686085","buyTxId":"be0b2465e52fe4a9abf5c56421ab0a4ac8933b58-4","sellTxId":"973a44ca4c5b4d5f374ba3d1e774f9347b607e76"}
{"index": {"_index":"spt","_id":"1549015"}}
	{"id":1549015,"type":"sell","buyer":"pi-trader","seller":"jhayghara22","symbol":"SPT","quantity":"108.000000","price":"0.01931004","timestamp":1632035514,"volume":"2.08548432","buyTxId":"3c89941e1e3736600ef31d312d14fd476483819e-5","sellTxId":"052f604ffc20480256aa50d998a6e6e427957e94"}
{"index": {"_index":"spt","_id":"1549016"}}
	{"id":1549016,"type":"sell","buyer":"granddaddies","seller":"spt-curate","symbol":"SPT","quantity":"977.406277","price":"0.01931005","timestamp":1632035556,"volume":"18.87376408","buyTxId":"93537bddc3a8ef6c638410b5a8e7aa1fa67e3898","sellTxId":"c7793baeb27aa142c7456d498e7deef2cb505f7b"}
{"index": {"_index":"spt","_id":"1549036"}}
	{"id":1549036,"type":"sell","buyer":"pi-trader","seller":"dalz","symbol":"SPT","quantity":"3000.000000","price":"0.01931012","timestamp":1632035919,"volume":"57.93036000","buyTxId":"27c9ce0febb462eb03731e8548d285cbca8c517c-7","sellTxId":"f27d7740220b2e7b0311b01f2e13cef75c09355a"}
{"index": {"_index":"spt","_id":"1549037"}}
	{"id":1549037,"type":"sell","buyer":"granddaddies","seller":"dalz","symbol":"SPT","quantity":"2000.000000","price":"0.01931011","timestamp":1632035919,"volume":"38.62022000","buyTxId":"65002ff1e7aa8690bbb36f7f28785b86dbd6b863","sellTxId":"f27d7740220b2e7b0311b01f2e13cef75c09355a"}
{"index": {"_index":"spt","_id":"1549045"}}
	{"id":1549045,"type":"sell","buyer":"pi-trader","seller":"dalz","symbol":"SPT","quantity":"2500","price":"0.01931012","timestamp":1632035982,"volume":"48.27530000","buyTxId":"fe3706f3eec7a31dc7d333b24b1881eb54e120cb-3","sellTxId":"7ce3b07b5b03847366ff38407f073b46c6e53953"}
{"index": {"_index":"spt","_id":"1549097"}}
	{"id":1549097,"type":"buy","buyer":"yassin444","seller":"rehan12","symbol":"SPT","quantity":"30.303183","price":"0.01979990","timestamp":1632037494,"volume":"0.6","buyTxId":"07cb857275b9d815b469822f78e80be6d6bdcf0a","sellTxId":"4dc6bcdc976408c3dc0be6ad19313d1120866f9f"}
{"index": {"_index":"spt","_id":"1549114"}}
	{"id":1549114,"type":"sell","buyer":"anadolu","seller":"dalz","symbol":"SPT","quantity":"3000","price":"0.01931001","timestamp":1632038058,"volume":"57.93003000","buyTxId":"52023bd7500cca6319f3b9b51b995b6c65f4d6c8","sellTxId":"0b224df3751d917c255dad516e56e5bbfb6e7132"}
{"index": {"_index":"spt","_id":"1549123"}}
	{"id":1549123,"type":"sell","buyer":"anadolu","seller":"costanza","symbol":"SPT","quantity":"999.981000","price":"0.01931001","timestamp":1632038286,"volume":"19.30964311","buyTxId":"52023bd7500cca6319f3b9b51b995b6c65f4d6c8","sellTxId":"4a2b3099f23a757ab5d37e243d20b0ea424f0ce2"}
{"index": {"_index":"spt","_id":"1549164"}}
	{"id":1549164,"type":"sell","buyer":"granddaddies","seller":"brofi-market","symbol":"SPT","quantity":"0.052959","price":"0.01876006","timestamp":1632039042,"volume":"0.00099351","buyTxId":"2b5213fe3115f9cc66760aa2450cb969b2dc5c8e","sellTxId":"07ef0379ef6b04c7b974a710cc1604675603c608"}
{"index": {"_index":"spt","_id":"1549207"}}
	{"id":1549207,"type":"buy","buyer":"hojak","seller":"laundrywoman","symbol":"SPT","quantity":"4.000000","price":"0.01979989","timestamp":1632039855,"volume":"0.07919956","buyTxId":"6d6e3cab854e8a4d12a896304cdda4ecf2efd027","sellTxId":"a134dbf5a7eb9fe5810a3d3c75cd9d6f7b155fa5"}
{"index": {"_index":"spt","_id":"1549215"}}
	{"id":1549215,"type":"sell","buyer":"anadolu","seller":"oivas","symbol":"SPT","quantity":"7422.898473","price":"0.01910000","timestamp":1632040050,"volume":"141.77736083","buyTxId":"5325fe2aa4cce75b13cfd661b8ae09b274cef0b7","sellTxId":"e9a00cfcc908215efe1bc67105456289a63a64e6"}
{"index": {"_index":"spt","_id":"1549219"}}
	{"id":1549219,"type":"sell","buyer":"anadolu","seller":"oivas","symbol":"SPT","quantity":"2577.101527","price":"0.01910000","timestamp":1632040134,"volume":"49.22263917","buyTxId":"5325fe2aa4cce75b13cfd661b8ae09b274cef0b7","sellTxId":"331f67c4ceed9b72fc34eed8b85608656247dad9"}
{"index": {"_index":"spt","_id":"1549220"}}
	{"id":1549220,"type":"buy","buyer":"muscara","seller":"oivas","symbol":"SPT","quantity":"422.898473","price":"0.01910000","timestamp":1632040167,"volume":"8.07736083","buyTxId":"0ee5692866f2fc00bfcc46f5a33d3854e12fc64a","sellTxId":"331f67c4ceed9b72fc34eed8b85608656247dad9"}
{"index": {"_index":"spt","_id":"1549221"}}
	{"id":1549221,"type":"buy","buyer":"muscara","seller":"laundrywoman","symbol":"SPT","quantity":"577.101527","price":"0.01979989","timestamp":1632040167,"volume":"11.42654675","buyTxId":"0ee5692866f2fc00bfcc46f5a33d3854e12fc64a","sellTxId":"a134dbf5a7eb9fe5810a3d3c75cd9d6f7b155fa5"}
{"index": {"_index":"spt","_id":"1549273"}}
	{"id":1549273,"type":"buy","buyer":"samarek69","seller":"laundrywoman","symbol":"SPT","quantity":"0.018538","price":"0.01979988","timestamp":1632040941,"volume":"0.00036705","buyTxId":"55c3444773f373c3ffc9b95748c80f6ffbe89322","sellTxId":"d6fc65318fd3144c8dfd5adcfd3cc559cea0d921"}
{"index": {"_index":"spt","_id":"1549295"}}
	{"id":1549295,"type":"sell","buyer":"anadolu","seller":"okean123","symbol":"SPT","quantity":"500.000000","price":"0.01910000","timestamp":1632041478,"volume":"9.55000000","buyTxId":"9e39c7bef5e2c231219c0bd94f13985822cbba87","sellTxId":"9417246059924217f2c7da9464416cb5dcb5814e"}
{"index": {"_index":"spt","_id":"1549299"}}
	{"id":1549299,"type":"buy","buyer":"peeholder","seller":"laundrywoman","symbol":"SPT","quantity":"900.000000","price":"0.01979988","timestamp":1632041661,"volume":"17.81989200","buyTxId":"993b1af81c61b8faa77d6da4f48c2b060e308913","sellTxId":"d6fc65318fd3144c8dfd5adcfd3cc559cea0d921"}
{"index": {"_index":"spt","_id":"1549323"}}
	{"id":1549323,"type":"buy","buyer":"samarek69","seller":"laundrywoman","symbol":"SPT","quantity":"0.032503","price":"0.01979988","timestamp":1632041967,"volume":"0.00064356","buyTxId":"9204a1d30143e1df6110945d3b2da2ed36e41233","sellTxId":"d6fc65318fd3144c8dfd5adcfd3cc559cea0d921"}
{"index": {"_index":"spt","_id":"1549336"}}
	{"id":1549336,"type":"sell","buyer":"pi-trader","seller":"geom","symbol":"SPT","quantity":"0.359588","price":"0.01910003","timestamp":1632042162,"volume":"0.00686814","buyTxId":"29e9e8dc9a20f4ac17373334c729c47776cfeb9c-5","sellTxId":"da269a8f3cc978964be8ca718945a9304826806c"}
{"index": {"_index":"spt","_id":"1549344"}}
	{"id":1549344,"type":"sell","buyer":"pi-trader","seller":"dotwin1981","symbol":"SPT","quantity":"56.542699","price":"0.01910006","timestamp":1632042297,"volume":"1.07996894","buyTxId":"edfc290168cc63483d5020194ac9827f805c0f47-3","sellTxId":"28ef5cfa74e3331a45c9b7e9a49fd1107ed921f9"}
{"index": {"_index":"spt","_id":"1549348"}}
	{"id":1549348,"type":"buy","buyer":"samarek69","seller":"laundrywoman","symbol":"SPT","quantity":"1.551700","price":"0.01979988","timestamp":1632042330,"volume":"0.03072347","buyTxId":"68636b8761bf88b4e1ea6f6cf8fab78c16d7937a","sellTxId":"d6fc65318fd3144c8dfd5adcfd3cc559cea0d921"}
{"index": {"_index":"spt","_id":"1549352"}}
	{"id":1549352,"type":"sell","buyer":"pi-trader","seller":"condeas","symbol":"SPT","quantity":"53.000000","price":"0.01910008","timestamp":1632042393,"volume":"1.01230424","buyTxId":"279b0000e5fd3cc07ac6128257f6f00584b96089-5","sellTxId":"5bb499e6a376ed1531d257960ab7180765fda0a2"}
{"index": {"_index":"spt","_id":"1549362"}}
	{"id":1549362,"type":"sell","buyer":"pi-trader","seller":"doofus","symbol":"SPT","quantity":"37.000000","price":"0.01910012","timestamp":1632042567,"volume":"0.70670444","buyTxId":"195de9d8811d7673fe51a27af221d71ac03c6d69-4","sellTxId":"4e50860fabf2928a47d805b989f4ad85f0869147"}
{"index": {"_index":"spt","_id":"1549500"}}
	{"id":1549500,"type":"buy","buyer":"samarek69","seller":"laundrywoman","symbol":"SPT","quantity":"3.111490","price":"0.01974999","timestamp":1632046185,"volume":"0.06145190","buyTxId":"c1eaa8e2eaf59fd6fcd274a5bcb842084b58fc4e","sellTxId":"edb03f5a5a42383dfe17f519f1fabf0ed65f6d7e"}
{"index": {"_index":"spt","_id":"1549552"}}
	{"id":1549552,"type":"buy","buyer":"skipiec","seller":"laundrywoman","symbol":"SPT","quantity":"3603.000000","price":"0.01969999","timestamp":1632047559,"volume":"70.97906397","buyTxId":"5d8582ce7a51f0955f65e7204884c593f3ade3a5","sellTxId":"09f632058584f4a571ba769b61ecc18e6c0317e5"}
{"index": {"_index":"spt","_id":"1549553"}}
	{"id":1549553,"type":"buy","buyer":"skipiec","seller":"anadolu","symbol":"SPT","quantity":"22397.000000","price":"0.01970000","timestamp":1632047559,"volume":"441.22090000","buyTxId":"5d8582ce7a51f0955f65e7204884c593f3ade3a5","sellTxId":"e1a9f998cd7cd07dd2835887e0ec2e63f59de858"}
{"index": {"_index":"spt","_id":"1549607"}}
	{"id":1549607,"type":"buy","buyer":"samarek69","seller":"laundrywoman","symbol":"SPT","quantity":"1.679070","price":"0.01969999","timestamp":1632049773,"volume":"0.03307766","buyTxId":"0d9b6a9d485541e11795520ffb6d99a2fc67c50b","sellTxId":"35401814a3e94623142a433a392ee117cb181e22"}
{"index": {"_index":"spt","_id":"1549618"}}
	{"id":1549618,"type":"sell","buyer":"pi-trader","seller":"forexbrokr","symbol":"SPT","quantity":"0.002521","price":"0.01880003","timestamp":1632050454,"volume":"0.00004739","buyTxId":"c55f716801395c8406a07305c33348c74cd554b3-3","sellTxId":"c7cc5696dd32aeacf5ab0f560e4c1160fa20f21c"}
{"index": {"_index":"spt","_id":"1549650"}}
	{"id":1549650,"type":"sell","buyer":"pi-trader","seller":"skipiec","symbol":"SPT","quantity":"3000.000000","price":"0.01880013","timestamp":1632051258,"volume":"56.40039000","buyTxId":"2fc23adefbef59484fa49de4b92021da44195ac0-3","sellTxId":"a42f6ebc73a7066376ae36d10e1447ede2ffefe7"}
{"index": {"_index":"spt","_id":"1549651"}}
	{"id":1549651,"type":"sell","buyer":"granddaddies","seller":"skipiec","symbol":"SPT","quantity":"23000.000000","price":"0.01880012","timestamp":1632051258,"volume":"432.40276000","buyTxId":"ae09749ecd16ef98970fc76c7725cf65c0230d22","sellTxId":"a42f6ebc73a7066376ae36d10e1447ede2ffefe7"}
{"index": {"_index":"spt","_id":"1549882"}}
	{"id":1549882,"type":"sell","buyer":"anadolu","seller":"aritski","symbol":"SPT","quantity":"5.745901","price":"0.01900000","timestamp":1632055242,"volume":"0.10917212","buyTxId":"5c2ce4d636ecbe977aa5ba9c22c9c584fa5d27b1","sellTxId":"2aa958b37446e54c43eca3085cb709a7ee2e6e06"}
{"index": {"_index":"spt","_id":"1549898"}}
	{"id":1549898,"type":"sell","buyer":"anadolu","seller":"dhedge-drips","symbol":"SPT","quantity":"0.004964","price":"0.01900000","timestamp":1632055602,"volume":"0.00009432","buyTxId":"5c2ce4d636ecbe977aa5ba9c22c9c584fa5d27b1","sellTxId":"29109070f1a7a31543b3cb72eea4ad92253b01fe"}
{"index": {"_index":"spt","_id":"1550026"}}
	{"id":1550026,"type":"buy","buyer":"captainquack22","seller":"laundrywoman","symbol":"SPT","quantity":"2257.049160","price":"0.01957999","timestamp":1632058269,"volume":"44.193","buyTxId":"a8421fc15e4774c06f552a4bb22d8f0b0b10ce44","sellTxId":"09d87e863fe73505979423af3f3c28e18bb72c3b"}
{"index": {"_index":"spt","_id":"1550091"}}
	{"id":1550091,"type":"buy","buyer":"droida","seller":"laundrywoman","symbol":"SPT","quantity":"87.771232","price":"0.01954999","timestamp":1632059706,"volume":"1.71592671","buyTxId":"10f89c37b533dd8e43d3bc725cb1e1576514e946","sellTxId":"cc4ade4d796456b0ed916e1fc6acd854cf13c5f8"}
{"index": {"_index":"spt","_id":"1550095"}}
	{"id":1550095,"type":"sell","buyer":"anadolu","seller":"mistakili","symbol":"SPT","quantity":"344.000000","price":"0.01900000","timestamp":1632059775,"volume":"6.53600000","buyTxId":"5c2ce4d636ecbe977aa5ba9c22c9c584fa5d27b1","sellTxId":"4fbd74584c0111b9b8de964533977261df312e5c"}
{"index": {"_index":"spt","_id":"1550101"}}
	{"id":1550101,"type":"sell","buyer":"anadolu","seller":"ecoinstats","symbol":"SPT","quantity":"113.892570","price":"0.01900000","timestamp":1632059832,"volume":"2.16395883","buyTxId":"5c2ce4d636ecbe977aa5ba9c22c9c584fa5d27b1","sellTxId":"e3ad7b167df6ebc36c5d0ae4fa8474d9ff5c10fb"}
{"index": {"_index":"spt","_id":"1550156"}}
	{"id":1550156,"type":"sell","buyer":"anadolu","seller":"bitcoinflood","symbol":"SPT","quantity":"207.756235","price":"0.01900000","timestamp":1632061188,"volume":"3.94736847","buyTxId":"5c2ce4d636ecbe977aa5ba9c22c9c584fa5d27b1","sellTxId":"38318c6df946febdddc5b95f86221d351d0b1302"}
{"index": {"_index":"spt","_id":"1550406"}}
	{"id":1550406,"type":"sell","buyer":"anadolu","seller":"karuna21","symbol":"SPT","quantity":"218","price":"0.01900000","timestamp":1632065487,"volume":"4.14200000","buyTxId":"5c2ce4d636ecbe977aa5ba9c22c9c584fa5d27b1","sellTxId":"1d1c5b0b96c2cd76d17866bcdb4b7c8a14ab5f0d"}
{"index": {"_index":"spt","_id":"1550435"}}
	{"id":1550435,"type":"sell","buyer":"anadolu","seller":"fangz","symbol":"SPT","quantity":"787.902396","price":"0.01900000","timestamp":1632065844,"volume":"14.97014552","buyTxId":"5c2ce4d636ecbe977aa5ba9c22c9c584fa5d27b1","sellTxId":"d93a2bfb086db236aa6122da6c9c444201ff52f2"}
{"index": {"_index":"spt","_id":"1550560"}}
	{"id":1550560,"type":"sell","buyer":"anadolu","seller":"jjb777","symbol":"SPT","quantity":"73.824000","price":"0.01900000","timestamp":1632067722,"volume":"1.40265600","buyTxId":"5c2ce4d636ecbe977aa5ba9c22c9c584fa5d27b1","sellTxId":"c8b72db92a492e6462ccc78d640baf89b85fd606"}
{"index": {"_index":"spt","_id":"1550620"}}
	{"id":1550620,"type":"sell","buyer":"anadolu","seller":"arnob23","symbol":"SPT","quantity":"2285","price":"0.01900000","timestamp":1632068112,"volume":"43.41500000","buyTxId":"5c2ce4d636ecbe977aa5ba9c22c9c584fa5d27b1","sellTxId":"a901e813c59d084ab6e24b68d11c1049a1ef6c91"}
{"index": {"_index":"spt","_id":"1550851"}}
	{"id":1550851,"type":"buy","buyer":"jongolson","seller":"laundrywoman","symbol":"SPT","quantity":"1000.000000","price":"0.01948999","timestamp":1632070854,"volume":"19.48999000","buyTxId":"32f38b98efb1a0a1670178c57a65acf2d93acc49","sellTxId":"c0b8b933ab51be4e1f20b4a0d49f3f9b3aa52583"}
{"index": {"_index":"spt","_id":"1550934"}}
	{"id":1550934,"type":"buy","buyer":"samarek69","seller":"laundrywoman","symbol":"SPT","quantity":"0.015030","price":"0.01948999","timestamp":1632071865,"volume":"0.00029293","buyTxId":"be8b40d981a0092761530a715f85a64f4084db11","sellTxId":"c0b8b933ab51be4e1f20b4a0d49f3f9b3aa52583"}
{"index": {"_index":"spt","_id":"1551093"}}
	{"id":1551093,"type":"sell","buyer":"pi-trader","seller":"bronkong","symbol":"SPT","quantity":"3000.000000","price":"0.01811013","timestamp":1632074379,"volume":"54.33039000","buyTxId":"61b5228a5b3cbf617e47fac69b7178625a9eec8a-1","sellTxId":"138588763df4f470330b013545649a0c4b68edef"}
{"index": {"_index":"spt","_id":"1551094"}}
	{"id":1551094,"type":"sell","buyer":"assasin","seller":"bronkong","symbol":"SPT","quantity":"134.000000","price":"0.01811000","timestamp":1632074379,"volume":"2.42674000","buyTxId":"0667748652b90f027387eeb76c4b66083d727cf3","sellTxId":"138588763df4f470330b013545649a0c4b68edef"}
{"index": {"_index":"spt","_id":"1551095"}}
	{"id":1551095,"type":"sell","buyer":"kitsuki","seller":"bronkong","symbol":"SPT","quantity":"100.000000","price":"0.01806000","timestamp":1632074379,"volume":"1.80600000","buyTxId":"57285e1f5787947ec5aab952ab9454d3da800c9b","sellTxId":"138588763df4f470330b013545649a0c4b68edef"}
{"index": {"_index":"spt","_id":"1551096"}}
	{"id":1551096,"type":"sell","buyer":"coininstant","seller":"bronkong","symbol":"SPT","quantity":"1686.052362","price":"0.01681000","timestamp":1632074379,"volume":"28.34254021","buyTxId":"b220e1e985729f663d09b38f2da956fb9653dedb","sellTxId":"138588763df4f470330b013545649a0c4b68edef"}
{"index": {"_index":"spt","_id":"1551097"}}
	{"id":1551097,"type":"sell","buyer":"kitsuki","seller":"bronkong","symbol":"SPT","quantity":"600.000000","price":"0.01676000","timestamp":1632074379,"volume":"10.05600000","buyTxId":"9aded1e17ee73371fb881e79442698a881db9a61","sellTxId":"138588763df4f470330b013545649a0c4b68edef"}
{"index": {"_index":"spt","_id":"1551098"}}
	{"id":1551098,"type":"sell","buyer":"mastergerund","seller":"bronkong","symbol":"SPT","quantity":"34480.282942","price":"0.01670000","timestamp":1632074379,"volume":"575.82072513","buyTxId":"83ff6cbc747e73084805c74391acb387c9f67477","sellTxId":"138588763df4f470330b013545649a0c4b68edef"}
{"index": {"_index":"spt","_id":"1551101"}}
	{"id":1551101,"type":"sell","buyer":"granddaddies","seller":"bronkong","symbol":"SPT","quantity":"2277.000000","price":"0.01811002","timestamp":1632074412,"volume":"41.23651554","buyTxId":"28f3e0d0dc3b85be77bab766e6b55687d0963221","sellTxId":"fbb92bf560c7ad38ff769698f8ba37a9b0715b21"}
{"index": {"_index":"spt","_id":"1551271"}}
	{"id":1551271,"type":"buy","buyer":"nyxlabs","seller":"laundrywoman","symbol":"SPT","quantity":"40.000000","price":"0.01939999","timestamp":1632077688,"volume":"0.77599960","buyTxId":"56e8eadf6a5dac0696e9fbcfb0686296b1682f01","sellTxId":"4cdc29115dfcd6e6cc785d976fc5d393425a7ada"}
{"index": {"_index":"spt","_id":"1551272"}}
	{"id":1551272,"type":"sell","buyer":"pi-trader","seller":"razam","symbol":"SPT","quantity":"0.297000","price":"0.01681001","timestamp":1632077733,"volume":"0.00499257","buyTxId":"982739affecaedfe92964fca280d9eaeebbf0013-1","sellTxId":"bd301e00e8b8d1fd7e99cbfbf482a7c9ef7fa64f"}
{"index": {"_index":"spt","_id":"1551324"}}
	{"id":1551324,"type":"buy","buyer":"samarek69","seller":"laundrywoman","symbol":"SPT","quantity":"0.551475","price":"0.01939999","timestamp":1632078003,"volume":"0.01069861","buyTxId":"ede333ee925d35310a97cd610753598c60837e4b","sellTxId":"4cdc29115dfcd6e6cc785d976fc5d393425a7ada"}
{"index": {"_index":"spt","_id":"1551381"}}
	{"id":1551381,"type":"sell","buyer":"pi-trader","seller":"chireerocks","symbol":"SPT","quantity":"8.234401","price":"0.01681003","timestamp":1632078837,"volume":"0.13842053","buyTxId":"279733aa80610b26f7b8d01d42697c52d785bd16-3","sellTxId":"b2192ba3edd5ddabe97e60ff2d504718e845b913"}
{"index": {"_index":"spt","_id":"1551574"}}
	{"id":1551574,"type":"sell","buyer":"pi-trader","seller":"brofi-market","symbol":"SPT","quantity":"1.087015","price":"0.01682620","timestamp":1632082170,"volume":"0.01829033","buyTxId":"58b0d28863a6b5cdf7c628d0cc51c6a13eb6aceb-5","sellTxId":"807792801bdca7c2e99e42b8b7309083392df81a"}
{"index": {"_index":"spt","_id":"1551654"}}
	{"id":1551654,"type":"sell","buyer":"pi-trader","seller":"spt-curate","symbol":"SPT","quantity":"3000.000000","price":"0.01682610","timestamp":1632084219,"volume":"50.47830000","buyTxId":"b267e0762ce07e73c593d413eb5e8a3cfe791b78-17","sellTxId":"a11eb6103c9a4564c6b2f82cf3426f54a09785c0"}
{"index": {"_index":"spt","_id":"1551655"}}
	{"id":1551655,"type":"sell","buyer":"granddaddies","seller":"spt-curate","symbol":"SPT","quantity":"296.942495","price":"0.01682609","timestamp":1632084219,"volume":"4.99638115","buyTxId":"1a0fd5707ac67ecef6bbd993996d5938bbd09de4","sellTxId":"a11eb6103c9a4564c6b2f82cf3426f54a09785c0"}
{"index": {"_index":"spt","_id":"1551741"}}
	{"id":1551741,"type":"sell","buyer":"pi-trader","seller":"geom","symbol":"SPT","quantity":"1.064591","price":"0.01682606","timestamp":1632085437,"volume":"0.01791287","buyTxId":"f63f9693c7b1a9dd56b4f165572963a75847acbd-6","sellTxId":"c6bcc449a60011635988f21b71b45d58774305c9"}
{"index": {"_index":"spt","_id":"1552052"}}
	{"id":1552052,"type":"sell","buyer":"pi-trader","seller":"scooter77","symbol":"SPT","quantity":"132.653763","price":"0.01682009","timestamp":1632090789,"volume":"2.23124823","buyTxId":"ca2e275399758198758dd5e41acccf2e8888df88-8","sellTxId":"02be87bf097a1d0c34c43ab806fe5d13fbfb2442"}
{"index": {"_index":"spt","_id":"1552102"}}
	{"id":1552102,"type":"buy","buyer":"kitsuki","seller":"themarkymark","symbol":"SPT","quantity":"20.948000","price":"0.01683000","timestamp":1632091749,"volume":"0.35255484","buyTxId":"6d7dc82d618e4c784a4dd6ab61408c90a9c3d70b","sellTxId":"80a9070dd771363a3a74b5fe0a7a6e55a2b4f735"}
{"index": {"_index":"spt","_id":"1552151"}}
	{"id":1552151,"type":"sell","buyer":"pi-trader","seller":"laritheghost","symbol":"SPT","quantity":"100.000000","price":"0.01683013","timestamp":1632092853,"volume":"1.68301300","buyTxId":"1670574d8bb003ea783316c9e2fda1898ad87339-3","sellTxId":"d9fe52f37cb9474f8cf7a3e96d63d8797254e261"}
{"index": {"_index":"spt","_id":"1552180"}}
	{"id":1552180,"type":"sell","buyer":"granddaddies","seller":"pablodare","symbol":"SPT","quantity":"14.461947","price":"0.01683004","timestamp":1632093132,"volume":"0.24339515","buyTxId":"9b30d3c4babd45d57a499bbafb9d44f4140af3fa","sellTxId":"f61d5418d2ba5db098990eeb6281d1419cb13445"}
{"index": {"_index":"spt","_id":"1552181"}}
	{"id":1552181,"type":"sell","buyer":"pi-trader","seller":"cflclosers","symbol":"SPT","quantity":"173.268452","price":"0.01683001","timestamp":1632093207,"volume":"2.91610978","buyTxId":"9ed41ce34c9693e0d1fe01625d09d6d51d668b49-5","sellTxId":"4938b6c97b396996472c3eb5b6bb5e559db2ff56"}
{"index": {"_index":"spt","_id":"1552374"}}
	{"id":1552374,"type":"sell","buyer":"pi-trader","seller":"brofi-market","symbol":"SPT","quantity":"2.193269","price":"0.01683005","timestamp":1632096756,"volume":"0.03691283","buyTxId":"7e031ee3ad0bcf44a7efea0cef168c52cdf702c5-2","sellTxId":"55d8bf7f55f85952a425876c3886fa76a09f1da2"}
{"index": {"_index":"spt","_id":"1552433"}}
	{"id":1552433,"type":"buy","buyer":"hojak","seller":"laundrywoman","symbol":"SPT","quantity":"140.000000","price":"0.01878999","timestamp":1632097839,"volume":"2.63059860","buyTxId":"167dcba66f3c3644c89c2c599ce3f689b1d6b096","sellTxId":"13db9fe68cf391587f86464423e2e2398678208e"}
{"index": {"_index":"spt","_id":"1552486"}}
	{"id":1552486,"type":"sell","buyer":"kitsuki","seller":"dhedge-drips","symbol":"SPT","quantity":"0.019000","price":"0.01683000","timestamp":1632098796,"volume":"0.00031977","buyTxId":"361f91c40f6c13c96fb768767ec8f23972e185c2","sellTxId":"d990de32d0f7e7cecbd2be48874749216ec843eb"}
{"index": {"_index":"spt","_id":"1552487"}}
	{"id":1552487,"type":"sell","buyer":"kitsuki","seller":"chireerocks","symbol":"SPT","quantity":"199.981000","price":"0.01683000","timestamp":1632098799,"volume":"3.36568023","buyTxId":"361f91c40f6c13c96fb768767ec8f23972e185c2","sellTxId":"fccd395953994d0d838e2e7a5befb60148b4ab54"}
{"index": {"_index":"spt","_id":"1552524"}}
	{"id":1552524,"type":"sell","buyer":"coininstant","seller":"spt-curate","symbol":"SPT","quantity":"203.843236","price":"0.01682000","timestamp":1632099789,"volume":"3.42864323","buyTxId":"297e882416b8e4136b6d2cd5c05b5374054ad495","sellTxId":"41b2197ca1776c3243848aabdbf7d825502c481e"}
{"index": {"_index":"spt","_id":"1552533"}}
	{"id":1552533,"type":"sell","buyer":"coininstant","seller":"oakshieldholding","symbol":"SPT","quantity":"355.916268","price":"0.01682000","timestamp":1632100275,"volume":"5.98651163","buyTxId":"297e882416b8e4136b6d2cd5c05b5374054ad495","sellTxId":"8896c8806b1333e4d4381b829eaf154e91fad768"}
{"index": {"_index":"spt","_id":"1552534"}}
	{"id":1552534,"type":"sell","buyer":"mastergerund","seller":"oakshieldholding","symbol":"SPT","quantity":"136.614869","price":"0.01670000","timestamp":1632100275,"volume":"2.28146831","buyTxId":"83ff6cbc747e73084805c74391acb387c9f67477","sellTxId":"8896c8806b1333e4d4381b829eaf154e91fad768"}
{"index": {"_index":"spt","_id":"1552609"}}
	{"id":1552609,"type":"sell","buyer":"mastergerund","seller":"odusx","symbol":"SPT","quantity":"1473.808945","price":"0.01670000","timestamp":1632102261,"volume":"24.61260938","buyTxId":"83ff6cbc747e73084805c74391acb387c9f67477","sellTxId":"2b0de9567332d0d500ca43e52759f6c573f77a27"}
{"index": {"_index":"spt","_id":"1552636"}}
	{"id":1552636,"type":"sell","buyer":"anadolu","seller":"itachi24","symbol":"SPT","quantity":"4718.450833","price":"0.01680000","timestamp":1632103386,"volume":"79.26997399","buyTxId":"5bb29d3cbed88e4b596160fc74097cc6fd19432a","sellTxId":"5c336de7e310e753b4b2813bb0e93699b58dd7a9"}
{"index": {"_index":"spt","_id":"1552718"}}
	{"id":1552718,"type":"sell","buyer":"mastergerund","seller":"shadowstorm365","symbol":"SPT","quantity":"400.000000","price":"0.01670000","timestamp":1632105180,"volume":"6.68000000","buyTxId":"83ff6cbc747e73084805c74391acb387c9f67477","sellTxId":"5a0f9dc31a6528ef9cbec76df77eddcb85848f0a"}
{"index": {"_index":"spt","_id":"1552723"}}
	{"id":1552723,"type":"buy","buyer":"anadolu","seller":"chireerocks","symbol":"SPT","quantity":"575.387927","price":"0.01683000","timestamp":1632105474,"volume":"9.68377881","buyTxId":"5d3668ffef431c2f2e5ce8ad957178a2e4f0dd91","sellTxId":"fccd395953994d0d838e2e7a5befb60148b4ab54"}
