{"index": {"_index":"spt","_id":"1888860"}}
	{"id":1888860,"type":"sell","buyer":"markinho2212","seller":"karuna21","symbol":"SPT","quantity":"5.812048","price":"0.01089997","timestamp":1636083216,"volume":"0.06335115","buyTxId":"96a17df3c68099da2ea47b3f6598909e7e0afff9","sellTxId":"0c45bb682205857537dd2069cc65277a0eca5585"}
{"index": {"_index":"spt","_id":"1888922"}}
	{"id":1888922,"type":"buy","buyer":"catomoon","seller":"karuna21","symbol":"SPT","quantity":"0.243000","price":"0.01089900","timestamp":1636083996,"volume":"0.00264846","buyTxId":"7003de22ba20045ee70c6dc8223318f5e8f0fc10","sellTxId":"0c45bb682205857537dd2069cc65277a0eca5585"}
{"index": {"_index":"spt","_id":"1888973"}}
	{"id":1888973,"type":"sell","buyer":"pi-trader","seller":"roguecrane","symbol":"SPT","quantity":"0.000342","price":"0.00900106","timestamp":1636084668,"volume":"0.00000308","buyTxId":"311f57273a1530d53623256764504c524e79fbe3-3","sellTxId":"0f69a865e96d4c0299dbf2addf5a33df33ce694e"}
{"index": {"_index":"spt","_id":"1888980"}}
	{"id":1888980,"type":"sell","buyer":"granddaddies","seller":"lypisz","symbol":"SPT","quantity":"29.886427","price":"0.00900109","timestamp":1636084776,"volume":"0.26901042","buyTxId":"0a52871559bd2e098f18fb11c90d7ebb56714a32","sellTxId":"fd9b699241686d8d363d78846ac62fbbab202f86"}
{"index": {"_index":"spt","_id":"1889063"}}
	{"id":1889063,"type":"buy","buyer":"eythorphoto","seller":"karuna21","symbol":"SPT","quantity":"730.000000","price":"0.01089900","timestamp":1636085526,"volume":"7.95627000","buyTxId":"94f38b768732f3a5b456c7453e9371c0f66f79c3","sellTxId":"0c45bb682205857537dd2069cc65277a0eca5585"}
{"index": {"_index":"spt","_id":"1889111"}}
	{"id":1889111,"type":"buy","buyer":"eythor-photo22","seller":"karuna21","symbol":"SPT","quantity":"60.000000","price":"0.01089900","timestamp":1636085952,"volume":"0.65394000","buyTxId":"c050204b29802d37d32af95c13609ca7a19f4f00","sellTxId":"0c45bb682205857537dd2069cc65277a0eca5585"}
{"index": {"_index":"spt","_id":"1889117"}}
	{"id":1889117,"type":"buy","buyer":"ahmetay","seller":"karuna21","symbol":"SPT","quantity":"910.364952","price":"0.01089900","timestamp":1636086063,"volume":"9.92206761","buyTxId":"b438403ba2999d124d387edfdc3575e6fb1f7b28","sellTxId":"0c45bb682205857537dd2069cc65277a0eca5585"}
{"index": {"_index":"spt","_id":"1889191"}}
	{"id":1889191,"type":"sell","buyer":"pi-trader","seller":"sumiechan","symbol":"SPT","quantity":"18.308219","price":"0.00910091","timestamp":1636086801,"volume":"0.16662145","buyTxId":"55a04af377cbd525736aa4b576fafaffe153df1e-1","sellTxId":"0b5a18468a49ef90908b38b5742a2efd6411b782"}
{"index": {"_index":"spt","_id":"1889275"}}
	{"id":1889275,"type":"sell","buyer":"pi-trader","seller":"jenny-ren","symbol":"SPT","quantity":"6722.783131","price":"0.00910261","timestamp":1636087998,"volume":"61.19487296","buyTxId":"9d102f863f81380ccf573de9b1efbd09e5900748-1","sellTxId":"fc818f56f50b2a020a63357d0edfca3c9f8d0670"}
{"index": {"_index":"spt","_id":"1889343"}}
	{"id":1889343,"type":"sell","buyer":"pi-trader","seller":"mercurial9","symbol":"SPT","quantity":"858.281202","price":"0.00910271","timestamp":1636088925,"volume":"7.81268488","buyTxId":"2d1ea4097103c560edb7bd22a072d0f6b0319785-1","sellTxId":"8f14d677ab707c2324943f1aa6c6e703240608c3"}
{"index": {"_index":"spt","_id":"1889486"}}
	{"id":1889486,"type":"sell","buyer":"pi-trader","seller":"chekohler","symbol":"SPT","quantity":"3.696317","price":"0.00915001","timestamp":1636090626,"volume":"0.03382134","buyTxId":"cf3fb088201fc54ea2d3ea390630a06106c06657-1","sellTxId":"7d48a2404c3a2df1da967f37b7c588c7bf219a35"}
{"index": {"_index":"spt","_id":"1889504"}}
	{"id":1889504,"type":"buy","buyer":"legionxo","seller":"karuna21","symbol":"SPT","quantity":"51.000000","price":"0.01089800","timestamp":1636090776,"volume":"0.55579800","buyTxId":"b4b4fa5d466e1855648796921dc120e3ab2c92a1","sellTxId":"fd0747c850260c6e314026849d88514dc34f2266"}
{"index": {"_index":"spt","_id":"1889546"}}
	{"id":1889546,"type":"buy","buyer":"thecrazywarlock","seller":"arnob23","symbol":"SPT","quantity":"2000.000000","price":"0.01089700","timestamp":1636091538,"volume":"21.79400000","buyTxId":"033ffdcb87975f06d3727364bb5e3c14b0854589","sellTxId":"f181af3821017ddd73bb0c7c1e99429027e2f249"}
{"index": {"_index":"spt","_id":"1889589"}}
	{"id":1889589,"type":"sell","buyer":"pi-trader","seller":"mawit07","symbol":"SPT","quantity":"826.742886","price":"0.00950001","timestamp":1636092279,"volume":"7.85406568","buyTxId":"2f0751024ffba6d79fcf0101c8b691920c2f61f0-7","sellTxId":"f67cf1af9c9a4fe97ee56fc04f72503f602e3587"}
{"index": {"_index":"spt","_id":"1889628"}}
	{"id":1889628,"type":"sell","buyer":"granddaddies","seller":"atanvardo","symbol":"SPT","quantity":"108.964038","price":"0.00910266","timestamp":1636092675,"volume":"0.99186259","buyTxId":"de1a38c3eca353ca82dc71c1c1e91c4078073bc3","sellTxId":"d0b24a39b554ed9248a38447e01f0440a98845df"}
{"index": {"_index":"spt","_id":"1889703"}}
	{"id":1889703,"type":"sell","buyer":"pi-trader","seller":"khazrakh","symbol":"SPT","quantity":"70.891000","price":"0.00910265","timestamp":1636093161,"volume":"0.64529596","buyTxId":"07b95e99ce0992f1e9e2db99a4829943a9d81ba1-5","sellTxId":"1a4d2dcfd212a1557c55507a03251ffb03c1ef45"}
{"index": {"_index":"spt","_id":"1889843"}}
	{"id":1889843,"type":"sell","buyer":"pi-trader","seller":"dhedge-drips","symbol":"SPT","quantity":"0.057311","price":"0.00910271","timestamp":1636094751,"volume":"0.00052169","buyTxId":"ab46684d4ce39f2d6deba1ba3738afbd2032537f-1","sellTxId":"64f1a452519aefeac9ab32b11ffe72b6a3ea097c"}
{"index": {"_index":"spt","_id":"1889885"}}
	{"id":1889885,"type":"sell","buyer":"granddaddies","seller":"dswap","symbol":"SPT","quantity":"477","price":"0.00910281","timestamp":1636095138,"volume":"4.34204037","buyTxId":"1e36b71d25aacdfc989f365ee9f740914cbed95d","sellTxId":"b82af9afa8a97fa012797386a7a406b83435f7a3"}
{"index": {"_index":"spt","_id":"1889894"}}
	{"id":1889894,"type":"sell","buyer":"pi-trader","seller":"chireerocks","symbol":"SPT","quantity":"116.439195","price":"0.00910273","timestamp":1636095294,"volume":"1.05991455","buyTxId":"8ca04e9ddcff9303490c4b79a1a3b8f822a8b686-1","sellTxId":"6f038d47d7b2a47afae02351f62f09a50959a576"}
{"index": {"_index":"spt","_id":"1889933"}}
	{"id":1889933,"type":"buy","buyer":"ahmetay","seller":"mango-juice","symbol":"SPT","quantity":"895.249482","price":"0.00999000","timestamp":1636095546,"volume":"8.94354233","buyTxId":"58f392e2b4eae5db75343d5c5c9d1225fb5693f9","sellTxId":"04d9d4b4e7d21a90f0a5bddb0124f2d3ff78dbd7"}
{"index": {"_index":"spt","_id":"1889937"}}
	{"id":1889937,"type":"buy","buyer":"ahmetay","seller":"saachi","symbol":"SPT","quantity":"400.000000","price":"0.01000000","timestamp":1636095579,"volume":"4.00000000","buyTxId":"b583a787781f01fa56ad85b5c9bae6e15ed1db25","sellTxId":"c8b122ac67e66aaee694b18d806cbf214b750728"}
{"index": {"_index":"spt","_id":"1889938"}}
	{"id":1889938,"type":"buy","buyer":"ahmetay","seller":"dhedge-drips","symbol":"SPT","quantity":"0.057311","price":"0.01000000","timestamp":1636095579,"volume":"0.00057311","buyTxId":"b583a787781f01fa56ad85b5c9bae6e15ed1db25","sellTxId":"3ce111de7585355386aa9478b3a16a4bc17cc560"}
{"index": {"_index":"spt","_id":"1889941"}}
	{"id":1889941,"type":"sell","buyer":"pi-trader","seller":"dswap","symbol":"SPT","quantity":"2325","price":"0.00910281","timestamp":1636095621,"volume":"21.16403325","buyTxId":"3cf494ed04ee7a0e18f663fe682722550e21641c-2","sellTxId":"fadf10f2a13b0a4d529c767f041efa4c1f817fef"}
{"index": {"_index":"spt","_id":"1890090"}}
	{"id":1890090,"type":"buy","buyer":"ahmetay","seller":"arnob23","symbol":"SPT","quantity":"5000.000000","price":"0.01089700","timestamp":1636096872,"volume":"54.48500000","buyTxId":"c4191cdfad1eef53b3e896c2de62599ff645f7ee","sellTxId":"f181af3821017ddd73bb0c7c1e99429027e2f249"}
{"index": {"_index":"spt","_id":"1890271"}}
	{"id":1890271,"type":"buy","buyer":"samarek69","seller":"karuna21","symbol":"SPT","quantity":"8.260000","price":"0.01089600","timestamp":1636098630,"volume":"0.09000096","buyTxId":"8b4a4b47fcd2ac0414a54fb66966d8510185b580","sellTxId":"cd5e53e2c2f59525ae7a147c91f818041bc14414"}
{"index": {"_index":"spt","_id":"1890309"}}
	{"id":1890309,"type":"sell","buyer":"pi-trader","seller":"ramires","symbol":"SPT","quantity":"8000.000000","price":"0.00910502","timestamp":1636098927,"volume":"72.84016000","buyTxId":"a377d50e2eeacbf14d6a6e831b04ede05ec73616-4","sellTxId":"eb1594c509463a34207e90e0d777380835e477e1"}
{"index": {"_index":"spt","_id":"1890310"}}
	{"id":1890310,"type":"sell","buyer":"granddaddies","seller":"ramires","symbol":"SPT","quantity":"62783.000000","price":"0.00910502","timestamp":1636098927,"volume":"571.64047066","buyTxId":"df88771fb2c40d92f86baedcd6f5bd2663e384ac","sellTxId":"eb1594c509463a34207e90e0d777380835e477e1"}
{"index": {"_index":"spt","_id":"1890311"}}
	{"id":1890311,"type":"sell","buyer":"karuna21","seller":"ramires","symbol":"SPT","quantity":"2104.000000","price":"0.00910501","timestamp":1636098927,"volume":"19.15694104","buyTxId":"990b3436704164c9503a562f47a976913ee3b721","sellTxId":"eb1594c509463a34207e90e0d777380835e477e1"}
{"index": {"_index":"spt","_id":"1890312"}}
	{"id":1890312,"type":"sell","buyer":"he-index","seller":"ramires","symbol":"SPT","quantity":"18.895000","price":"0.00910273","timestamp":1636098927,"volume":"0.17199608","buyTxId":"095882034603c54f687b0e7322dadf6752766519","sellTxId":"eb1594c509463a34207e90e0d777380835e477e1"}
{"index": {"_index":"spt","_id":"1890313"}}
	{"id":1890313,"type":"sell","buyer":"arnob23","seller":"ramires","symbol":"SPT","quantity":"2395.000000","price":"0.00910270","timestamp":1636098927,"volume":"21.80096650","buyTxId":"6f6008d93b87bb952fa78ab8cd468c76f0b76717","sellTxId":"eb1594c509463a34207e90e0d777380835e477e1"}
{"index": {"_index":"spt","_id":"1890314"}}
	{"id":1890314,"type":"sell","buyer":"dubble.eth","seller":"ramires","symbol":"SPT","quantity":"34.000000","price":"0.00900105","timestamp":1636098927,"volume":"0.30603570","buyTxId":"d57c2ec8ab1f3c29e3ad97a1a1564807b443619e","sellTxId":"eb1594c509463a34207e90e0d777380835e477e1"}
{"index": {"_index":"spt","_id":"1890315"}}
	{"id":1890315,"type":"sell","buyer":"he-index","seller":"ramires","symbol":"SPT","quantity":"26.886000","price":"0.00900104","timestamp":1636098927,"volume":"0.24200196","buyTxId":"93d509e7d6a63958933ca4cc7cfd161c451a5985","sellTxId":"eb1594c509463a34207e90e0d777380835e477e1"}
{"index": {"_index":"spt","_id":"1890316"}}
	{"id":1890316,"type":"sell","buyer":"jarvie","seller":"ramires","symbol":"SPT","quantity":"194638.219000","price":"0.00900100","timestamp":1636098927,"volume":"1751.93860922","buyTxId":"358117c1ef0bc78a62f173991c6b6a855d565e5d","sellTxId":"eb1594c509463a34207e90e0d777380835e477e1"}
{"index": {"_index":"spt","_id":"1890379"}}
	{"id":1890379,"type":"sell","buyer":"pi-trader","seller":"brofi-market","symbol":"SPT","quantity":"4.695698","price":"0.00900105","timestamp":1636099788,"volume":"0.04226621","buyTxId":"086c37a41aee3a75517e863dafd63bdd2d51038c-9","sellTxId":"95111241a79b29d5c71ec4a671a8b83ae34bf34e"}
{"index": {"_index":"spt","_id":"1890529"}}
	{"id":1890529,"type":"buy","buyer":"ahmetay","seller":"arnob23","symbol":"SPT","quantity":"2395.000000","price":"0.01072600","timestamp":1636101249,"volume":"25.68877000","buyTxId":"7f2f0792387c8edd05bfc342af94f38587366c26","sellTxId":"e03b0f074eea36deadc6cf525aa9c2bf02fa79fa"}
{"index": {"_index":"spt","_id":"1890530"}}
	{"id":1890530,"type":"buy","buyer":"ahmetay","seller":"karuna21","symbol":"SPT","quantity":"2229.744000","price":"0.01089600","timestamp":1636101249,"volume":"24.29529062","buyTxId":"7f2f0792387c8edd05bfc342af94f38587366c26","sellTxId":"05719bf02b3c8f819f5334ef987f4996b51048b2"}
{"index": {"_index":"spt","_id":"1890531"}}
	{"id":1890531,"type":"buy","buyer":"ahmetay","seller":"brofi-market","symbol":"SPT","quantity":"1.462865","price":"0.01089600","timestamp":1636101249,"volume":"0.01593938","buyTxId":"7f2f0792387c8edd05bfc342af94f38587366c26","sellTxId":"d48d140d5a48bf51637d364df2ff1d04e1c7a642"}
{"index": {"_index":"spt","_id":"1890597"}}
	{"id":1890597,"type":"sell","buyer":"granddaddies","seller":"najlive","symbol":"SPT","quantity":"628.684772","price":"0.00900102","timestamp":1636101966,"volume":"5.65880421","buyTxId":"46d6970d9f39adba6b63b2d91e438e72a671c27e","sellTxId":"b8f4f94632d5f0738c62c2c88918380f6022225b"}
{"index": {"_index":"spt","_id":"1890691"}}
	{"id":1890691,"type":"sell","buyer":"pi-trader","seller":"andy-plays","symbol":"SPT","quantity":"0.240000","price":"0.00910061","timestamp":1636102863,"volume":"0.00218415","buyTxId":"a6558d63d98fcaa533b7ddb096d5069eb01bfc25-3","sellTxId":"106456432364e58f663824e3178fd2c28629833e"}
{"index": {"_index":"spt","_id":"1890854"}}
	{"id":1890854,"type":"buy","buyer":"pi-trader","seller":"limka","symbol":"SPT","quantity":"1113.379621","price":"0.00910071","timestamp":1636104735,"volume":"10.13254505","buyTxId":"638f9e07b77b15df9ed68683d935867b0387e3bf-1","sellTxId":"97f46f68c2d5e2fced4cf60d4b6517a3f4b62dea"}
{"index": {"_index":"spt","_id":"1890922"}}
	{"id":1890922,"type":"sell","buyer":"pi-trader","seller":"chekohler","symbol":"SPT","quantity":"0.000171","price":"0.00910063","timestamp":1636105347,"volume":"0.00000156","buyTxId":"1f6ea01200feee866f0e87e1e4464b63f0559551-1","sellTxId":"ffadc402cf97da17054ad252e65cedd23d13214e"}
{"index": {"_index":"spt","_id":"1890923"}}
	{"id":1890923,"type":"sell","buyer":"pi-trader","seller":"potpot11","symbol":"SPT","quantity":"326.352859","price":"0.00910063","timestamp":1636105356,"volume":"2.97001662","buyTxId":"1f6ea01200feee866f0e87e1e4464b63f0559551-1","sellTxId":"54120e0ec30e122b36ca75555b8b17693ae2883a"}
{"index": {"_index":"spt","_id":"1891108"}}
	{"id":1891108,"type":"sell","buyer":"granddaddies","seller":"sayee","symbol":"SPT","quantity":"1423.184722","price":"0.00910066","timestamp":1636107726,"volume":"12.95192027","buyTxId":"0efec15711f5ec1bd8d99ef252e11d7018d3c0cd","sellTxId":"464eb95de070b30a1c77f7448e4b1334f0e76618"}
{"index": {"_index":"spt","_id":"1891158"}}
	{"id":1891158,"type":"sell","buyer":"granddaddies","seller":"fedesox","symbol":"SPT","quantity":"110.000000","price":"0.00910068","timestamp":1636108260,"volume":"1.00107480","buyTxId":"14999d38357106a14d0aa3aa25b8de9f0665cb4d","sellTxId":"d7a9c4b260ba2e53f2bd5845d51089ae4bc04507"}
{"index": {"_index":"spt","_id":"1891252"}}
	{"id":1891252,"type":"buy","buyer":"enosh","seller":"kellyane","symbol":"SPT","quantity":"2.390160","price":"0.00917000","timestamp":1636109757,"volume":"0.02191777","buyTxId":"137398b46ebd90fce7a16d84018f2b3f422d63c0","sellTxId":"1c5c05c242383e6b64d73a6359e22e4f03022626"}
{"index": {"_index":"spt","_id":"1891567"}}
	{"id":1891567,"type":"buy","buyer":"stonmack","seller":"brofi-market","symbol":"SPT","quantity":"1.000000","price":"0.01089600","timestamp":1636113372,"volume":"0.01089600","buyTxId":"577c27ba3d9a2aa46c6adf94b3ce24a1333679c4","sellTxId":"d48d140d5a48bf51637d364df2ff1d04e1c7a642"}
{"index": {"_index":"spt","_id":"1891609"}}
	{"id":1891609,"type":"buy","buyer":"egistar","seller":"brofi-market","symbol":"SPT","quantity":"2.232833","price":"0.01089600","timestamp":1636113648,"volume":"0.02432895","buyTxId":"a1253f9b96eeba5e51a3a40c91b9aa71cb70cf39","sellTxId":"d48d140d5a48bf51637d364df2ff1d04e1c7a642"}
{"index": {"_index":"spt","_id":"1891610"}}
	{"id":1891610,"type":"buy","buyer":"egistar","seller":"arnob23","symbol":"SPT","quantity":"612.615495","price":"0.01089700","timestamp":1636113648,"volume":"6.67567105","buyTxId":"a1253f9b96eeba5e51a3a40c91b9aa71cb70cf39","sellTxId":"f181af3821017ddd73bb0c7c1e99429027e2f249"}
{"index": {"_index":"spt","_id":"1891625"}}
	{"id":1891625,"type":"sell","buyer":"pi-trader","seller":"nnniel","symbol":"SPT","quantity":"236.194621","price":"0.00917007","timestamp":1636113732,"volume":"2.16592121","buyTxId":"d5aecbb60a8a0333861577b47dc6a107e59a3a20-3","sellTxId":"cacb56dcf3b9513daeba21c10437da7efae27aea"}
{"index": {"_index":"spt","_id":"1891671"}}
	{"id":1891671,"type":"sell","buyer":"pi-trader","seller":"jzeee","symbol":"SPT","quantity":"97.996","price":"0.00917009","timestamp":1636114275,"volume":"0.89863214","buyTxId":"640a8d9acc791679f8e092eb70abb4113b48e7b7-5","sellTxId":"f226f5dc0f56dca423de86822d7003159aba5435"}
{"index": {"_index":"spt","_id":"1891682"}}
	{"id":1891682,"type":"sell","buyer":"pi-trader","seller":"kakakk","symbol":"SPT","quantity":"1155.042330","price":"0.00917001","timestamp":1636114431,"volume":"10.59174972","buyTxId":"d8598f0f088f6d20f1cc55eb5daa259f3c95e767-1","sellTxId":"590e199e2b91dfd2053864deb9f668566f785d62"}
{"index": {"_index":"spt","_id":"1891766"}}
	{"id":1891766,"type":"buy","buyer":"skgcrypto","seller":"arnob23","symbol":"SPT","quantity":"10.000000","price":"0.01089700","timestamp":1636115178,"volume":"0.10897000","buyTxId":"911a498e0d0c35fe667fa434539164d48ce08444","sellTxId":"f181af3821017ddd73bb0c7c1e99429027e2f249"}
{"index": {"_index":"spt","_id":"1891786"}}
	{"id":1891786,"type":"buy","buyer":"skgcrypto","seller":"arnob23","symbol":"SPT","quantity":"13.298751","price":"0.01089700","timestamp":1636115454,"volume":"0.14491649","buyTxId":"b00d15d3a4fbd56b0babda3a2f92cecd5a30819b","sellTxId":"f181af3821017ddd73bb0c7c1e99429027e2f249"}
{"index": {"_index":"spt","_id":"1891878"}}
	{"id":1891878,"type":"sell","buyer":"pi-trader","seller":"dhedge-drips","symbol":"SPT","quantity":"0.044106","price":"0.00950001","timestamp":1636116381,"volume":"0.00041901","buyTxId":"11e55190ce7a298c03c9318082bfb8f524ffd2e8-1","sellTxId":"a008b4fe9d4225e4726b3fc128d3236b5294ec54"}
{"index": {"_index":"spt","_id":"1891912"}}
	{"id":1891912,"type":"sell","buyer":"pi-trader","seller":"chekohler","symbol":"SPT","quantity":"0.390083","price":"0.00950004","timestamp":1636116519,"volume":"0.00370580","buyTxId":"d586b523f7a61b9d40e8991c2a8cd0218af73d45-1","sellTxId":"0edb43c059e5fe9257b15176b72ea2c0bb6c12fb"}
{"index": {"_index":"spt","_id":"1892268"}}
	{"id":1892268,"type":"sell","buyer":"pi-trader","seller":"legionxo","symbol":"SPT","quantity":"51.000000","price":"0.01000001","timestamp":1636120038,"volume":"0.51000051","buyTxId":"587ed55366d95ccb0845d04c1a503e1ad3d642e7-3","sellTxId":"b8cad2313546dfe0015217112846066fe190defb"}
{"index": {"_index":"spt","_id":"1892470"}}
	{"id":1892470,"type":"sell","buyer":"pi-trader","seller":"lypisz","symbol":"SPT","quantity":"25.603204","price":"0.01000005","timestamp":1636122093,"volume":"0.25603332","buyTxId":"cf91c3e0105c7129d4e6837a1b3e80d2d527819c-1","sellTxId":"337fadddcc33a7a786d70687c0bacadce26dab0f"}
{"index": {"_index":"spt","_id":"1892549"}}
	{"id":1892549,"type":"buy","buyer":"blockchainleo","seller":"arnob23","symbol":"SPT","quantity":"9.931214","price":"0.01089700","timestamp":1636122861,"volume":"0.10822044","buyTxId":"bd429ca4a788be94f534a8e4ebd7c293bf472809","sellTxId":"f181af3821017ddd73bb0c7c1e99429027e2f249"}
{"index": {"_index":"spt","_id":"1892557"}}
	{"id":1892557,"type":"buy","buyer":"blockchainleo","seller":"arnob23","symbol":"SPT","quantity":"57.180875","price":"0.01089700","timestamp":1636122981,"volume":"0.62309999","buyTxId":"615d75fabd440571ea0f404a4fb9c7636e26d232","sellTxId":"f181af3821017ddd73bb0c7c1e99429027e2f249"}
{"index": {"_index":"spt","_id":"1892585"}}
	{"id":1892585,"type":"buy","buyer":"banisher","seller":"arnob23","symbol":"SPT","quantity":"1033.771525","price":"0.01089700","timestamp":1636123182,"volume":"11.26500831","buyTxId":"8d5494e498a4f35bae0c23325887620e22b8684b","sellTxId":"f181af3821017ddd73bb0c7c1e99429027e2f249"}
{"index": {"_index":"spt","_id":"1892660"}}
	{"id":1892660,"type":"buy","buyer":"he-index","seller":"arnob23","symbol":"SPT","quantity":"22.942000","price":"0.01089700","timestamp":1636123596,"volume":"0.24999897","buyTxId":"5a2509f9ec369cba500235f85bed6849b382420a","sellTxId":"f181af3821017ddd73bb0c7c1e99429027e2f249"}
{"index": {"_index":"spt","_id":"1892683"}}
	{"id":1892683,"type":"buy","buyer":"granddaddies","seller":"geom","symbol":"SPT","quantity":"0.824954","price":"0.01000009","timestamp":1636123725,"volume":"0.00824961","buyTxId":"dd4c79858eed3885acbfe2815608cd7b59bb9d81","sellTxId":"0edeb74e27c1be44551ee29acbb7d9a632b77e77"}
{"index": {"_index":"spt","_id":"1892686"}}
	{"id":1892686,"type":"buy","buyer":"fighter4-freedom","seller":"arnob23","symbol":"SPT","quantity":"6611.260140","price":"0.01089700","timestamp":1636123731,"volume":"72.04290175","buyTxId":"222a5e0f122891be748a3af4e188fe0ece77efb9","sellTxId":"f181af3821017ddd73bb0c7c1e99429027e2f249"}
{"index": {"_index":"spt","_id":"1892687"}}
	{"id":1892687,"type":"buy","buyer":"fighter4-freedom","seller":"arnob23","symbol":"SPT","quantity":"325.000000","price":"0.01089700","timestamp":1636123731,"volume":"3.54152500","buyTxId":"222a5e0f122891be748a3af4e188fe0ece77efb9","sellTxId":"7a38039836e0a0b84b445cdd76142c86f5faaf98"}
{"index": {"_index":"spt","_id":"1892688"}}
	{"id":1892688,"type":"buy","buyer":"fighter4-freedom","seller":"dlmmqb","symbol":"SPT","quantity":"896.485854","price":"0.01089700","timestamp":1636123731,"volume":"9.76900635","buyTxId":"222a5e0f122891be748a3af4e188fe0ece77efb9","sellTxId":"003147814b05603860d4165269a7eca10c3f271e"}
{"index": {"_index":"spt","_id":"1892689"}}
	{"id":1892689,"type":"buy","buyer":"fighter4-freedom","seller":"dhedge-drips","symbol":"SPT","quantity":"0.044106","price":"0.01089700","timestamp":1636123731,"volume":"0.00048062","buyTxId":"222a5e0f122891be748a3af4e188fe0ece77efb9","sellTxId":"d5cb1204623fc8ba8f5820a723ab37d5575c8618"}
{"index": {"_index":"spt","_id":"1892690"}}
	{"id":1892690,"type":"buy","buyer":"fighter4-freedom","seller":"he-index","symbol":"SPT","quantity":"0.004000","price":"0.01089999","timestamp":1636123731,"volume":"0.00004360","buyTxId":"222a5e0f122891be748a3af4e188fe0ece77efb9","sellTxId":"25f11b1a655197874e1f8c02fd2a47a6e5744d09"}
{"index": {"_index":"spt","_id":"1892691"}}
	{"id":1892691,"type":"buy","buyer":"fighter4-freedom","seller":"abcor","symbol":"SPT","quantity":"580.923398","price":"0.01090000","timestamp":1636123731,"volume":"6.33206504","buyTxId":"222a5e0f122891be748a3af4e188fe0ece77efb9","sellTxId":"f85ef01c420de39120bea3d2000d71df07743e3c"}
{"index": {"_index":"spt","_id":"1892692"}}
	{"id":1892692,"type":"buy","buyer":"fighter4-freedom","seller":"laundrywoman","symbol":"SPT","quantity":"41586.282502","price":"0.01098999","timestamp":1636123731,"volume":"457.03282883","buyTxId":"222a5e0f122891be748a3af4e188fe0ece77efb9","sellTxId":"5a46540b28b7dcf6f103571d843674c2f68e677f"}
{"index": {"_index":"spt","_id":"1892888"}}
	{"id":1892888,"type":"sell","buyer":"pi-trader","seller":"hiveexplorers","symbol":"SPT","quantity":"366.595334","price":"0.01000005","timestamp":1636124670,"volume":"3.66597167","buyTxId":"ab0e204532b894261118ccae6cee71f88e798921-2","sellTxId":"3e0a86e0fe64dcec15bef3066926cc6bfa24735e"}
{"index": {"_index":"spt","_id":"1892998"}}
	{"id":1892998,"type":"sell","buyer":"pi-trader","seller":"dswap","symbol":"SPT","quantity":"12","price":"0.01000011","timestamp":1636125462,"volume":"0.12000132","buyTxId":"81c9e75a4dcbc0770333cf2202d747d3e1c49f3f-3","sellTxId":"b5bc59006f9c3d617a6ca48356db343b95b8b206"}
{"index": {"_index":"spt","_id":"1893040"}}
	{"id":1893040,"type":"buy","buyer":"chaiyasats","seller":"laundrywoman","symbol":"SPT","quantity":"46.000000","price":"0.01098999","timestamp":1636125816,"volume":"0.50553954","buyTxId":"a3c4b252748c765e21800bf94220f6bcae2e64f8","sellTxId":"0016a5f3c54ab48c9c501e9b3ab215f23efa4312"}
{"index": {"_index":"spt","_id":"1893205"}}
	{"id":1893205,"type":"sell","buyer":"pi-trader","seller":"panthera68","symbol":"SPT","quantity":"1691.000000","price":"0.01000003","timestamp":1636126878,"volume":"16.91005073","buyTxId":"32df0fb2d966f2b8ddfe87ec4a904187a7d5a5cc-4","sellTxId":"16c6890fe9cb9b6799ad2e6c2abf6c1296db1250"}
{"index": {"_index":"spt","_id":"1893434"}}
	{"id":1893434,"type":"buy","buyer":"catomoon","seller":"laundrywoman","symbol":"SPT","quantity":"0.002570","price":"0.01097989","timestamp":1636128846,"volume":"0.00002822","buyTxId":"e0a14763be45171937ea09c84afa7c7f85fe6e8f","sellTxId":"ef706cdd4f447394acd55dca5147f96514e9c3f0"}
{"index": {"_index":"spt","_id":"1893633"}}
	{"id":1893633,"type":"sell","buyer":"pi-trader","seller":"remystar93","symbol":"SPT","quantity":"55.127695","price":"0.01000005","timestamp":1636129746,"volume":"0.55127971","buyTxId":"5423c7ec3781385c29f36d1d4eff85a311bf3760-5","sellTxId":"f11d3bee8e870989812c88aaa221bd6cdcbd222e"}
{"index": {"_index":"spt","_id":"1893648"}}
	{"id":1893648,"type":"buy","buyer":"jongolson","seller":"laundrywoman","symbol":"SPT","quantity":"1000.000000","price":"0.01097989","timestamp":1636129806,"volume":"10.97989000","buyTxId":"e70bbe67778e698b0ddf430b25cadad6c5d0085d","sellTxId":"ef706cdd4f447394acd55dca5147f96514e9c3f0"}
{"index": {"_index":"spt","_id":"1893703"}}
	{"id":1893703,"type":"sell","buyer":"pi-trader","seller":"dynamicgreentk","symbol":"SPT","quantity":"1081.631684","price":"0.01000003","timestamp":1636130103,"volume":"10.81634929","buyTxId":"4d2b3e2f8cd0493c3647f4d736c1717471e45f48-3","sellTxId":"ee7aa9549ec019985bad8e67ce5949534bf7d2ea"}
{"index": {"_index":"spt","_id":"1893742"}}
	{"id":1893742,"type":"sell","buyer":"pi-trader","seller":"dswap","symbol":"SPT","quantity":"8000.000000","price":"0.01000009","timestamp":1636130340,"volume":"80.00072000","buyTxId":"9da6c0853bc200b0c9cc449db232a012a380b419-5","sellTxId":"fe6e1eb0b95bae67e322d995e66b4028e5e39d39"}
{"index": {"_index":"spt","_id":"1893743"}}
	{"id":1893743,"type":"sell","buyer":"granddaddies","seller":"dswap","symbol":"SPT","quantity":"5206.000000","price":"0.01000008","timestamp":1636130340,"volume":"52.06041648","buyTxId":"263997a0d86267ff76fd6694cf5c43cf8d438d8f","sellTxId":"fe6e1eb0b95bae67e322d995e66b4028e5e39d39"}
{"index": {"_index":"spt","_id":"1893933"}}
	{"id":1893933,"type":"sell","buyer":"pi-trader","seller":"sketchygamerguy","symbol":"SPT","quantity":"36.566421","price":"0.01000003","timestamp":1636131513,"volume":"0.36566531","buyTxId":"aedb1aa326482e508828e84e13498392f798316d-7","sellTxId":"99a84fe388b1b0629e5ccc269c936bef6600f8cd"}
{"index": {"_index":"spt","_id":"1893956"}}
	{"id":1893956,"type":"sell","buyer":"granddaddies","seller":"dswap","symbol":"SPT","quantity":"165.537600","price":"0.01000004","timestamp":1636131597,"volume":"1.65538262","buyTxId":"bd17409a096b2a03672581e9990d2e1a89ea1d24","sellTxId":"c645ddbba56a17eb6feff1e7942f379901b8095a"}
{"index": {"_index":"spt","_id":"1894308"}}
	{"id":1894308,"type":"sell","buyer":"pi-trader","seller":"szero","symbol":"SPT","quantity":"670.396521","price":"0.01000011","timestamp":1636134393,"volume":"6.70403895","buyTxId":"438aae96ec09e7596c9e84a9ceb93ad6ef3e7664-5","sellTxId":"9e52adc30161742a725f85dc412f83a8449fa19c"}
{"index": {"_index":"spt","_id":"1894456"}}
	{"id":1894456,"type":"buy","buyer":"samarek69","seller":"shauner","symbol":"SPT","quantity":"10.308000","price":"0.01075000","timestamp":1636135389,"volume":"0.11081100","buyTxId":"5cafffcdb163f88bec2a066840cb2f311c39fe53","sellTxId":"145f66fe15636a18e281c0a8a6d80a62003faea5"}
{"index": {"_index":"spt","_id":"1894467"}}
	{"id":1894467,"type":"sell","buyer":"granddaddies","seller":"freeztag","symbol":"SPT","quantity":"778.156930","price":"0.01000004","timestamp":1636135428,"volume":"7.78160043","buyTxId":"46aec8e723a837b96fc29a03e9eaf2d6e52304b9","sellTxId":"1cc14c4385c15b3e6fec4caeafcdadc9504c55f9"}
{"index": {"_index":"spt","_id":"1894488"}}
	{"id":1894488,"type":"sell","buyer":"pi-trader","seller":"jaopalas","symbol":"SPT","quantity":"134.689261","price":"0.01000007","timestamp":1636135536,"volume":"1.34690204","buyTxId":"2a0c3c8b9ec2ca9bd0f4f12cb3eb84d618f8415f-3","sellTxId":"412bef293b01fed63823085b777b5d48651a92db"}
{"index": {"_index":"spt","_id":"1894608"}}
	{"id":1894608,"type":"buy","buyer":"samarek69","seller":"laundrywoman","symbol":"SPT","quantity":"0.462090","price":"0.01074999","timestamp":1636136952,"volume":"0.00496746","buyTxId":"b3dc467be7c70732eb0898215d0b1f7874f0d34e","sellTxId":"96d7890ed6de46bb49ebdb3c5ec4d74eea0dc134"}
{"index": {"_index":"spt","_id":"1894647"}}
	{"id":1894647,"type":"buy","buyer":"dswap","seller":"laundrywoman","symbol":"SPT","quantity":"178.376605","price":"0.01074999","timestamp":1636137300,"volume":"1.91754673","buyTxId":"4003b29779166a10a8dfa891d7f67dc8e072b46d","sellTxId":"96d7890ed6de46bb49ebdb3c5ec4d74eea0dc134"}
{"index": {"_index":"spt","_id":"1894731"}}
	{"id":1894731,"type":"sell","buyer":"pi-trader","seller":"brofi-market","symbol":"SPT","quantity":"14.372072","price":"0.01000001","timestamp":1636137930,"volume":"0.14372086","buyTxId":"1f97348a490da36d220a14cbe2f9ccd6a6af28af-5","sellTxId":"06d1760f07db122f85623f1a2470a8f7a1bf6ea3"}
{"index": {"_index":"spt","_id":"1894750"}}
	{"id":1894750,"type":"sell","buyer":"pi-trader","seller":"dhedge-drips","symbol":"SPT","quantity":"0.187527","price":"0.01000009","timestamp":1636137990,"volume":"0.00187529","buyTxId":"3f4466f14997be65e29ee9487afda4c015bd1c39-3","sellTxId":"ca5333fd71edec86b6ae7d32c9e16e4f18534f11"}
{"index": {"_index":"spt","_id":"1894824"}}
	{"id":1894824,"type":"sell","buyer":"granddaddies","seller":"cryptoctopus","symbol":"SPT","quantity":"10703","price":"0.01000020","timestamp":1636138503,"volume":"107.03214060","buyTxId":"b3e99d2ff6e7e1f37337da4882b4970c580c1ceb","sellTxId":"873ec5c0cee60b83da2f1417a931a51bbe3a7bdd"}
{"index": {"_index":"spt","_id":"1895088"}}
	{"id":1895088,"type":"sell","buyer":"pi-trader","seller":"ufm.pay","symbol":"SPT","quantity":"8000.000000","price":"0.01000013","timestamp":1636140846,"volume":"80.00104000","buyTxId":"841f2806e5f1c046151f1973fe81f856776c6d9c-1","sellTxId":"cc00ebc251d905a77e73e15407c67403af50abe5"}
{"index": {"_index":"spt","_id":"1895089"}}
	{"id":1895089,"type":"sell","buyer":"superchennie","seller":"ufm.pay","symbol":"SPT","quantity":"100.188532","price":"0.01000000","timestamp":1636140846,"volume":"1.00188532","buyTxId":"ae6df35766e5312b6ecb0ff481c2b99c6ed0bbba","sellTxId":"cc00ebc251d905a77e73e15407c67403af50abe5"}
{"index": {"_index":"spt","_id":"1895094"}}
	{"id":1895094,"type":"buy","buyer":"granddaddies","seller":"ufm.pay","symbol":"SPT","quantity":"1166.380584","price":"0.01000000","timestamp":1636140864,"volume":"11.66380584","buyTxId":"c119399afa907279e7fa2f2ac3fa222c01078096","sellTxId":"cc00ebc251d905a77e73e15407c67403af50abe5"}
{"index": {"_index":"spt","_id":"1895102"}}
	{"id":1895102,"type":"sell","buyer":"pi-trader","seller":"hiveexplorers","symbol":"SPT","quantity":"516.525112","price":"0.00950001","timestamp":1636140924,"volume":"4.90699373","buyTxId":"891a4f18875327542a726ab3fecd1e6adcbf429c-7","sellTxId":"d709e5684ea368ddbb1a6ed223499ced36578f61"}
{"index": {"_index":"spt","_id":"1895297"}}
	{"id":1895297,"type":"sell","buyer":"granddaddies","seller":"brofi-market","symbol":"SPT","quantity":"1.562833","price":"0.00950008","timestamp":1636143009,"volume":"0.01484704","buyTxId":"0f161334d72ee9c898c8bea773814b444ed850fb","sellTxId":"5025bea70052574009138c2193dbd6b10ddfe55c"}
{"index": {"_index":"spt","_id":"1895328"}}
	{"id":1895328,"type":"buy","buyer":"roger.remix","seller":"dhedge-drips","symbol":"SPT","quantity":"0.187527","price":"0.01069999","timestamp":1636143192,"volume":"0.00200654","buyTxId":"803a2d4e5bb709cff1c93155ab7269b9eede263b","sellTxId":"e38ae123a74a76ec1ccac337a28d928196bc6fac"}
{"index": {"_index":"spt","_id":"1895329"}}
	{"id":1895329,"type":"buy","buyer":"roger.remix","seller":"laundrywoman","symbol":"SPT","quantity":"7999.812473","price":"0.01069999","timestamp":1636143192,"volume":"85.59791346","buyTxId":"803a2d4e5bb709cff1c93155ab7269b9eede263b","sellTxId":"94921377d5c32a3e99d2f75d0a2ed756d8378caf"}
{"index": {"_index":"spt","_id":"1895378"}}
	{"id":1895378,"type":"buy","buyer":"cryptojiang","seller":"laundrywoman","symbol":"SPT","quantity":"75.000000","price":"0.01069999","timestamp":1636143663,"volume":"0.80249925","buyTxId":"6f776bd6cd9a3695fcbc57d31adbfa7826b15c04","sellTxId":"94921377d5c32a3e99d2f75d0a2ed756d8378caf"}
{"index": {"_index":"spt","_id":"1895439"}}
	{"id":1895439,"type":"buy","buyer":"opinizeunltd","seller":"laundrywoman","symbol":"SPT","quantity":"483.000000","price":"0.01069999","timestamp":1636144395,"volume":"5.16809517","buyTxId":"b963605645d24f2198bf9d69bff03a5c808a8231","sellTxId":"94921377d5c32a3e99d2f75d0a2ed756d8378caf"}
{"index": {"_index":"spt","_id":"1895495"}}
	{"id":1895495,"type":"sell","buyer":"pi-trader","seller":"hiveexplorers","symbol":"SPT","quantity":"433.059546","price":"0.00960001","timestamp":1636144872,"volume":"4.15737597","buyTxId":"f7480be2eabfc7c059bad420ac678eb81eab199f-5","sellTxId":"3e59d538ca28ec1bad3c4a3ce7be5a7ca06bd38b"}
{"index": {"_index":"spt","_id":"1895532"}}
	{"id":1895532,"type":"sell","buyer":"pi-trader","seller":"walkingkeys","symbol":"SPT","quantity":"2521.101126","price":"0.00950019","timestamp":1636145265,"volume":"23.95093971","buyTxId":"11da415372fd338da99c7e6fb1d64ede2c81733e-3","sellTxId":"64a35bfee02363c9fe0a61b81fa57f2720789e59"}
{"index": {"_index":"spt","_id":"1895544"}}
	{"id":1895544,"type":"sell","buyer":"pi-trader","seller":"discohedge","symbol":"SPT","quantity":"336.222000","price":"0.00950021","timestamp":1636145331,"volume":"3.19417961","buyTxId":"fd20f786e819b19cdbd69fad052aa328b226af43-5","sellTxId":"5bc6b9dab990670f0652a8398b6a86980616ba83"}
{"index": {"_index":"spt","_id":"1895684"}}
	{"id":1895684,"type":"sell","buyer":"pi-trader","seller":"sketchygamerguy","symbol":"SPT","quantity":"2.774939","price":"0.00950019","timestamp":1636146795,"volume":"0.02636245","buyTxId":"297a9218ee8d169947ff4ecb0423b0be9032388b-3","sellTxId":"85ac9dfca5b4e3c0ee9f29a19790a32ed4304cb1"}
{"index": {"_index":"spt","_id":"1895766"}}
	{"id":1895766,"type":"sell","buyer":"pi-trader","seller":"florian-glechner","symbol":"SPT","quantity":"0.010451","price":"0.00950015","timestamp":1636147725,"volume":"0.00009929","buyTxId":"1732ae17196d1390d3d6b26a18f0817d87c47208-1","sellTxId":"457bc440796408062755ce0b7e4a4eff45b464fa"}
{"index": {"_index":"spt","_id":"1895884"}}
	{"id":1895884,"type":"buy","buyer":"successchar","seller":"dudeontheweb","symbol":"SPT","quantity":"42.250000","price":"0.01000000","timestamp":1636148775,"volume":"0.42250000","buyTxId":"7a8c6afc8ae473ac0f00e39084ef68cf534e8790","sellTxId":"6a17d85cba7a2e575716ee86598f3373dd58ecfa"}
{"index": {"_index":"spt","_id":"1895891"}}
	{"id":1895891,"type":"buy","buyer":"successchar","seller":"brofi-market","symbol":"SPT","quantity":"1.562833","price":"0.01069999","timestamp":1636148820,"volume":"0.01672230","buyTxId":"dffd02371e474a4ab950e9fc93b5658d4268cec4","sellTxId":"4daae6e02a05ae4348f4303989dbc60c35a694b4"}
{"index": {"_index":"spt","_id":"1895908"}}
	{"id":1895908,"type":"sell","buyer":"granddaddies","seller":"stonmack","symbol":"SPT","quantity":"1.000000","price":"0.00950022","timestamp":1636148916,"volume":"0.00950022","buyTxId":"61f42526559d24520b6bb11aa3c9826dde3a35a4","sellTxId":"ae80bc7da792f3a8a94ae2cf75681787a73eb204"}
{"index": {"_index":"spt","_id":"1895945"}}
	{"id":1895945,"type":"sell","buyer":"pi-trader","seller":"maori4life","symbol":"SPT","quantity":"138.062653","price":"0.00950017","timestamp":1636149177,"volume":"1.31161867","buyTxId":"5a909aa16af0683bdde6e106af144d55f4135983-3","sellTxId":"46c27e4c5835c4ef44ea75449fdbc425d9fc8d27"}
{"index": {"_index":"spt","_id":"1895960"}}
	{"id":1895960,"type":"sell","buyer":"pi-trader","seller":"terapallo","symbol":"SPT","quantity":"0.834000","price":"0.00950021","timestamp":1636149336,"volume":"0.00792318","buyTxId":"94f997c7fe76096b760446dbcfa522601e7541bc-3","sellTxId":"5de8b082cb646f60168b07c9c2b5ab0fcaa9d6aa"}
{"index": {"_index":"spt","_id":"1895994"}}
	{"id":1895994,"type":"sell","buyer":"pi-trader","seller":"themanwithnoname","symbol":"SPT","quantity":"237.553882","price":"0.00950011","timestamp":1636149891,"volume":"2.25678801","buyTxId":"dc1a3694ae479f10ac0683a2e7910378e52583ed-1","sellTxId":"6ca866e3be5f62603e73368530e15d75e16b1fbb"}
{"index": {"_index":"spt","_id":"1896038"}}
	{"id":1896038,"type":"sell","buyer":"pi-trader","seller":"mad-runner","symbol":"SPT","quantity":"231.149894","price":"0.00950019","timestamp":1636150206,"volume":"2.19596791","buyTxId":"f70f2226857a3d9e01c56b7872e313d3faa24714-1","sellTxId":"0a65b6beb991ffe1ad2353700461a0326dd4739c"}
{"index": {"_index":"spt","_id":"1896043"}}
	{"id":1896043,"type":"buy","buyer":"peeholder","seller":"laundrywoman","symbol":"SPT","quantity":"14000.000000","price":"0.01069999","timestamp":1636150272,"volume":"149.79986000","buyTxId":"1927458741a1ea374237373e5dfa8a69e6c20a5e","sellTxId":"61632a99b6e773332da837684b6ff57d7e5c798c"}
{"index": {"_index":"spt","_id":"1896154"}}
	{"id":1896154,"type":"buy","buyer":"dswap","seller":"shauner","symbol":"SPT","quantity":"13.000000","price":"0.01070000","timestamp":1636151742,"volume":"0.13910000","buyTxId":"af9dc84731be22e36d27cc3711e618ee3f16e7d8","sellTxId":"2f76bc2a9974ffd553939c70aaf836070fdccd47"}
{"index": {"_index":"spt","_id":"1896186"}}
	{"id":1896186,"type":"sell","buyer":"pi-trader","seller":"iceman23","symbol":"SPT","quantity":"7.476271","price":"0.00950015","timestamp":1636152084,"volume":"0.07102570","buyTxId":"9be2e36e54789293de5ee6792bcda7f5189e6e15-3","sellTxId":"f36f6d0068566e1759db47ae3c4fc31d1620a8ec"}
{"index": {"_index":"spt","_id":"1896222"}}
	{"id":1896222,"type":"sell","buyer":"pi-trader","seller":"chriptomaster","symbol":"SPT","quantity":"2.068142","price":"0.00950021","timestamp":1636152306,"volume":"0.01964778","buyTxId":"27bb63edca3926771f5f8b803a5d12931f46d349-4","sellTxId":"63c2a6c90ac0205bc73974174c0e8da0045712f7"}
{"index": {"_index":"spt","_id":"1896366"}}
	{"id":1896366,"type":"buy","buyer":"pi-trader","seller":"he-index","symbol":"SPT","quantity":"0.003000","price":"0.00950021","timestamp":1636153281,"volume":"0.00002850","buyTxId":"47c3c3395ec36daca55594cf4bbfe69ec8ec1bf7-3","sellTxId":"121eb3e858d2eb94fc4461ae3601c47ede2dcb90"}
{"index": {"_index":"spt","_id":"1896692"}}
	{"id":1896692,"type":"sell","buyer":"pi-trader","seller":"iceman23","symbol":"SPT","quantity":"8.525582","price":"0.00950021","timestamp":1636156356,"volume":"0.08099482","buyTxId":"545902c4e1f954d27e55df3f4043337fe8271c2e-3","sellTxId":"643bd8b4b52e192943fe30c7d522d9a6235fa917"}
{"index": {"_index":"spt","_id":"1896836"}}
	{"id":1896836,"type":"sell","buyer":"pi-trader","seller":"brofi-market","symbol":"SPT","quantity":"7.726322","price":"0.00950032","timestamp":1636157559,"volume":"0.07340253","buyTxId":"7794058d69f1d96c2fd9e9ad6d9f9d6c62096ec7-4","sellTxId":"3796d90fd66c44716faf9961c05eedd663f7ed6d"}
{"index": {"_index":"spt","_id":"1897011"}}
	{"id":1897011,"type":"sell","buyer":"pi-trader","seller":"dhedge-drips","symbol":"SPT","quantity":"0.014031","price":"0.00950026","timestamp":1636159566,"volume":"0.00013330","buyTxId":"e34015c3c46b90a5d71bfcd4ebef65be2355d6af-5","sellTxId":"2283a48e304d320768888775f02c8940ded54607"}
{"index": {"_index":"spt","_id":"1897171"}}
	{"id":1897171,"type":"buy","buyer":"samarek69","seller":"laundrywoman","symbol":"SPT","quantity":"637.960000","price":"0.01059999","timestamp":1636161384,"volume":"6.76236962","buyTxId":"076e04eaa333d3f2ffe7c0d9e1a401332740ad7a","sellTxId":"1a2f74f9af5d3c62dc176ad603255ec730d2f380"}
{"index": {"_index":"spt","_id":"1897193"}}
	{"id":1897193,"type":"buy","buyer":"samarek69","seller":"laundrywoman","symbol":"SPT","quantity":"0.256829","price":"0.01059999","timestamp":1636161651,"volume":"0.00272238","buyTxId":"21e31296218f10314118d82cb6b74b9baf9d36ba","sellTxId":"1a2f74f9af5d3c62dc176ad603255ec730d2f380"}
{"index": {"_index":"spt","_id":"1897367"}}
	{"id":1897367,"type":"sell","buyer":"pi-trader","seller":"mary-me","symbol":"SPT","quantity":"271.394249","price":"0.00950026","timestamp":1636164729,"volume":"2.57831593","buyTxId":"9c50a768117eb2046f8ca9eb0f2166c95bfe36d0-1","sellTxId":"7579322e4379b2624ed968b5a08ee347e087beb5"}
{"index": {"_index":"spt","_id":"1897594"}}
	{"id":1897594,"type":"buy","buyer":"bitcoinjake09","seller":"laundrywoman","symbol":"SPT","quantity":"9.000000","price":"0.01049999","timestamp":1636167732,"volume":"0.09449991","buyTxId":"a995a09ccc8b1cd471fdd619c89e5b7d7893a535","sellTxId":"992a7ca319a1b86d65e5af85be4d30436412dcca"}
{"index": {"_index":"spt","_id":"1897678"}}
	{"id":1897678,"type":"sell","buyer":"pi-trader","seller":"steem82868","symbol":"SPT","quantity":"5.666993","price":"0.00950030","timestamp":1636168707,"volume":"0.05383813","buyTxId":"e0040bbbc6e7b62619d4e4ffe1503342bd591a59-5","sellTxId":"906f63d1c889996adccb0266c0cbb19ce6487e60"}
