{"index": {"_index":"spt","_id":"1805717"}}
	{"id":1805717,"type":"sell","buyer":"pi-trader","seller":"dynamicgreentk","symbol":"SPT","quantity":"70.334924","price":"0.00790001","timestamp":1635303630,"volume":"0.55564660","buyTxId":"7fd18ae1cccbb8755756f6c6913c62abbf619319-4","sellTxId":"2b563a58663032c6fecb9e46b169717b1d5b0652"}
{"index": {"_index":"spt","_id":"1806027"}}
	{"id":1806027,"type":"sell","buyer":"pi-trader","seller":"informal","symbol":"SPT","quantity":"56.541914","price":"0.00790003","timestamp":1635309882,"volume":"0.44668282","buyTxId":"51f5df8ec0e10d078c8a7176b3368d26da0beb28-4","sellTxId":"04dacc1de728da625c5f6cf1bdca406578fe7902"}
{"index": {"_index":"spt","_id":"1806040"}}
	{"id":1806040,"type":"sell","buyer":"pi-trader","seller":"jk6276","symbol":"SPT","quantity":"260.185183","price":"0.00790003","timestamp":1635309987,"volume":"2.05547075","buyTxId":"51f5df8ec0e10d078c8a7176b3368d26da0beb28-4","sellTxId":"b8b93efb79a4d5ea3e2b649a71ac59126f26f446"}
{"index": {"_index":"spt","_id":"1806062"}}
	{"id":1806062,"type":"buy","buyer":"anadolu","seller":"fireguardian","symbol":"SPT","quantity":"153.000000","price":"0.00800000","timestamp":1635310302,"volume":"1.22400000","buyTxId":"809b047697cbab60f0cd31b9c548a800163ffb41","sellTxId":"4d543b1be7b07a88573703d4d18bdd8960bdb01c"}
{"index": {"_index":"spt","_id":"1806064"}}
	{"id":1806064,"type":"buy","buyer":"ahmetay","seller":"brofi-market","symbol":"SPT","quantity":"0.170069","price":"0.00839988","timestamp":1635310335,"volume":"0.00142856","buyTxId":"e8eb2f02342b52e8a4d246378b3f0a241b6a71d2","sellTxId":"29773f3793523d97a47e71085144417b38c8ad4e"}
{"index": {"_index":"spt","_id":"1806065"}}
	{"id":1806065,"type":"buy","buyer":"ahmetay","seller":"dhedge-drips","symbol":"SPT","quantity":"0.024500","price":"0.00839988","timestamp":1635310335,"volume":"0.00020580","buyTxId":"e8eb2f02342b52e8a4d246378b3f0a241b6a71d2","sellTxId":"83f7186ca0ecdf4161efdfa87cc7f41aa82b23ff"}
{"index": {"_index":"spt","_id":"1806066"}}
	{"id":1806066,"type":"buy","buyer":"ahmetay","seller":"marfonso","symbol":"SPT","quantity":"32.525000","price":"0.00839992","timestamp":1635310335,"volume":"0.27320740","buyTxId":"e8eb2f02342b52e8a4d246378b3f0a241b6a71d2","sellTxId":"7d44b31a3921c52ed45e309870a9e3c61b4d43eb"}
{"index": {"_index":"spt","_id":"1806067"}}
	{"id":1806067,"type":"buy","buyer":"ahmetay","seller":"sbi-tokens","symbol":"SPT","quantity":"11872.042647","price":"0.00840000","timestamp":1635310335,"volume":"99.72515824","buyTxId":"e8eb2f02342b52e8a4d246378b3f0a241b6a71d2","sellTxId":"8683f6af6e382c5ba431103a00e5397bec0b45de"}
{"index": {"_index":"spt","_id":"1806075"}}
	{"id":1806075,"type":"buy","buyer":"ahmetay","seller":"sbi-tokens","symbol":"SPT","quantity":"8830.014518","price":"0.00840000","timestamp":1635310434,"volume":"74.17212195","buyTxId":"4e07d58e5c77a1223b5a3050ddc182a1c8e0c3b4","sellTxId":"8683f6af6e382c5ba431103a00e5397bec0b45de"}
{"index": {"_index":"spt","_id":"1806084"}}
	{"id":1806084,"type":"buy","buyer":"ahmetay","seller":"dhedge-drips","symbol":"SPT","quantity":"0.074668","price":"0.00844996","timestamp":1635310521,"volume":"0.00063094","buyTxId":"341a245f987726884031a55d007c5a18e705af9e","sellTxId":"5a6789f4cd16b12bc3e9fe645b31c942a72940d6"}
{"index": {"_index":"spt","_id":"1806085"}}
	{"id":1806085,"type":"buy","buyer":"ahmetay","seller":"brofi-market","symbol":"SPT","quantity":"0.796456","price":"0.00859993","timestamp":1635310521,"volume":"0.00684947","buyTxId":"341a245f987726884031a55d007c5a18e705af9e","sellTxId":"de2a3029df1c82fc325a645537f0b5334dffa38a"}
{"index": {"_index":"spt","_id":"1806086"}}
	{"id":1806086,"type":"buy","buyer":"ahmetay","seller":"solaito","symbol":"SPT","quantity":"10751.004058","price":"0.00860000","timestamp":1635310521,"volume":"92.45863490","buyTxId":"341a245f987726884031a55d007c5a18e705af9e","sellTxId":"1b8e416bd9fc91a91f4333de742e173729b75076"}
{"index": {"_index":"spt","_id":"1806087"}}
	{"id":1806087,"type":"buy","buyer":"ahmetay","seller":"brofi-market","symbol":"SPT","quantity":"1.455718","price":"0.00860000","timestamp":1635310521,"volume":"0.01251917","buyTxId":"341a245f987726884031a55d007c5a18e705af9e","sellTxId":"c825cf0f70d1fbd8011287f4c7de5e7c586a6417"}
{"index": {"_index":"spt","_id":"1806088"}}
	{"id":1806088,"type":"buy","buyer":"ahmetay","seller":"dhedge-drips","symbol":"SPT","quantity":"0.025410","price":"0.00860000","timestamp":1635310521,"volume":"0.00021853","buyTxId":"341a245f987726884031a55d007c5a18e705af9e","sellTxId":"877f185356a6233861eb2e414c671ffa9498ea57"}
{"index": {"_index":"spt","_id":"1806089"}}
	{"id":1806089,"type":"buy","buyer":"ahmetay","seller":"koreaminer","symbol":"SPT","quantity":"119.684200","price":"0.00866000","timestamp":1635310521,"volume":"1.03646517","buyTxId":"341a245f987726884031a55d007c5a18e705af9e","sellTxId":"646c0a3c10b06f38bcd3b8e6c330464d3b8c3487"}
{"index": {"_index":"spt","_id":"1806090"}}
	{"id":1806090,"type":"buy","buyer":"ahmetay","seller":"despise","symbol":"SPT","quantity":"746.223454","price":"0.00869000","timestamp":1635310521,"volume":"6.48468182","buyTxId":"341a245f987726884031a55d007c5a18e705af9e","sellTxId":"21a16c8a16b85c4dadd1fd58b6cd1f1e66287ec7"}
{"index": {"_index":"spt","_id":"1806225"}}
	{"id":1806225,"type":"sell","buyer":"pi-trader","seller":"mercurial9","symbol":"SPT","quantity":"2673.449321","price":"0.00800001","timestamp":1635311379,"volume":"21.38762130","buyTxId":"2b5d6709319442e47e142ac6957e970fa3e74e34-11","sellTxId":"0604f1046208b7abfa61e5c4c5033c3fcfb04d09"}
{"index": {"_index":"spt","_id":"1806275"}}
	{"id":1806275,"type":"sell","buyer":"pi-trader","seller":"mightyrocklee","symbol":"SPT","quantity":"863.246009","price":"0.00790001","timestamp":1635311808,"volume":"6.81965210","buyTxId":"d73f084a03c10b74ee79358fc519457f728b9af8-1","sellTxId":"a6924e546fef85ef5dc3e1100e9b313f4c8054f2"}
{"index": {"_index":"spt","_id":"1806492"}}
	{"id":1806492,"type":"buy","buyer":"peeholder","seller":"despise","symbol":"SPT","quantity":"906.391787","price":"0.00869000","timestamp":1635313566,"volume":"7.87654463","buyTxId":"e46624e53cc6cf10beed1bdc43c3a7cef7b34ca4","sellTxId":"21a16c8a16b85c4dadd1fd58b6cd1f1e66287ec7"}
{"index": {"_index":"spt","_id":"1806493"}}
	{"id":1806493,"type":"buy","buyer":"peeholder","seller":"brofi-market","symbol":"SPT","quantity":"0.504653","price":"0.00869980","timestamp":1635313566,"volume":"0.00439038","buyTxId":"e46624e53cc6cf10beed1bdc43c3a7cef7b34ca4","sellTxId":"bc76f4776ea0b655a8f53b91d69de7acc9eceddb"}
{"index": {"_index":"spt","_id":"1806494"}}
	{"id":1806494,"type":"buy","buyer":"peeholder","seller":"brofi-market","symbol":"SPT","quantity":"0.646293","price":"0.00869999","timestamp":1635313566,"volume":"0.00562274","buyTxId":"e46624e53cc6cf10beed1bdc43c3a7cef7b34ca4","sellTxId":"7a85cc1325bdea920b739b282564f7dd109b562f"}
{"index": {"_index":"spt","_id":"1806495"}}
	{"id":1806495,"type":"buy","buyer":"peeholder","seller":"jaopalas","symbol":"SPT","quantity":"89.232075","price":"0.00870000","timestamp":1635313566,"volume":"0.77631905","buyTxId":"e46624e53cc6cf10beed1bdc43c3a7cef7b34ca4","sellTxId":"c85ab377257aa6b153426e97e01081b0c9f42739"}
{"index": {"_index":"spt","_id":"1806496"}}
	{"id":1806496,"type":"buy","buyer":"peeholder","seller":"kakakk","symbol":"SPT","quantity":"2700.595676","price":"0.00870000","timestamp":1635313566,"volume":"23.49518238","buyTxId":"e46624e53cc6cf10beed1bdc43c3a7cef7b34ca4","sellTxId":"875fdced886425a159309c3f7e275bf7bbb19bb4"}
{"index": {"_index":"spt","_id":"1806497"}}
	{"id":1806497,"type":"buy","buyer":"peeholder","seller":"edward.martin","symbol":"SPT","quantity":"1302.629516","price":"0.00879982","timestamp":1635313566,"volume":"11.46290527","buyTxId":"e46624e53cc6cf10beed1bdc43c3a7cef7b34ca4","sellTxId":"2cd0e9d2ff1858a15decdff0f16ec9a7a19efeb5"}
{"index": {"_index":"spt","_id":"1806503"}}
	{"id":1806503,"type":"buy","buyer":"peeholder","seller":"edward.martin","symbol":"SPT","quantity":"208.289769","price":"0.00879982","timestamp":1635313617,"volume":"1.83291248","buyTxId":"eaa98c0f8a58f0c6eb76096520ba13747390eb54","sellTxId":"2cd0e9d2ff1858a15decdff0f16ec9a7a19efeb5"}
{"index": {"_index":"spt","_id":"1806504"}}
	{"id":1806504,"type":"buy","buyer":"peeholder","seller":"brofi-market","symbol":"SPT","quantity":"5.003501","price":"0.00998999","timestamp":1635313617,"volume":"0.04998492","buyTxId":"eaa98c0f8a58f0c6eb76096520ba13747390eb54","sellTxId":"c3f2995f94b5f146a8fc0e882206df9f3057edcc"}
{"index": {"_index":"spt","_id":"1806505"}}
	{"id":1806505,"type":"buy","buyer":"peeholder","seller":"he-index","symbol":"SPT","quantity":"0.010000","price":"0.00999000","timestamp":1635313617,"volume":"0.00009990","buyTxId":"eaa98c0f8a58f0c6eb76096520ba13747390eb54","sellTxId":"d01f875033c7f3d3e12eec29111c75acdb7068d1"}
{"index": {"_index":"spt","_id":"1806506"}}
	{"id":1806506,"type":"buy","buyer":"peeholder","seller":"master-lamps","symbol":"SPT","quantity":"6.266579","price":"0.00999994","timestamp":1635313617,"volume":"0.06266541","buyTxId":"eaa98c0f8a58f0c6eb76096520ba13747390eb54","sellTxId":"4e5fda73f6e5e22afc5489101e9c9ac3ff4b7fcc"}
{"index": {"_index":"spt","_id":"1806507"}}
	{"id":1806507,"type":"buy","buyer":"peeholder","seller":"sharkmarcus","symbol":"SPT","quantity":"1777.000000","price":"0.00999999","timestamp":1635313617,"volume":"17.76998223","buyTxId":"eaa98c0f8a58f0c6eb76096520ba13747390eb54","sellTxId":"6faf8539cf7cfeb147f64290d7273225943de7c6"}
{"index": {"_index":"spt","_id":"1806508"}}
	{"id":1806508,"type":"buy","buyer":"peeholder","seller":"moeenali","symbol":"SPT","quantity":"203.852670","price":"0.01001000","timestamp":1635313617,"volume":"2.04056523","buyTxId":"eaa98c0f8a58f0c6eb76096520ba13747390eb54","sellTxId":"fa19df4bd0be4654d8be2297044477d393ab70de"}
{"index": {"_index":"spt","_id":"1806565"}}
	{"id":1806565,"type":"sell","buyer":"pi-trader","seller":"chekohler","symbol":"SPT","quantity":"7.043980","price":"0.00790013","timestamp":1635314199,"volume":"0.05564836","buyTxId":"193b4d9afddb41b49890e33e885e6b5c93767f2b-1","sellTxId":"860dbb375a93370594a8c3806b9fe6d8463cc255"}
{"index": {"_index":"spt","_id":"1806970"}}
	{"id":1806970,"type":"sell","buyer":"pi-trader","seller":"dhedge-drips","symbol":"SPT","quantity":"0.340687","price":"0.00790016","timestamp":1635317169,"volume":"0.00269148","buyTxId":"da7c32f0c1c600792f9a5c7058c9904bd3a72e7d-2","sellTxId":"b612c76093fe76a461f716b38801a9074b400851"}
{"index": {"_index":"spt","_id":"1807124"}}
	{"id":1807124,"type":"buy","buyer":"peeholder","seller":"laundrywoman","symbol":"SPT","quantity":"10000.000000","price":"0.00999999","timestamp":1635318423,"volume":"99.99990000","buyTxId":"1e1a98c220eee57378b53d642c48adbf40e5f4af","sellTxId":"fa74e7b3abbed0837429fadb0f74c8cd8bdd1767"}
{"index": {"_index":"spt","_id":"1807185"}}
	{"id":1807185,"type":"sell","buyer":"granddaddies","seller":"roguecrane","symbol":"SPT","quantity":"0.001903","price":"0.00792004","timestamp":1635318909,"volume":"0.00001507","buyTxId":"a1b0fb84aada5d1d13608b4e7e84ab0c9045bdec","sellTxId":"259a151fe1d358b9ed92eea0d02e9b0a16087ff4"}
{"index": {"_index":"spt","_id":"1807571"}}
	{"id":1807571,"type":"buy","buyer":"gamefiles","seller":"laundrywoman","symbol":"SPT","quantity":"5000.000000","price":"0.00999999","timestamp":1635322269,"volume":"49.99995000","buyTxId":"993ed2490387cd11f57e3a760027bf2296c9f0b0","sellTxId":"fa74e7b3abbed0837429fadb0f74c8cd8bdd1767"}
{"index": {"_index":"spt","_id":"1807586"}}
	{"id":1807586,"type":"sell","buyer":"granddaddies","seller":"brofi-market","symbol":"SPT","quantity":"3.039579","price":"0.00800038","timestamp":1635322371,"volume":"0.02431779","buyTxId":"0459f2084ca0f2135a13f9286bbc0ddf2c0642db","sellTxId":"11b98ba128015b2e50c4b24341e3bc2e9b46d90a"}
{"index": {"_index":"spt","_id":"1807756"}}
	{"id":1807756,"type":"sell","buyer":"pi-trader","seller":"forexbrokr","symbol":"SPT","quantity":"31.555495","price":"0.00800058","timestamp":1635323997,"volume":"0.25246226","buyTxId":"cbb4d66730c8c6b3ae3c17bc2bb2332a52aea00b-4","sellTxId":"ee7b21c4e6293882a7114193eb9a7aec87f87ab1"}
{"index": {"_index":"spt","_id":"1808014"}}
	{"id":1808014,"type":"buy","buyer":"samarek69","seller":"laundrywoman","symbol":"SPT","quantity":"152.452000","price":"0.00899999","timestamp":1635326142,"volume":"1.37206648","buyTxId":"b66d15336bee091f362754b5305eb9abd5cdd91f","sellTxId":"2e29bc0683015ac288ea389b3a1f426e241e7d7a"}
{"index": {"_index":"spt","_id":"1808358"}}
	{"id":1808358,"type":"buy","buyer":"rmsadkri","seller":"laundrywoman","symbol":"SPT","quantity":"15113.476210","price":"0.00898999","timestamp":1635329478,"volume":"135.87","buyTxId":"956ac45e8a2ec273fb5d23b35cdaf046edc7b75a","sellTxId":"85a715e3660f73db42396d647920c124810fbe0d"}
{"index": {"_index":"spt","_id":"1808418"}}
	{"id":1808418,"type":"sell","buyer":"pi-trader","seller":"chekohler","symbol":"SPT","quantity":"0.162779","price":"0.00800117","timestamp":1635330282,"volume":"0.00130242","buyTxId":"99c23d4ff7cfcbc9411f4bc271366928262cfac2-5","sellTxId":"0a69cd90a32776d84057b8e9f86a19bf56d07a41"}
{"index": {"_index":"spt","_id":"1808666"}}
	{"id":1808666,"type":"sell","buyer":"granddaddies","seller":"themarkymark","symbol":"SPT","quantity":"374.764000","price":"0.00800044","timestamp":1635332991,"volume":"2.99827690","buyTxId":"6732b92c7fc0a6d7dcac80b7d25eb83b1e13740e","sellTxId":"dbdc81834e5a412e90d821ec2a3dac225eeecb3a"}
{"index": {"_index":"spt","_id":"1808818"}}
	{"id":1808818,"type":"sell","buyer":"pi-trader","seller":"buackaw","symbol":"SPT","quantity":"150.000000","price":"0.00800053","timestamp":1635334545,"volume":"1.20007950","buyTxId":"a8464bb613052fd0afaefae4afd4298d37bf57d6-1","sellTxId":"293e2cb8fbc47557ac9787d99a0afd5535252516"}
{"index": {"_index":"spt","_id":"1808979"}}
	{"id":1808979,"type":"sell","buyer":"pi-trader","seller":"geom","symbol":"SPT","quantity":"1.271022","price":"0.00800035","timestamp":1635335919,"volume":"0.01016862","buyTxId":"51344b1b83288976fb4e5e7237e2817e7d296d6a-3","sellTxId":"c041bc959a9864f62953c159aa473f7c9f5130b4"}
{"index": {"_index":"spt","_id":"1809055"}}
	{"id":1809055,"type":"sell","buyer":"pi-trader","seller":"brofi-market","symbol":"SPT","quantity":"0.166747","price":"0.00800037","timestamp":1635336507,"volume":"0.00133404","buyTxId":"6359aa7f1ab7635cbaf8b46a91364040440704be-6","sellTxId":"b593eaa5cff7a2b5c605a7e2526fd83e5aeddce5"}
{"index": {"_index":"spt","_id":"1809173"}}
	{"id":1809173,"type":"buy","buyer":"samarek69","seller":"laundrywoman","symbol":"SPT","quantity":"375.300000","price":"0.00898999","timestamp":1635337563,"volume":"3.37394325","buyTxId":"5387d1a9a0ff48a358d1075ebc58ebf2fe9c361d","sellTxId":"cc6387c3e6691bd7ac72488a6be000b8c13436cd"}
{"index": {"_index":"spt","_id":"1809213"}}
	{"id":1809213,"type":"sell","buyer":"kran1um","seller":"tehox","symbol":"SPT","quantity":"67.000000","price":"0.00898900","timestamp":1635337893,"volume":"0.60226300","buyTxId":"5e9b48f7e1eff5c417c80afec1e0e0d808c9f878","sellTxId":"d5c4a7c4e93e01ba412b0564f4e00b36899abb0b"}
{"index": {"_index":"spt","_id":"1809214"}}
	{"id":1809214,"type":"sell","buyer":"pi-trader","seller":"tehox","symbol":"SPT","quantity":"112.190984","price":"0.00800043","timestamp":1635337893,"volume":"0.89757611","buyTxId":"7bc78533d7d8809e6f1adfda7fa1701484afaa16-1","sellTxId":"d5c4a7c4e93e01ba412b0564f4e00b36899abb0b"}
{"index": {"_index":"spt","_id":"1809326"}}
	{"id":1809326,"type":"sell","buyer":"solovey6o2","seller":"dhedge-drips","symbol":"SPT","quantity":"0.284960","price":"0.00801002","timestamp":1635338745,"volume":"0.00228254","buyTxId":"703901fa76c3edc9dcecefd07ac31dd529bb1838","sellTxId":"b06e5c7ecc27cd972d766be067924ebea8605fc8"}
{"index": {"_index":"spt","_id":"1809342"}}
	{"id":1809342,"type":"sell","buyer":"pi-trader","seller":"dynamicgreentk","symbol":"SPT","quantity":"129.446913","price":"0.00801003","timestamp":1635338814,"volume":"1.03687366","buyTxId":"f754c0877dc0b33c84d231f40d476a6c9e39550b-5","sellTxId":"918f8d591b34b4ee8f424412b5f9ac3a1f4ba64f"}
{"index": {"_index":"spt","_id":"1809500"}}
	{"id":1809500,"type":"sell","buyer":"granddaddies","seller":"bunker231","symbol":"SPT","quantity":"0.071693","price":"0.00801012","timestamp":1635339597,"volume":"0.00057427","buyTxId":"237bc60683bfbfb37a43044ed5f9fda899daea1c","sellTxId":"b88fb0047610084d1f1bb7c703393d189aa1dc2e"}
{"index": {"_index":"spt","_id":"1809596"}}
	{"id":1809596,"type":"buy","buyer":"shishiz","seller":"jhayrules","symbol":"SPT","quantity":"81.670587","price":"0.00802000","timestamp":1635340245,"volume":"0.65499811","buyTxId":"0104985c2a80e23b3bf0fe5a13bf8193a25680da","sellTxId":"88b7068b71da55417ef34c073b835cba59394d90"}
{"index": {"_index":"spt","_id":"1809732"}}
	{"id":1809732,"type":"buy","buyer":"mysteriousdebris","seller":"laundrywoman","symbol":"SPT","quantity":"470.146488","price":"0.00898899","timestamp":1635341199,"volume":"4.22614208","buyTxId":"934c3e0700ec54b2b1bb5402f667c430fc7712d9","sellTxId":"a794e30ea20847b1a90980e67c62a8329e8807cc"}
{"index": {"_index":"spt","_id":"1810070"}}
	{"id":1810070,"type":"buy","buyer":"mad-runner","seller":"laundrywoman","symbol":"SPT","quantity":"161.000000","price":"0.00898899","timestamp":1635343374,"volume":"1.44722739","buyTxId":"fa1386fdbeeb802650cda6f5d5cdad93dc09c033","sellTxId":"a794e30ea20847b1a90980e67c62a8329e8807cc"}
{"index": {"_index":"spt","_id":"1810259"}}
	{"id":1810259,"type":"sell","buyer":"pi-trader","seller":"bitcoinflood","symbol":"SPT","quantity":"493.047004","price":"0.00800037","timestamp":1635344400,"volume":"3.94455846","buyTxId":"012095651e553575ef3ca95dea124e9d4ea61c7c-1","sellTxId":"4f6d96ee4ea7797f32b43ed2f4a84decaec8805a"}
{"index": {"_index":"spt","_id":"1810360"}}
	{"id":1810360,"type":"sell","buyer":"pi-trader","seller":"mjlv","symbol":"SPT","quantity":"8.490482","price":"0.00800047","timestamp":1635344868,"volume":"0.06792785","buyTxId":"b12ad0781fcf9417f735d329eb04fd52d500ff8e-5","sellTxId":"cb8e6ff337854c91fece00d687f855b14c1ad421"}
{"index": {"_index":"spt","_id":"1810382"}}
	{"id":1810382,"type":"sell","buyer":"pi-trader","seller":"thatsweeneyguy","symbol":"SPT","quantity":"17.710837","price":"0.00800048","timestamp":1635344985,"volume":"0.14169520","buyTxId":"e9a35c4044a3aacf2844ad04dafe83ca4d16944d-7","sellTxId":"6c7ec1506bc31eda6280a36efd357cb9c64fd144"}
{"index": {"_index":"spt","_id":"1810612"}}
	{"id":1810612,"type":"sell","buyer":"pi-trader","seller":"esperosh1ve","symbol":"SPT","quantity":"6.538304","price":"0.00800043","timestamp":1635346995,"volume":"0.05230924","buyTxId":"63e7545d2d705113e639ddcfa451f387f206fa91-7","sellTxId":"f49472c027406be005b941ac06db4dd2cf6f2cb3"}
{"index": {"_index":"spt","_id":"1810707"}}
	{"id":1810707,"type":"buy","buyer":"granddaddies","seller":"syarrf","symbol":"SPT","quantity":"15.036142","price":"0.00800037","timestamp":1635347778,"volume":"0.12029470","buyTxId":"b404c2e11abf73fbc2c2e97c8048d087fdff6087","sellTxId":"753c391cb47864f970db29fe2fb45508f035f053"}
{"index": {"_index":"spt","_id":"1810784"}}
	{"id":1810784,"type":"sell","buyer":"granddaddies","seller":"solaito","symbol":"SPT","quantity":"467.500000","price":"0.00800044","timestamp":1635348543,"volume":"3.74020570","buyTxId":"3ea468766b922579d161ec7ad6660b8d1c9bbd8a","sellTxId":"ef96bfaa89037d6d67b8e397a4a16d4d92afb524"}
{"index": {"_index":"spt","_id":"1810804"}}
	{"id":1810804,"type":"sell","buyer":"pi-trader","seller":"jakkal","symbol":"SPT","quantity":"1113.565443","price":"0.00800037","timestamp":1635348666,"volume":"8.90893556","buyTxId":"7426b26232f8b369fa2116c7294be7581dcc9576-7","sellTxId":"4190445a1205681a13d66e877c793f62bd093ede"}
{"index": {"_index":"spt","_id":"1811132"}}
	{"id":1811132,"type":"buy","buyer":"coolegast8","seller":"collectorofchaos","symbol":"SPT","quantity":"320.000000","price":"0.00890000","timestamp":1635351156,"volume":"2.84800000","buyTxId":"c93ff0314692be98795dc90de4ea3cb39efb0e2f","sellTxId":"87d0204cb699f2264e989b432eb66719b2bf97e7"}
{"index": {"_index":"spt","_id":"1811234"}}
	{"id":1811234,"type":"sell","buyer":"pi-trader","seller":"iceman-23","symbol":"SPT","quantity":"3.476534","price":"0.00800042","timestamp":1635352230,"volume":"0.02781373","buyTxId":"475de459741384e99592d2168ef8184717867a0b-3","sellTxId":"1d6c34adb28edf982a773dc70b70c169c6b1cfcd"}
{"index": {"_index":"spt","_id":"1811393"}}
	{"id":1811393,"type":"sell","buyer":"pi-trader","seller":"magnacarta","symbol":"SPT","quantity":"0.002826","price":"0.00801003","timestamp":1635353901,"volume":"0.00002264","buyTxId":"7b2cf77f3ccd7f1663512acc39d4f15f08b80ed1-10","sellTxId":"a05cd189f294945e7def8eb1600a60c8982e6a69"}
{"index": {"_index":"spt","_id":"1811607"}}
	{"id":1811607,"type":"buy","buyer":"catomoon","seller":"kapitanrosomak","symbol":"SPT","quantity":"6.130220","price":"0.00830043","timestamp":1635355107,"volume":"0.05088346","buyTxId":"8423ff5c9caebea547babd6ed28796e3592a946a","sellTxId":"6946e5c5cb6e3132ef57398e3b7cbb7a3f9029c3"}
{"index": {"_index":"spt","_id":"1811862"}}
	{"id":1811862,"type":"sell","buyer":"pi-trader","seller":"nrg","symbol":"SPT","quantity":"1489.754592","price":"0.00801032","timestamp":1635356526,"volume":"11.93341100","buyTxId":"4dfb56fc7e16658fd79084c68b40e564aa9d52c4-2","sellTxId":"f6630cac46b803b9e26d56b8028e85ef7351fda4"}
{"index": {"_index":"spt","_id":"1812012"}}
	{"id":1812012,"type":"buy","buyer":"townshendff","seller":"kapitanrosomak","symbol":"SPT","quantity":"9.508226","price":"0.00830043","timestamp":1635357660,"volume":"0.07892236","buyTxId":"9705164dcee027bec0e97eabafd6f925114af4ec","sellTxId":"6946e5c5cb6e3132ef57398e3b7cbb7a3f9029c3"}
{"index": {"_index":"spt","_id":"1812013"}}
	{"id":1812013,"type":"buy","buyer":"townshendff","seller":"laundrywoman","symbol":"SPT","quantity":"1190.491774","price":"0.00897999","timestamp":1635357660,"volume":"10.69060423","buyTxId":"9705164dcee027bec0e97eabafd6f925114af4ec","sellTxId":"132fc6137fd0d1e692122ea3c61feec28b0321de"}
{"index": {"_index":"spt","_id":"1812047"}}
	{"id":1812047,"type":"buy","buyer":"mclove","seller":"laundrywoman","symbol":"SPT","quantity":"1900.000000","price":"0.00897999","timestamp":1635357957,"volume":"17.06198100","buyTxId":"6f22657141c5a1c954601d35d82b4fdc975e3607","sellTxId":"132fc6137fd0d1e692122ea3c61feec28b0321de"}
{"index": {"_index":"spt","_id":"1812288"}}
	{"id":1812288,"type":"buy","buyer":"dswap","seller":"sbi-tokens","symbol":"SPT","quantity":"49.085579","price":"0.00890000","timestamp":1635359652,"volume":"0.43686165","buyTxId":"f5fa6b11b62266851a947add9bc160028a0b04c2","sellTxId":"0dfe328e868d81120c8e7973d5e98c759e6afac5"}
{"index": {"_index":"spt","_id":"1812289"}}
	{"id":1812289,"type":"buy","buyer":"dswap","seller":"he-index","symbol":"SPT","quantity":"0.006000","price":"0.00897999","timestamp":1635359652,"volume":"0.00005388","buyTxId":"f5fa6b11b62266851a947add9bc160028a0b04c2","sellTxId":"79a97b663c5581f8b4c802a8a7677eb2e52a4043"}
{"index": {"_index":"spt","_id":"1812290"}}
	{"id":1812290,"type":"buy","buyer":"dswap","seller":"laundrywoman","symbol":"SPT","quantity":"335.885934","price":"0.00897999","timestamp":1635359652,"volume":"3.01625233","buyTxId":"f5fa6b11b62266851a947add9bc160028a0b04c2","sellTxId":"66f3e9af711b2e49dd78049dc6d31edef1a80590"}
{"index": {"_index":"spt","_id":"1812313"}}
	{"id":1812313,"type":"sell","buyer":"pi-trader","seller":"cliffagreen","symbol":"SPT","quantity":"1.020000","price":"0.00840009","timestamp":1635359772,"volume":"0.00856809","buyTxId":"b06b7c4a4e292bfc4bf021009aa593c73a2ba6f6-1","sellTxId":"a9ce10cef71fe1336e17b2ff4e6ee547662411ba"}
{"index": {"_index":"spt","_id":"1812573"}}
	{"id":1812573,"type":"sell","buyer":"pi-trader","seller":"muhammadarif","symbol":"SPT","quantity":"125.000000","price":"0.00840062","timestamp":1635362694,"volume":"1.05007750","buyTxId":"b084b948b43972f697a8ec1af3c51aeda01bcac8-2","sellTxId":"58cd126d01f05f7442f53a20dacb22a8a94417ab"}
{"index": {"_index":"spt","_id":"1812577"}}
	{"id":1812577,"type":"sell","buyer":"granddaddies","seller":"magnacarta","symbol":"SPT","quantity":"0.001439","price":"0.00840063","timestamp":1635362712,"volume":"0.00001209","buyTxId":"b93d4f8743286aaa6ef591a5f65674c8f38cf7c5","sellTxId":"8e36b580880779c30799825f93c40070a4d585e8"}
{"index": {"_index":"spt","_id":"1812617"}}
	{"id":1812617,"type":"buy","buyer":"ukcrypton","seller":"laundrywoman","symbol":"SPT","quantity":"1260.000000","price":"0.00896999","timestamp":1635363135,"volume":"11.30218740","buyTxId":"dd01bc109a817593d4be25f4c52f9aa299b82228","sellTxId":"4fd1f28aabe258e9350ba374b91d72f97b346cf7"}
{"index": {"_index":"spt","_id":"1812623"}}
	{"id":1812623,"type":"buy","buyer":"jongolson","seller":"lulu-the-fizzgig","symbol":"SPT","quantity":"300.000000","price":"0.00896995","timestamp":1635363249,"volume":"2.69098500","buyTxId":"1b2904acac6e68201fbf636902cdc224274a7ef6","sellTxId":"2f16c1a660a8dda55185ecd6de2aec4ac00d9bb7"}
{"index": {"_index":"spt","_id":"1812624"}}
	{"id":1812624,"type":"buy","buyer":"jongolson","seller":"laundrywoman","symbol":"SPT","quantity":"700.000000","price":"0.00896999","timestamp":1635363249,"volume":"6.27899300","buyTxId":"1b2904acac6e68201fbf636902cdc224274a7ef6","sellTxId":"4fd1f28aabe258e9350ba374b91d72f97b346cf7"}
{"index": {"_index":"spt","_id":"1812628"}}
	{"id":1812628,"type":"sell","buyer":"pi-trader","seller":"dynamicrypto","symbol":"SPT","quantity":"150.000000","price":"0.00840070","timestamp":1635363261,"volume":"1.26010500","buyTxId":"4558acbea969932a2a686a0fac00354392deab21-5","sellTxId":"f91185ce7b953ca09710909e581a3701bb6a549c"}
{"index": {"_index":"spt","_id":"1812709"}}
	{"id":1812709,"type":"sell","buyer":"pi-trader","seller":"kingmurloc","symbol":"SPT","quantity":"35.275423","price":"0.00840022","timestamp":1635363762,"volume":"0.29632131","buyTxId":"911f4934a7b1d9b9854191169cd3999df1227cec-4","sellTxId":"e58f33b40a9768fb84ad89afb80689a1500316b7"}
{"index": {"_index":"spt","_id":"1812825"}}
	{"id":1812825,"type":"sell","buyer":"pi-trader","seller":"dswap","symbol":"SPT","quantity":"17.654230","price":"0.00840018","timestamp":1635364710,"volume":"0.14829871","buyTxId":"e796af8a5ddbb7066145582658367655d5b8529e-3","sellTxId":"d92096bd2bc13875564874461bb58b10cb46e83a"}
{"index": {"_index":"spt","_id":"1813046"}}
	{"id":1813046,"type":"buy","buyer":"egistar","seller":"laundrywoman","symbol":"SPT","quantity":"557.725106","price":"0.00896499","timestamp":1635366612,"volume":"5","buyTxId":"4f262e621b27c3a307334f9a4267d7ee886f649e","sellTxId":"6a27e601d25d76fce38ac583c1a7544cc831e779"}
{"index": {"_index":"spt","_id":"1813083"}}
	{"id":1813083,"type":"sell","buyer":"pi-trader","seller":"choof","symbol":"SPT","quantity":"174.570235","price":"0.00841001","timestamp":1635366987,"volume":"1.46813742","buyTxId":"13532590c8212de1e5634d7c82b177290de482f0-7","sellTxId":"436e7f6e37e621f592abfefb2b963449f362aa54"}
{"index": {"_index":"spt","_id":"1813120"}}
	{"id":1813120,"type":"buy","buyer":"arkel91","seller":"laundrywoman","symbol":"SPT","quantity":"3.000000","price":"0.00896499","timestamp":1635367383,"volume":"0.02689497","buyTxId":"039c71d0cbb479de1e8ecf254984a8a256fd4b09","sellTxId":"6a27e601d25d76fce38ac583c1a7544cc831e779"}
{"index": {"_index":"spt","_id":"1813190"}}
	{"id":1813190,"type":"buy","buyer":"chaosholdings","seller":"laundrywoman","symbol":"SPT","quantity":"10000.000000","price":"0.00896499","timestamp":1635368097,"volume":"89.64990000","buyTxId":"a00e0a27864938e7ed4afb7dfde42dc5b24990b2","sellTxId":"1fa7035f35f2d242b4fd65e4f3c7df16be21530e"}
{"index": {"_index":"spt","_id":"1813196"}}
	{"id":1813196,"type":"sell","buyer":"kitsuki","seller":"chireerocks","symbol":"SPT","quantity":"23.582653","price":"0.00841000","timestamp":1635368175,"volume":"0.19833011","buyTxId":"a647f98701ce89d797e3b5108f2a00e9c0e66c97","sellTxId":"731bfd7ec3df6fff20db0eb3d57178af31dba66e"}
{"index": {"_index":"spt","_id":"1813199"}}
	{"id":1813199,"type":"buy","buyer":"chaosholdings","seller":"karuna21","symbol":"SPT","quantity":"1400.000000","price":"0.00896500","timestamp":1635368190,"volume":"12.55100000","buyTxId":"8f5aa117588083c052da34fe882cfce020b48714","sellTxId":"152a943594b9739ebf10ff246274df5b9fcba1f7"}
{"index": {"_index":"spt","_id":"1813200"}}
	{"id":1813200,"type":"buy","buyer":"chaosholdings","seller":"master-lamps","symbol":"SPT","quantity":"1.943000","price":"0.00897000","timestamp":1635368190,"volume":"0.01742871","buyTxId":"8f5aa117588083c052da34fe882cfce020b48714","sellTxId":"33a4009b07c495a2d3c854d27a5f02c7325799ff"}
{"index": {"_index":"spt","_id":"1813212"}}
	{"id":1813212,"type":"buy","buyer":"hiveexplorers","seller":"laundrywoman","symbol":"SPT","quantity":"91.000000","price":"0.00898998","timestamp":1635368322,"volume":"0.81808818","buyTxId":"3243855ad19f61c992cbc2025735a09cdc77d02c","sellTxId":"52a805ac4d81bbace8999f08855ffbb943bd811a"}
{"index": {"_index":"spt","_id":"1813237"}}
	{"id":1813237,"type":"buy","buyer":"chaosholdings","seller":"laundrywoman","symbol":"SPT","quantity":"225933.000000","price":"0.00898998","timestamp":1635368472,"volume":"2031.13315134","buyTxId":"7ec0faf2a77ca24f84d57c6e814f2c81603124f0","sellTxId":"52a805ac4d81bbace8999f08855ffbb943bd811a"}
{"index": {"_index":"spt","_id":"1813238"}}
	{"id":1813238,"type":"buy","buyer":"chaosholdings","seller":"edward.martin","symbol":"SPT","quantity":"3692.959377","price":"0.00898999","timestamp":1635368472,"volume":"33.19966787","buyTxId":"7ec0faf2a77ca24f84d57c6e814f2c81603124f0","sellTxId":"4c8c64dc2ee108fb0e285137f37fe02e7055b5e2"}
{"index": {"_index":"spt","_id":"1813239"}}
	{"id":1813239,"type":"buy","buyer":"chaosholdings","seller":"brofi-market","symbol":"SPT","quantity":"0.166747","price":"0.00898999","timestamp":1635368472,"volume":"0.00149905","buyTxId":"7ec0faf2a77ca24f84d57c6e814f2c81603124f0","sellTxId":"8e1d8599a2e6ef4afd48cdb7ca361a35e4745177"}
{"index": {"_index":"spt","_id":"1813240"}}
	{"id":1813240,"type":"buy","buyer":"chaosholdings","seller":"dhedge-drips","symbol":"SPT","quantity":"0.284960","price":"0.00898999","timestamp":1635368472,"volume":"0.00256179","buyTxId":"7ec0faf2a77ca24f84d57c6e814f2c81603124f0","sellTxId":"63be40300ed2afbf96d32c8dae65656862ee57f2"}
{"index": {"_index":"spt","_id":"1813241"}}
	{"id":1813241,"type":"buy","buyer":"chaosholdings","seller":"panthera68","symbol":"SPT","quantity":"373.588916","price":"0.00899000","timestamp":1635368472,"volume":"3.35856435","buyTxId":"7ec0faf2a77ca24f84d57c6e814f2c81603124f0","sellTxId":"93d1fe9318280fa7d502cb2f703acc93f5877276"}
{"index": {"_index":"spt","_id":"1813244"}}
	{"id":1813244,"type":"sell","buyer":"pi-trader","seller":"justinparke","symbol":"SPT","quantity":"14.170321","price":"0.00841013","timestamp":1635368502,"volume":"0.11917424","buyTxId":"8ca5f09bf4aa5a046ff31c4cda02162f0e79f724-2","sellTxId":"40f025a26bd917c689831cd513e2968cbc8c2593"}
{"index": {"_index":"spt","_id":"1813288"}}
	{"id":1813288,"type":"buy","buyer":"ahmetay","seller":"panthera68","symbol":"SPT","quantity":"6339.009893","price":"0.00899000","timestamp":1635369681,"volume":"56.98769894","buyTxId":"d66f83044f9cf1e15d46ad3c034cfa9371c33f2c","sellTxId":"93d1fe9318280fa7d502cb2f703acc93f5877276"}
{"index": {"_index":"spt","_id":"1813291"}}
	{"id":1813291,"type":"buy","buyer":"ahmetay","seller":"limka","symbol":"SPT","quantity":"1671.631982","price":"0.00900000","timestamp":1635369699,"volume":"15.04468784","buyTxId":"c30628e84d917d4280a0a89bda89c339ba0466a0","sellTxId":"99d1710b9fba6ffc0a57024ca593f34b0f14e204"}
{"index": {"_index":"spt","_id":"1813292"}}
	{"id":1813292,"type":"buy","buyer":"ahmetay","seller":"dauerbrenner05","symbol":"SPT","quantity":"15.102337","price":"0.00900000","timestamp":1635369699,"volume":"0.13592103","buyTxId":"c30628e84d917d4280a0a89bda89c339ba0466a0","sellTxId":"7db819ed98533a10359398c3f132885445377100"}
{"index": {"_index":"spt","_id":"1813420"}}
	{"id":1813420,"type":"sell","buyer":"pi-trader","seller":"revisesociology","symbol":"SPT","quantity":"324.000000","price":"0.00841009","timestamp":1635371892,"volume":"2.72486916","buyTxId":"4d59227b81d74b6b7c45a27e86d58be2768d9efa-3","sellTxId":"295e2e11d86b74c411bf4ca598a1bae739444949"}
{"index": {"_index":"spt","_id":"1813428"}}
	{"id":1813428,"type":"sell","buyer":"granddaddies","seller":"astrocat-3663","symbol":"SPT","quantity":"15.29468","price":"0.00841012","timestamp":1635371991,"volume":"0.12863009","buyTxId":"c809ef77824b0722ac7f296e7f5d86f21cfd10e2","sellTxId":"58c29f8a3c22823742c13caef6b177b2431103b4"}
{"index": {"_index":"spt","_id":"1813433"}}
	{"id":1813433,"type":"buy","buyer":"chaosholdings","seller":"laundrywoman","symbol":"SPT","quantity":"112734.000000","price":"0.00979999","timestamp":1635372123,"volume":"1104.79207266","buyTxId":"12c20d1d5e43e322d73b90d0775538694e5c2f02","sellTxId":"7d9e59be0ea8827f89bdc83913583bceb687651b"}
{"index": {"_index":"spt","_id":"1813434"}}
	{"id":1813434,"type":"buy","buyer":"chaosholdings","seller":"muzehan","symbol":"SPT","quantity":"1000.000000","price":"0.00980000","timestamp":1635372123,"volume":"9.80000000","buyTxId":"12c20d1d5e43e322d73b90d0775538694e5c2f02","sellTxId":"8932c4650d2863d70285f7a9477dbe37e9f78952"}
{"index": {"_index":"spt","_id":"1813435"}}
	{"id":1813435,"type":"buy","buyer":"chaosholdings","seller":"laundrywoman","symbol":"SPT","quantity":"114245.000000","price":"0.00999998","timestamp":1635372234,"volume":"1142.44771510","buyTxId":"698bed88af248d74cc0e417a31e3cfa4304fc021","sellTxId":"0de97afb0a545dcfecf8c42a4d8ea061f058d351"}
{"index": {"_index":"spt","_id":"1813440"}}
	{"id":1813440,"type":"buy","buyer":"chaosholdings","seller":"laundrywoman","symbol":"SPT","quantity":"120626.000000","price":"0.00999998","timestamp":1635372348,"volume":"1206.25758748","buyTxId":"755356ae555fabed7c07952bc16f41c64c632bfb","sellTxId":"48f5c15d07bb460d078567f6091f62b9ca1beb4c"}
{"index": {"_index":"spt","_id":"1813445"}}
	{"id":1813445,"type":"sell","buyer":"pi-trader","seller":"astrocat-3663","symbol":"SPT","quantity":"557.731381","price":"0.00841011","timestamp":1635372429,"volume":"4.69058226","buyTxId":"0fbdd30b351c0ff632c0304b8fe0422f71bd009b-5","sellTxId":"02ef6c18df56326052c35f3c62296498d28864f3"}
{"index": {"_index":"spt","_id":"1813452"}}
	{"id":1813452,"type":"buy","buyer":"chaosholdings","seller":"laundrywoman","symbol":"SPT","quantity":"85426.000000","price":"0.00999998","timestamp":1635372456,"volume":"854.25829148","buyTxId":"a1412d19fb8a3d3e9cebd30462dcb549bffb353d","sellTxId":"8db99eddaa7c67d1153f5d37b3c0ec19eb5e6652"}
{"index": {"_index":"spt","_id":"1813491"}}
	{"id":1813491,"type":"buy","buyer":"offgridlife","seller":"laundrywoman","symbol":"SPT","quantity":"20.000000","price":"0.00999998","timestamp":1635372903,"volume":"0.19999960","buyTxId":"a0c0053cf338197f7d89f0cba702ac03ac9398be","sellTxId":"8db99eddaa7c67d1153f5d37b3c0ec19eb5e6652"}
{"index": {"_index":"spt","_id":"1813496"}}
	{"id":1813496,"type":"buy","buyer":"offgridlife","seller":"laundrywoman","symbol":"SPT","quantity":"50.000000","price":"0.00999998","timestamp":1635372993,"volume":"0.49999900","buyTxId":"c2df14378c1f0164f1db8abea21471081959eca1","sellTxId":"8db99eddaa7c67d1153f5d37b3c0ec19eb5e6652"}
{"index": {"_index":"spt","_id":"1813512"}}
	{"id":1813512,"type":"sell","buyer":"pi-trader","seller":"adrian1968","symbol":"SPT","quantity":"13.065603","price":"0.00841009","timestamp":1635373254,"volume":"0.10988290","buyTxId":"75785b58ff1616d3872a6644679bef0a97998e2c-3","sellTxId":"a5dd9e16124af202379ac0d83a1b39d2cff5f8d2"}
{"index": {"_index":"spt","_id":"1813513"}}
	{"id":1813513,"type":"buy","buyer":"offgridlife","seller":"laundrywoman","symbol":"SPT","quantity":"2000.000000","price":"0.00999998","timestamp":1635373299,"volume":"19.99996000","buyTxId":"406ad86e8f4fc00c80090d2012c3192bbfa0dca1","sellTxId":"8db99eddaa7c67d1153f5d37b3c0ec19eb5e6652"}
{"index": {"_index":"spt","_id":"1813744"}}
	{"id":1813744,"type":"sell","buyer":"pi-trader","seller":"zeruxanime","symbol":"SPT","quantity":"86.424683","price":"0.00891017","timestamp":1635375627,"volume":"0.77005862","buyTxId":"dcfa1a1b50a9756e4d5c2ac073d58c057cbbf165-3","sellTxId":"de0d1bb0e20f7c564d7f92bd778b3fb32e1e9dcd"}
{"index": {"_index":"spt","_id":"1813823"}}
	{"id":1813823,"type":"sell","buyer":"solovey6o2","seller":"dswap","symbol":"SPT","quantity":"1058","price":"0.00891018","timestamp":1635376551,"volume":"9.42697044","buyTxId":"60e604d38a4bca09af7734fd5548449544b4f09c","sellTxId":"3e2aa6f01c58a1ba6ec3157034dadbbb1defe149"}
{"index": {"_index":"spt","_id":"1813993"}}
	{"id":1813993,"type":"sell","buyer":"kfifim121","seller":"dardrey","symbol":"SPT","quantity":"1782.223354","price":"0.00952000","timestamp":1635378930,"volume":"16.96676633","buyTxId":"29c579a435cee6c899e404a84f3f33b3f1c41be2","sellTxId":"55e8b9f2d93a38202930c55853fd7b6e2630fa54"}
{"index": {"_index":"spt","_id":"1813994"}}
	{"id":1813994,"type":"sell","buyer":"kfifim121","seller":"dardrey","symbol":"SPT","quantity":"85.524664","price":"0.00952000","timestamp":1635378930,"volume":"0.81419480","buyTxId":"b91111caaa6616b82caad6059504ca0d9fa79ec8","sellTxId":"55e8b9f2d93a38202930c55853fd7b6e2630fa54"}
{"index": {"_index":"spt","_id":"1814007"}}
	{"id":1814007,"type":"buy","buyer":"evernoticethat","seller":"dardrey","symbol":"SPT","quantity":"15.688215","price":"0.00952000","timestamp":1635379134,"volume":"0.14935181","buyTxId":"8025f6ff7c8dc36e43c097384957dc3c90e6dfdb","sellTxId":"55e8b9f2d93a38202930c55853fd7b6e2630fa54"}
{"index": {"_index":"spt","_id":"1814014"}}
	{"id":1814014,"type":"buy","buyer":"kevm","seller":"dardrey","symbol":"SPT","quantity":"23.000000","price":"0.00952000","timestamp":1635379224,"volume":"0.21896000","buyTxId":"664648925f9ac70c264449d3d52587de0bc72595","sellTxId":"55e8b9f2d93a38202930c55853fd7b6e2630fa54"}
{"index": {"_index":"spt","_id":"1814092"}}
	{"id":1814092,"type":"sell","buyer":"pi-trader","seller":"brofi-market","symbol":"SPT","quantity":"3.239994","price":"0.00891022","timestamp":1635380103,"volume":"0.02886906","buyTxId":"269517064ab26ed9a9fc877f46812f02188a62bf-1","sellTxId":"e78821f592586e1e42b487cfc8a0514f89e30e8e"}
{"index": {"_index":"spt","_id":"1814123"}}
	{"id":1814123,"type":"sell","buyer":"pi-trader","seller":"evernoticethat","symbol":"SPT","quantity":"5.049000","price":"0.00891028","timestamp":1635380364,"volume":"0.04498800","buyTxId":"50a93176b421b4d84aa704526207bdabfabd4f9f-4","sellTxId":"95ec03fbc37b37ecfdf7aa5d1b571805079e1b3b"}
{"index": {"_index":"spt","_id":"1814143"}}
	{"id":1814143,"type":"sell","buyer":"pi-trader","seller":"lebah","symbol":"SPT","quantity":"2.200000","price":"0.00891034","timestamp":1635380682,"volume":"0.01960275","buyTxId":"986ed32fa5f31af1a9ea0ffed75ba95a0b468d73-3","sellTxId":"007e749780f011e409161916f61fb708ce9efb1c"}
{"index": {"_index":"spt","_id":"1814155"}}
	{"id":1814155,"type":"sell","buyer":"pi-trader","seller":"hive.pizza","symbol":"SPT","quantity":"12.445958","price":"0.00891037","timestamp":1635380757,"volume":"0.11089809","buyTxId":"3a982e5203f0e442921597eee4a0d1e84d3f51e8-5","sellTxId":"9337aadacd26f6d4e292dcb635a840fcca0ca315"}
{"index": {"_index":"spt","_id":"1814163"}}
	{"id":1814163,"type":"buy","buyer":"solips","seller":"solovey6o2","symbol":"SPT","quantity":"20.945000","price":"0.00999966","timestamp":1635380784,"volume":"0.20944288","buyTxId":"9b4ffe88df90210830c2a78a0148766843e62e51","sellTxId":"fc2acba9ba730d005c5410b63395c3762d086c75"}
{"index": {"_index":"spt","_id":"1814200"}}
	{"id":1814200,"type":"sell","buyer":"pi-trader","seller":"ryanpiloneo","symbol":"SPT","quantity":"1.133896","price":"0.00891046","timestamp":1635381264,"volume":"0.01010353","buyTxId":"db3b02f7b59ca3d3502bc3c039d8cd863899f5cc-3","sellTxId":"bb1fc7c70e67ae09379597ef4dda4338766bbc4d"}
{"index": {"_index":"spt","_id":"1814286"}}
	{"id":1814286,"type":"sell","buyer":"pi-trader","seller":"dhedge-drips","symbol":"SPT","quantity":"0.017001","price":"0.00892007","timestamp":1635381981,"volume":"0.00015165","buyTxId":"d366a09ba9d6fcc1f489d220609715e1d0030cd1-3","sellTxId":"1f23be900d3974ace9d1d8dc69dc8cf1380ca7d0"}
{"index": {"_index":"spt","_id":"1814333"}}
	{"id":1814333,"type":"buy","buyer":"rosiew","seller":"he-index","symbol":"SPT","quantity":"0.008000","price":"0.00892007","timestamp":1635382668,"volume":"0.00007136","buyTxId":"8c5f048326c43ee64482fec322326aedd849774e","sellTxId":"e2efa933f6c303c78c985418a297a50234ab8f97"}
{"index": {"_index":"spt","_id":"1814334"}}
	{"id":1814334,"type":"buy","buyer":"rosiew","seller":"laundrywoman","symbol":"SPT","quantity":"5999.992000","price":"0.00999950","timestamp":1635382668,"volume":"59.99692000","buyTxId":"8c5f048326c43ee64482fec322326aedd849774e","sellTxId":"6231f3812cbf3e1781d41bf0c6d28ce7b7cc3527"}
{"index": {"_index":"spt","_id":"1814362"}}
	{"id":1814362,"type":"sell","buyer":"solovey6o2","seller":"iceman23","symbol":"SPT","quantity":"1.424285","price":"0.00891030","timestamp":1635382947,"volume":"0.01269081","buyTxId":"0457c83339a7c4010445dc186413bb688086010c","sellTxId":"3a1852db371a1e149aaa89377c6e263fc6bf1b4b"}
{"index": {"_index":"spt","_id":"1814376"}}
	{"id":1814376,"type":"sell","buyer":"pi-trader","seller":"iceman-23","symbol":"SPT","quantity":"2.418951","price":"0.00891031","timestamp":1635383154,"volume":"0.02155360","buyTxId":"28dafea4fcb4c4471e388199340db14e1a1079a0-1","sellTxId":"33ce309953b1fe03e1f1a2dcbc89136391215273"}
{"index": {"_index":"spt","_id":"1814458"}}
	{"id":1814458,"type":"buy","buyer":"egistar","seller":"laundrywoman","symbol":"SPT","quantity":"220.010340","price":"0.00999953","timestamp":1635383697,"volume":"2.2","buyTxId":"8cf5b1fba85e067a58977ee1e011927c8e3d7a50","sellTxId":"5e140db3d996fe7d1f1e2e8ea18b7e7b7e946e04"}
{"index": {"_index":"spt","_id":"1814556"}}
	{"id":1814556,"type":"sell","buyer":"pi-trader","seller":"forexbrokr","symbol":"SPT","quantity":"11.805244","price":"0.00891023","timestamp":1635385104,"volume":"0.10518744","buyTxId":"9980cc34b505c05544b733aa8425fda1079565bc-3","sellTxId":"162d59a8aab36d828043f50d88d2afa6dd79bf9a"}
{"index": {"_index":"spt","_id":"1814776"}}
	{"id":1814776,"type":"sell","buyer":"pi-trader","seller":"mantis-tobaggon","symbol":"SPT","quantity":"2500.000000","price":"0.00892001","timestamp":1635387696,"volume":"22.30002500","buyTxId":"5f7770cd133f48b3c34fd0b2f16e5f9bcbdfca46-3","sellTxId":"a964b8ab361ed647631d2351c331d5f702f5d84d"}
{"index": {"_index":"spt","_id":"1814802"}}
	{"id":1814802,"type":"buy","buyer":"rmsadkri","seller":"rqr4","symbol":"SPT","quantity":"2440.000000","price":"0.00989960","timestamp":1635387795,"volume":"24.15502400","buyTxId":"1ac1b0644838f99ca7db5d6334d83ce968edc4d4","sellTxId":"dad7c4ad28c0905dece9fb270540e707aafc30ce"}
{"index": {"_index":"spt","_id":"1814803"}}
	{"id":1814803,"type":"buy","buyer":"rmsadkri","seller":"shishiz","symbol":"SPT","quantity":"8049.929597","price":"0.00999960","timestamp":1635387795,"volume":"80.49607600","buyTxId":"1ac1b0644838f99ca7db5d6334d83ce968edc4d4","sellTxId":"bec0519284ec56c9e8aa414a93aaea24daba0cbb"}
{"index": {"_index":"spt","_id":"1814879"}}
	{"id":1814879,"type":"buy","buyer":"megalithic","seller":"koreaminer","symbol":"SPT","quantity":"257.656900","price":"0.00998000","timestamp":1635388692,"volume":"2.57141586","buyTxId":"82ae04a28d3581c0e9cbe5f3276511d870face85","sellTxId":"49fec9d78b50e5982db6890d48852ff799b3bcf3"}
{"index": {"_index":"spt","_id":"1814880"}}
	{"id":1814880,"type":"buy","buyer":"megalithic","seller":"shishiz","symbol":"SPT","quantity":"392.343100","price":"0.00999960","timestamp":1635388692,"volume":"3.92327406","buyTxId":"82ae04a28d3581c0e9cbe5f3276511d870face85","sellTxId":"bec0519284ec56c9e8aa414a93aaea24daba0cbb"}
{"index": {"_index":"spt","_id":"1814891"}}
	{"id":1814891,"type":"buy","buyer":"megalithic","seller":"shishiz","symbol":"SPT","quantity":"150.000000","price":"0.00999960","timestamp":1635388782,"volume":"1.49994000","buyTxId":"ed9ae31d64b0878e8fcde7cc5aaed52807c84763","sellTxId":"bec0519284ec56c9e8aa414a93aaea24daba0cbb"}
