{"index": {"_index":"spt","_id":"2902821"}}
	{"id":2902821,"type":"buy","buyer":"dswap","seller":"chireerocks","symbol":"SPT","quantity":"4.282824","price":"0.00286001","timestamp":1646363280,"volume":"0.01224892","buyTxId":"d49a119e8d8355abc1d69a8e4d379488a9fe574d","sellTxId":"fb35d4431d8c7d2bd4b78423fad84a9a7b7f14b8"}
{"index": {"_index":"spt","_id":"2902822"}}
	{"id":2902822,"type":"buy","buyer":"dswap","seller":"dhedge-drips","symbol":"SPT","quantity":"0.004200","price":"0.00286001","timestamp":1646363280,"volume":"0.00001201","buyTxId":"d49a119e8d8355abc1d69a8e4d379488a9fe574d","sellTxId":"9ce9667d2ff36c5efba2faa67a0646bede4d1102"}
{"index": {"_index":"spt","_id":"2902823"}}
	{"id":2902823,"type":"buy","buyer":"dswap","seller":"kitsuki","symbol":"SPT","quantity":"60.000000","price":"0.00309000","timestamp":1646363280,"volume":"0.18540000","buyTxId":"d49a119e8d8355abc1d69a8e4d379488a9fe574d","sellTxId":"d15080f0ce7a9cabefe0f46919bc335584eb60a2"}
{"index": {"_index":"spt","_id":"2902824"}}
	{"id":2902824,"type":"buy","buyer":"dswap","seller":"brofi-market","symbol":"SPT","quantity":"3.241372","price":"0.00309000","timestamp":1646363280,"volume":"0.01001584","buyTxId":"d49a119e8d8355abc1d69a8e4d379488a9fe574d","sellTxId":"6f355e1d0753b6e0dc5541573f1477db75ccf3fa"}
{"index": {"_index":"spt","_id":"2902825"}}
	{"id":2902825,"type":"buy","buyer":"dswap","seller":"laundrywoman","symbol":"SPT","quantity":"6716.804748","price":"0.00309800","timestamp":1646363280,"volume":"20.80866111","buyTxId":"d49a119e8d8355abc1d69a8e4d379488a9fe574d","sellTxId":"fce578738ce8c18e1647a8c06e018f0a622c0dc1"}
{"index": {"_index":"spt","_id":"2903048"}}
	{"id":2903048,"type":"sell","buyer":"kitsuki","seller":"brofi-market","symbol":"SPT","quantity":"0.346139","price":"0.00286000","timestamp":1646367183,"volume":"0.00098996","buyTxId":"0877c4555a338c3a7083acbca1cc410284465393","sellTxId":"afcf6ffce7ba2b8674ea47cdf3ee275dd564473d"}
{"index": {"_index":"spt","_id":"2903097"}}
	{"id":2903097,"type":"sell","buyer":"kitsuki","seller":"burn-it-down","symbol":"SPT","quantity":"61.345490","price":"0.00286000","timestamp":1646368056,"volume":"0.17544810","buyTxId":"0877c4555a338c3a7083acbca1cc410284465393","sellTxId":"f822f462b66f93b2563ce5949c62def591607c78"}
{"index": {"_index":"spt","_id":"2903276"}}
	{"id":2903276,"type":"sell","buyer":"kitsuki","seller":"chronopolis","symbol":"SPT","quantity":"333.731000","price":"0.00286000","timestamp":1646371371,"volume":"0.95447066","buyTxId":"0877c4555a338c3a7083acbca1cc410284465393","sellTxId":"499468b3f93a529e7168b72f0210c7a3d9154cd2"}
{"index": {"_index":"spt","_id":"2903344"}}
	{"id":2903344,"type":"sell","buyer":"kitsuki","seller":"chronocrypto","symbol":"SPT","quantity":"641.832017","price":"0.00286000","timestamp":1646372295,"volume":"1.83563957","buyTxId":"0877c4555a338c3a7083acbca1cc410284465393","sellTxId":"66ada8d0d075c4107d02ebace59278e66cf49bb2"}
{"index": {"_index":"spt","_id":"2903662"}}
	{"id":2903662,"type":"sell","buyer":"beetrader","seller":"dhedge-drips","symbol":"SPT","quantity":"0.032449","price":"0.00280000","timestamp":1646376369,"volume":"0.00009086","buyTxId":"MM-P-15226120-62213808-3-3-0","sellTxId":"2fd591c4ece4abde100a732aee6bc52cb3fb8963"}
{"index": {"_index":"spt","_id":"2903757"}}
	{"id":2903757,"type":"sell","buyer":"beetrader","seller":"juanmiguelsalas","symbol":"SPT","quantity":"27.928783","price":"0.00280000","timestamp":1646377434,"volume":"0.07820059","buyTxId":"MM-P-15226120-62213808-3-3-0","sellTxId":"fcb56f3636d7d42589b82a167cfbb491edcbc72c"}
{"index": {"_index":"spt","_id":"2903783"}}
	{"id":2903783,"type":"sell","buyer":"beetrader","seller":"lordtimoty","symbol":"SPT","quantity":"1043.467339","price":"0.00280000","timestamp":1646377923,"volume":"2.92170855","buyTxId":"MM-P-15226120-62213808-3-3-0","sellTxId":"6c4b78d967be498a62995645a2a23092c0bc2ec4"}
{"index": {"_index":"spt","_id":"2903784"}}
	{"id":2903784,"type":"sell","buyer":"multifurcate","seller":"lordtimoty","symbol":"SPT","quantity":"706.532661","price":"0.00271100","timestamp":1646377923,"volume":"1.91541004","buyTxId":"24637ff476eb410e0ada25f6e3f8374acf3c76e2","sellTxId":"6c4b78d967be498a62995645a2a23092c0bc2ec4"}
{"index": {"_index":"spt","_id":"2904010"}}
	{"id":2904010,"type":"sell","buyer":"beetrader","seller":"brofi-market","symbol":"SPT","quantity":"0.138671","price":"0.00278700","timestamp":1646381304,"volume":"0.00038648","buyTxId":"MM-P-15334753-62322525-3-3-0","sellTxId":"964498a611329f6b4db401048f01d97b50b2d034"}
{"index": {"_index":"spt","_id":"2904084"}}
	{"id":2904084,"type":"buy","buyer":"adrianus","seller":"sanjeev021","symbol":"SPT","quantity":"1.573165","price":"0.00309000","timestamp":1646382270,"volume":"0.00486108","buyTxId":"c768eb09662ccb79f76d8b2bc71268583d3766b9","sellTxId":"14e48233b552997bc3561b3c0f90dd26fb344ae6"}
{"index": {"_index":"spt","_id":"2904257"}}
	{"id":2904257,"type":"sell","buyer":"multifurcate","seller":"dswap","symbol":"SPT","quantity":"2650.989608","price":"0.00280100","timestamp":1646385465,"volume":"7.42542189","buyTxId":"e106d1e0b39de3c5cbe7bf6d32182f75b2a3d0ed","sellTxId":"87b0a89973cf102138629edce25489d873b4251f"}
{"index": {"_index":"spt","_id":"2904424"}}
	{"id":2904424,"type":"sell","buyer":"multifurcate","seller":"isnochys","symbol":"SPT","quantity":"0.063366","price":"0.00280100","timestamp":1646388249,"volume":"0.00017749","buyTxId":"e106d1e0b39de3c5cbe7bf6d32182f75b2a3d0ed","sellTxId":"c7a16c0feb1c5ed9f6a694243ca2553ef9856394"}
{"index": {"_index":"spt","_id":"2904488"}}
	{"id":2904488,"type":"sell","buyer":"beetrader","seller":"tsnaks","symbol":"SPT","quantity":"50.000000","price":"0.00280000","timestamp":1646389500,"volume":"0.14000000","buyTxId":"MM-P-15335847-62323621-3-3-0","sellTxId":"4fbb2eab4d6c4cbec3fdace4d4b154d8128e8263"}
{"index": {"_index":"spt","_id":"2904566"}}
	{"id":2904566,"type":"sell","buyer":"beetrader","seller":"lisergicus","symbol":"SPT","quantity":"100.154889","price":"0.00280000","timestamp":1646391159,"volume":"0.28043369","buyTxId":"MM-P-15335847-62323621-3-3-0","sellTxId":"b2ddadd01f48840ae342ebcc13b3247b31764c09"}
{"index": {"_index":"spt","_id":"2904639"}}
	{"id":2904639,"type":"sell","buyer":"beetrader","seller":"renovatio","symbol":"SPT","quantity":"224.142466","price":"0.00280000","timestamp":1646392911,"volume":"0.62759890","buyTxId":"MM-P-15335847-62323621-3-3-0","sellTxId":"0b0f1e4a2016173a382a77747abd3ef9852a3ad8"}
{"index": {"_index":"spt","_id":"2904866"}}
	{"id":2904866,"type":"sell","buyer":"beetrader","seller":"nrg","symbol":"SPT","quantity":"697.131216","price":"0.00280000","timestamp":1646396418,"volume":"1.95196740","buyTxId":"MM-P-15335847-62323621-3-3-0","sellTxId":"38746884dd805a55ccdd749fcb5fd7be9f337da5"}
{"index": {"_index":"spt","_id":"2904867"}}
	{"id":2904867,"type":"sell","buyer":"multifurcate","seller":"nrg","symbol":"SPT","quantity":"1694.298221","price":"0.00271100","timestamp":1646396418,"volume":"4.59324248","buyTxId":"4c5aad37bd3c4db3b45f2050fcf731137b1f19bc","sellTxId":"38746884dd805a55ccdd749fcb5fd7be9f337da5"}
{"index": {"_index":"spt","_id":"2905013"}}
	{"id":2905013,"type":"sell","buyer":"beetrader","seller":"dhedge-drips","symbol":"SPT","quantity":"0.013000","price":"0.00277601","timestamp":1646397969,"volume":"0.00003609","buyTxId":"MM-P-15340735-62328511-3-3-0","sellTxId":"b58f674c08e686ac7f05dfa49b70c361a5633caf"}
{"index": {"_index":"spt","_id":"2905150"}}
	{"id":2905150,"type":"buy","buyer":"spirits4you","seller":"laundrywoman","symbol":"SPT","quantity":"765.716461","price":"0.00308840","timestamp":1646399718,"volume":"2.36483872","buyTxId":"7029a4991608ec0592a0b5fd0983c10c640b9ae7","sellTxId":"ee50f3fe19a67c2990bbcaa0d99bce4ddeb64a84"}
{"index": {"_index":"spt","_id":"2905304"}}
	{"id":2905304,"type":"sell","buyer":"beetrader","seller":"anderssinho","symbol":"SPT","quantity":"0.878000","price":"0.00278701","timestamp":1646401644,"volume":"0.00244699","buyTxId":"MM-P-15340835-62328611-3-3-0","sellTxId":"c436f94daa3206af22975d64b22cae77ce2c4924"}
{"index": {"_index":"spt","_id":"2905391"}}
	{"id":2905391,"type":"sell","buyer":"beetrader","seller":"digital-fortress","symbol":"SPT","quantity":"2.049890","price":"0.00278701","timestamp":1646402547,"volume":"0.00571306","buyTxId":"MM-P-15340835-62328611-3-3-0","sellTxId":"11cceeaa61fff91b7c3888a2e10d42435582f224"}
{"index": {"_index":"spt","_id":"2905396"}}
	{"id":2905396,"type":"sell","buyer":"beetrader","seller":"bilpcoinbpc","symbol":"SPT","quantity":"0.7711","price":"0.00278701","timestamp":1646402604,"volume":"0.00214906","buyTxId":"MM-P-15340835-62328611-3-3-0","sellTxId":"d7a337781f673cf1746aaa31b84cfa7b730bfbad"}
{"index": {"_index":"spt","_id":"2905553"}}
	{"id":2905553,"type":"sell","buyer":"beetrader","seller":"nervi","symbol":"SPT","quantity":"0.014238","price":"0.00278701","timestamp":1646404923,"volume":"0.00003968","buyTxId":"MM-P-15340835-62328611-3-3-0","sellTxId":"61438cb04c2c81b8a42c2ccbdf6466e89f9aedc8"}
{"index": {"_index":"spt","_id":"2905767"}}
	{"id":2905767,"type":"buy","buyer":"druidsblood","seller":"dhedge-drips","symbol":"SPT","quantity":"0.013000","price":"0.00308840","timestamp":1646407851,"volume":"0.00004015","buyTxId":"bd6167b2d60d18e7c018ffd1b0eb18c26bee1f96","sellTxId":"a850258015f66b3d1a1cae84cb5f786ee684f225"}
{"index": {"_index":"spt","_id":"2905768"}}
	{"id":2905768,"type":"buy","buyer":"druidsblood","seller":"laundrywoman","symbol":"SPT","quantity":"7124.987000","price":"0.00308840","timestamp":1646407851,"volume":"22.00480985","buyTxId":"bd6167b2d60d18e7c018ffd1b0eb18c26bee1f96","sellTxId":"4d1b085e967897e40527314d60d3527ed5b541f0"}
{"index": {"_index":"spt","_id":"2906076"}}
	{"id":2906076,"type":"buy","buyer":"abrockman","seller":"laundrywoman","symbol":"SPT","quantity":"162551.013000","price":"0.00308840","timestamp":1646410194,"volume":"502.02254855","buyTxId":"e7ba21734c4c5af6dbc342315ad605a65c3990db","sellTxId":"4d1b085e967897e40527314d60d3527ed5b541f0"}
{"index": {"_index":"spt","_id":"2906124"}}
	{"id":2906124,"type":"sell","buyer":"beetrader","seller":"brofi-market","symbol":"SPT","quantity":"0.203832","price":"0.00279801","timestamp":1646410299,"volume":"0.00057032","buyTxId":"MM-P-15344823-62332601-3-3-0","sellTxId":"997d14f7d283337257b55a7b849f9895f676352f"}
{"index": {"_index":"spt","_id":"2906349"}}
	{"id":2906349,"type":"buy","buyer":"dbooster","seller":"underlock","symbol":"SPT","quantity":"999.000000","price":"0.00308760","timestamp":1646412150,"volume":"3.08451240","buyTxId":"8f0c6e2d48c64b5da34350f6380c31baaa8b3a5e","sellTxId":"8d35ef80adf92034e001e5638321fea768ef6a4d"}
{"index": {"_index":"spt","_id":"2906350"}}
	{"id":2906350,"type":"buy","buyer":"dbooster","seller":"underlock","symbol":"SPT","quantity":"620.380748","price":"0.00308760","timestamp":1646412150,"volume":"1.91548760","buyTxId":"8f0c6e2d48c64b5da34350f6380c31baaa8b3a5e","sellTxId":"66c18cd8285f75b53706f402056f649ad6eda6c6"}
{"index": {"_index":"spt","_id":"2906821"}}
	{"id":2906821,"type":"buy","buyer":"jongolson","seller":"underlock","symbol":"SPT","quantity":"286.714694","price":"0.00308760","timestamp":1646416905,"volume":"0.88526029","buyTxId":"c09dd378442adcc75bd9f6142ded0038b9724f4c","sellTxId":"66c18cd8285f75b53706f402056f649ad6eda6c6"}
{"index": {"_index":"spt","_id":"2906822"}}
	{"id":2906822,"type":"buy","buyer":"jongolson","seller":"laundrywoman","symbol":"SPT","quantity":"713.285306","price":"0.00308840","timestamp":1646416905,"volume":"2.20291034","buyTxId":"c09dd378442adcc75bd9f6142ded0038b9724f4c","sellTxId":"f5caf0a10be3aeeeaa47c540f2d9004d9fc7db88"}
{"index": {"_index":"spt","_id":"2907015"}}
	{"id":2907015,"type":"sell","buyer":"multifurcate","seller":"dhedge-drips","symbol":"SPT","quantity":"0.019109","price":"0.00280100","timestamp":1646419536,"volume":"0.00005352","buyTxId":"46e36dfbb8b99b3b9c4ff86f47816030e683df29","sellTxId":"8704989767a76213947e52b33c053396fa207a30"}
{"index": {"_index":"spt","_id":"2907279"}}
	{"id":2907279,"type":"sell","buyer":"multifurcate","seller":"hawks21","symbol":"SPT","quantity":"597.065966","price":"0.00280100","timestamp":1646422836,"volume":"1.67238177","buyTxId":"46e36dfbb8b99b3b9c4ff86f47816030e683df29","sellTxId":"87b2921a24f91974ed65631fc644482a1099e9f4"}
{"index": {"_index":"spt","_id":"2907341"}}
	{"id":2907341,"type":"buy","buyer":"titopx","seller":"costanza","symbol":"SPT","quantity":"81.000000","price":"0.00300000","timestamp":1646423136,"volume":"0.24300000","buyTxId":"d13bdf798d0ff8038076fa196e6fc0a5b9d53d55","sellTxId":"6220f1dbf05c4df13b4b1c12c34558ddac6ef73a"}
{"index": {"_index":"spt","_id":"2907477"}}
	{"id":2907477,"type":"sell","buyer":"multifurcate","seller":"brofi-market","symbol":"SPT","quantity":"0.033670","price":"0.00280100","timestamp":1646424594,"volume":"0.00009431","buyTxId":"46e36dfbb8b99b3b9c4ff86f47816030e683df29","sellTxId":"ac34c63120d743012744f5ba19d845784fe90243"}
{"index": {"_index":"spt","_id":"2907860"}}
	{"id":2907860,"type":"sell","buyer":"multifurcate","seller":"the-ascendant","symbol":"SPT","quantity":"10.955095","price":"0.00280100","timestamp":1646428791,"volume":"0.03068522","buyTxId":"46e36dfbb8b99b3b9c4ff86f47816030e683df29","sellTxId":"0dadbe218c21c318706e844a085607553828efd8"}
{"index": {"_index":"spt","_id":"2908585"}}
	{"id":2908585,"type":"sell","buyer":"jmark517","seller":"he-index","symbol":"SPT","quantity":"0.032000","price":"0.00285000","timestamp":1646434989,"volume":"0.00009120","buyTxId":"8cea65fdb9733276622b0c10c0bd1ab2e2d8d7c2","sellTxId":"abc6ca8a080a8276a6ce18d8f2f19dadf7d0cab4"}
{"index": {"_index":"spt","_id":"2908902"}}
	{"id":2908902,"type":"sell","buyer":"jmark517","seller":"brofi-market","symbol":"SPT","quantity":"4.975254","price":"0.00285000","timestamp":1646439267,"volume":"0.01417947","buyTxId":"8cea65fdb9733276622b0c10c0bd1ab2e2d8d7c2","sellTxId":"0a5e280a5a551927ec4153de85adc545f6d63f37"}
{"index": {"_index":"spt","_id":"2909000"}}
	{"id":2909000,"type":"sell","buyer":"jmark517","seller":"chireerocks","symbol":"SPT","quantity":"118.186155","price":"0.00285000","timestamp":1646440542,"volume":"0.33683054","buyTxId":"8cea65fdb9733276622b0c10c0bd1ab2e2d8d7c2","sellTxId":"f1a09538ece60a7999df2963411ef685c4f6d6e5"}
{"index": {"_index":"spt","_id":"2909007"}}
	{"id":2909007,"type":"sell","buyer":"jmark517","seller":"cynano","symbol":"SPT","quantity":"352.673769","price":"0.00285000","timestamp":1646440608,"volume":"1.00512024","buyTxId":"8cea65fdb9733276622b0c10c0bd1ab2e2d8d7c2","sellTxId":"204968c973355217977db74f32c5abc54b7e468c"}
{"index": {"_index":"spt","_id":"2909064"}}
	{"id":2909064,"type":"sell","buyer":"jmark517","seller":"dhedge-drips","symbol":"SPT","quantity":"0.042697","price":"0.00285000","timestamp":1646441187,"volume":"0.00012169","buyTxId":"8cea65fdb9733276622b0c10c0bd1ab2e2d8d7c2","sellTxId":"200a37d5c6583ba41d9a0c09a82048a2c730bd1e"}
{"index": {"_index":"spt","_id":"2909345"}}
	{"id":2909345,"type":"buy","buyer":"heutorybr","seller":"underlock","symbol":"SPT","quantity":"370.243447","price":"0.00299860","timestamp":1646445375,"volume":"1.11021200","buyTxId":"8dd0d5536a9541417a30832753ec511344d09b44","sellTxId":"c832fc4a0d337080a6b1f7b3374933d460c2bb0e"}
{"index": {"_index":"spt","_id":"2909489"}}
	{"id":2909489,"type":"sell","buyer":"multifurcate","seller":"taskmaster4450le","symbol":"SPT","quantity":"322.327584","price":"0.00280100","timestamp":1646447058,"volume":"0.90283956","buyTxId":"5eb65bc5fdf2f109aa84f4ab8ae84090d80c784b","sellTxId":"4fe4e14051e0beb426ddb2bb48b6116447d6f1ab"}
{"index": {"_index":"spt","_id":"2909507"}}
	{"id":2909507,"type":"sell","buyer":"multifurcate","seller":"taskmaster4450","symbol":"SPT","quantity":"501.602452","price":"0.00280100","timestamp":1646447433,"volume":"1.40498847","buyTxId":"5eb65bc5fdf2f109aa84f4ab8ae84090d80c784b","sellTxId":"d0cfcd05ce988255598cff5a87662fa0c746284c"}
