{"index": {"_index":"spt","_id":"3587243"}}
	{"id":3587243,"type":"sell","buyer":"thewycher","seller":"shauner","symbol":"SPT","quantity":"483.357381","price":"0.00241833","timestamp":1654137579,"volume":"1.16891766","buyTxId":"748c818135176eb9c0b72a8aaf1c365d1195ddb9","sellTxId":"5b88a46d9b93abe73d33c21bc871a7539696ab9e"}
{"index": {"_index":"spt","_id":"3587244"}}
	{"id":3587244,"type":"sell","buyer":"thewycher","seller":"shauner","symbol":"SPT","quantity":"499.999999","price":"0.00241833","timestamp":1654137579,"volume":"1.20916500","buyTxId":"a59389b9a12aea1d6585ff327a27b44f9be080df","sellTxId":"5b88a46d9b93abe73d33c21bc871a7539696ab9e"}
{"index": {"_index":"spt","_id":"3587245"}}
	{"id":3587245,"type":"sell","buyer":"thewycher","seller":"shauner","symbol":"SPT","quantity":"499.999999","price":"0.00241833","timestamp":1654137579,"volume":"1.20916500","buyTxId":"dfec24470a2a5f2e484b84c8309400071b12fc6c","sellTxId":"5b88a46d9b93abe73d33c21bc871a7539696ab9e"}
{"index": {"_index":"spt","_id":"3587246"}}
	{"id":3587246,"type":"sell","buyer":"multifurcate","seller":"shauner","symbol":"SPT","quantity":"12454.338065","price":"0.00241832","timestamp":1654137579,"volume":"30.11857483","buyTxId":"3db60ddcc9c69a8bb80924492b2b305f8583a279","sellTxId":"5b88a46d9b93abe73d33c21bc871a7539696ab9e"}
{"index": {"_index":"spt","_id":"3587299"}}
	{"id":3587299,"type":"sell","buyer":"kitsuki","seller":"mawit07","symbol":"SPT","quantity":"500.000000","price":"0.00241732","timestamp":1654138860,"volume":"1.20866000","buyTxId":"749c9b2dab60f115881314d6aee6e4ed2d9c5e85","sellTxId":"b0342fff61dd0efadf503201cbe866f13d540c13"}
{"index": {"_index":"spt","_id":"3587300"}}
	{"id":3587300,"type":"sell","buyer":"kitsuki","seller":"mawit07","symbol":"SPT","quantity":"900.000000","price":"0.00241627","timestamp":1654138860,"volume":"2.17464300","buyTxId":"479c1ab0af234a78ab9c97b2e3036d7b649eb4aa","sellTxId":"b0342fff61dd0efadf503201cbe866f13d540c13"}
{"index": {"_index":"spt","_id":"3587301"}}
	{"id":3587301,"type":"sell","buyer":"kitsuki","seller":"mawit07","symbol":"SPT","quantity":"86.846858","price":"0.00241525","timestamp":1654138860,"volume":"0.20975687","buyTxId":"a3f3a1f5ce1f2b54636252af32a0cc0a0d332fc1","sellTxId":"b0342fff61dd0efadf503201cbe866f13d540c13"}
{"index": {"_index":"spt","_id":"3587302"}}
	{"id":3587302,"type":"buy","buyer":"pjansen","seller":"saachi","symbol":"SPT","quantity":"1200.000000","price":"0.00250000","timestamp":1654138899,"volume":"3.00000000","buyTxId":"30d9029df575c7da0733e6720fa518db4c58e914","sellTxId":"e659e455f915b928b79ca146dbb6adf936bcd794"}
{"index": {"_index":"spt","_id":"3587303"}}
	{"id":3587303,"type":"buy","buyer":"pjansen","seller":"onlydoge","symbol":"SPT","quantity":"0.038610","price":"0.00259000","timestamp":1654138899,"volume":"0.00010000","buyTxId":"30d9029df575c7da0733e6720fa518db4c58e914","sellTxId":"9ce9e5fb1a9ab61fccdeaab64fc9d80a2fe02705"}
{"index": {"_index":"spt","_id":"3587366"}}
	{"id":3587366,"type":"sell","buyer":"multifurcate","seller":"dswap","symbol":"SPT","quantity":"1642.737841","price":"0.00241832","timestamp":1654140012,"volume":"3.97266578","buyTxId":"5ba034c7cd78d24b0c38f8769fbd2f461055263c","sellTxId":"3ab2416dd72c86e99d37db57b81429b2de3c5573"}
{"index": {"_index":"spt","_id":"3587713"}}
	{"id":3587713,"type":"sell","buyer":"xplosive","seller":"themarkymark","symbol":"SPT","quantity":"47.000000","price":"0.00258999","timestamp":1654145022,"volume":"0.12172953","buyTxId":"00006dd3c73ad894c87d5444bc16d898a88ea92d","sellTxId":"55bd445696c34fb701b87a7bd5ae540acda77f70"}
{"index": {"_index":"spt","_id":"3587735"}}
	{"id":3587735,"type":"sell","buyer":"thewycher","seller":"wilderwanderer","symbol":"SPT","quantity":"81.824579","price":"0.00241833","timestamp":1654145253,"volume":"0.19787883","buyTxId":"6fa3f7acdae8f5e621e3ca08dc6d55945b7448be","sellTxId":"a1296b31f4ed7dee0d45f6ee9d25b0da1ce6be69"}
{"index": {"_index":"spt","_id":"3587737"}}
	{"id":3587737,"type":"sell","buyer":"thewycher","seller":"captainquack22","symbol":"SPT","quantity":"254","price":"0.00241833","timestamp":1654145259,"volume":"0.61425582","buyTxId":"6fa3f7acdae8f5e621e3ca08dc6d55945b7448be","sellTxId":"8c545b3c61c4bbc2a7fa5e91e8a2133c4bd1317c"}
{"index": {"_index":"spt","_id":"3587759"}}
	{"id":3587759,"type":"buy","buyer":"curatorcat","seller":"themarkymark","symbol":"SPT","quantity":"1.039466","price":"0.00258999","timestamp":1654145595,"volume":"0.00269221","buyTxId":"4fe2650757ffcc0c7a4c7a37fb98b652fb086c03","sellTxId":"55bd445696c34fb701b87a7bd5ae540acda77f70"}
{"index": {"_index":"spt","_id":"3587768"}}
	{"id":3587768,"type":"buy","buyer":"curatorcat","seller":"onlydoge","symbol":"SPT","quantity":"13.296503","price":"0.00259000","timestamp":1654145796,"volume":"0.03443794","buyTxId":"de664473fe05f9c50126f0e3a6a262cf70f7e192","sellTxId":"9ce9e5fb1a9ab61fccdeaab64fc9d80a2fe02705"}
{"index": {"_index":"spt","_id":"3587814"}}
	{"id":3587814,"type":"sell","buyer":"thewycher","seller":"cerdosalvaje","symbol":"SPT","quantity":"0.019588","price":"0.00241833","timestamp":1654146924,"volume":"0.00004737","buyTxId":"6fa3f7acdae8f5e621e3ca08dc6d55945b7448be","sellTxId":"917b78850994c28bb9241b742b5fac425d342480"}
{"index": {"_index":"spt","_id":"3587961"}}
	{"id":3587961,"type":"sell","buyer":"xplosive","seller":"darwinjj","symbol":"SPT","quantity":"116.000000","price":"0.00258999","timestamp":1654148742,"volume":"0.30043884","buyTxId":"390334535a2465dd8b08f738432466e1c3a24a89","sellTxId":"3df7442debc15003ef2582ffff2b5abf6dd06fa0"}
{"index": {"_index":"spt","_id":"3587978"}}
	{"id":3587978,"type":"sell","buyer":"xplosive","seller":"loganhate","symbol":"SPT","quantity":"6.798996","price":"0.00258999","timestamp":1654148865,"volume":"0.01760933","buyTxId":"390334535a2465dd8b08f738432466e1c3a24a89","sellTxId":"07ed0c5b7a3eb58a1b281c592b70c0f2cc024305"}
{"index": {"_index":"spt","_id":"3587996"}}
	{"id":3587996,"type":"buy","buyer":"darwinjj","seller":"onlydoge","symbol":"SPT","quantity":"116.113795","price":"0.00259000","timestamp":1654149105,"volume":"0.30073473","buyTxId":"3f1ea10f5c86ce7ad4405e09f37487e310100982","sellTxId":"9ce9e5fb1a9ab61fccdeaab64fc9d80a2fe02705"}
{"index": {"_index":"spt","_id":"3588015"}}
	{"id":3588015,"type":"sell","buyer":"xplosive","seller":"jobmanfred","symbol":"SPT","quantity":"77.201004","price":"0.00258999","timestamp":1654149351,"volume":"0.19994983","buyTxId":"390334535a2465dd8b08f738432466e1c3a24a89","sellTxId":"6076550eb65f20620c69af4d6f5aea4f5a325e8a"}
{"index": {"_index":"spt","_id":"3588038"}}
	{"id":3588038,"type":"buy","buyer":"dswap","seller":"jobmanfred","symbol":"SPT","quantity":"32.459039","price":"0.00258999","timestamp":1654149564,"volume":"0.08406859","buyTxId":"e55ba806575055b8eb796e5b1993ed63e5f139a8","sellTxId":"6076550eb65f20620c69af4d6f5aea4f5a325e8a"}
{"index": {"_index":"spt","_id":"3588039"}}
	{"id":3588039,"type":"buy","buyer":"dswap","seller":"onlydoge","symbol":"SPT","quantity":"847.543710","price":"0.00259000","timestamp":1654149564,"volume":"2.19513821","buyTxId":"e55ba806575055b8eb796e5b1993ed63e5f139a8","sellTxId":"9ce9e5fb1a9ab61fccdeaab64fc9d80a2fe02705"}
{"index": {"_index":"spt","_id":"3588376"}}
	{"id":3588376,"type":"sell","buyer":"maakue","seller":"steemmonsterking","symbol":"SPT","quantity":"48.452442","price":"0.00241834","timestamp":1654154484,"volume":"0.11717448","buyTxId":"ea92025602ffe7dc0dd6db029bda3be66d47e948","sellTxId":"e64eeb9f0177b83fb8b8e0cd43c64d9e5821971e"}
{"index": {"_index":"spt","_id":"3588377"}}
	{"id":3588377,"type":"sell","buyer":"maakue","seller":"steemmonsterking","symbol":"SPT","quantity":"15.401314","price":"0.00241834","timestamp":1654154484,"volume":"0.03724561","buyTxId":"38578f12e7eb88fbf7e3c3735f915c58e6b66b21","sellTxId":"e64eeb9f0177b83fb8b8e0cd43c64d9e5821971e"}
{"index": {"_index":"spt","_id":"3588719"}}
	{"id":3588719,"type":"sell","buyer":"maakue","seller":"repayme4568","symbol":"SPT","quantity":"4.485510","price":"0.00241834","timestamp":1654159191,"volume":"0.01084749","buyTxId":"38578f12e7eb88fbf7e3c3735f915c58e6b66b21","sellTxId":"aaa93cba891e875a5073143ba2a037fff542f483"}
{"index": {"_index":"spt","_id":"3588839"}}
	{"id":3588839,"type":"sell","buyer":"maakue","seller":"m00s33","symbol":"SPT","quantity":"0.972462","price":"0.00241834","timestamp":1654160721,"volume":"0.00235174","buyTxId":"38578f12e7eb88fbf7e3c3735f915c58e6b66b21","sellTxId":"e295ea9a76aca6ba030f6d887f0d8fce24b6ad23"}
{"index": {"_index":"spt","_id":"3589382"}}
	{"id":3589382,"type":"sell","buyer":"madnessinsane","seller":"uyobong","symbol":"SPT","quantity":"327.900000","price":"0.00258999","timestamp":1654167135,"volume":"0.84925772","buyTxId":"a39cb893b13bd945f2bd109ebb4f7875927b50ba","sellTxId":"8876728d8ac47e2b9f51063e76f7e3e271e88ccd"}
{"index": {"_index":"spt","_id":"3589720"}}
	{"id":3589720,"type":"sell","buyer":"madnessinsane","seller":"mad-runner","symbol":"SPT","quantity":"1172.100000","price":"0.00258999","timestamp":1654172253,"volume":"3.03572728","buyTxId":"a39cb893b13bd945f2bd109ebb4f7875927b50ba","sellTxId":"757eca1bdb605268032737a6dadaf75dd245b748"}
{"index": {"_index":"spt","_id":"3589726"}}
	{"id":3589726,"type":"buy","buyer":"pjansen","seller":"mad-runner","symbol":"SPT","quantity":"951.827652","price":"0.00251306","timestamp":1654172361,"volume":"2.3920","buyTxId":"ec90a3578e53da4615220de7060e969402a49197","sellTxId":"757eca1bdb605268032737a6dadaf75dd245b748"}
{"index": {"_index":"spt","_id":"3589727"}}
	{"id":3589727,"type":"sell","buyer":"maakue","seller":"dswap","symbol":"SPT","quantity":"12.984621","price":"0.00241834","timestamp":1654172370,"volume":"0.03140123","buyTxId":"38578f12e7eb88fbf7e3c3735f915c58e6b66b21","sellTxId":"75c8f606da93303ae530855cf86803b0435c5169"}
{"index": {"_index":"spt","_id":"3589884"}}
	{"id":3589884,"type":"buy","buyer":"dbooster","seller":"mad-runner","symbol":"SPT","quantity":"0.010036","price":"0.00251306","timestamp":1654174431,"volume":"0.00002522","buyTxId":"a003e326f7232e6982b52761c1f115925074df47","sellTxId":"757eca1bdb605268032737a6dadaf75dd245b748"}
{"index": {"_index":"spt","_id":"3589885"}}
	{"id":3589885,"type":"buy","buyer":"dbooster","seller":"dhedge-drips","symbol":"SPT","quantity":"0.020500","price":"0.00259000","timestamp":1654174431,"volume":"0.00005310","buyTxId":"a003e326f7232e6982b52761c1f115925074df47","sellTxId":"6e5e966c8a4522147ee629723707cc2a94710bc3"}
{"index": {"_index":"spt","_id":"3589886"}}
	{"id":3589886,"type":"buy","buyer":"dbooster","seller":"abcor","symbol":"SPT","quantity":"499.969464","price":"0.00260000","timestamp":1654174431,"volume":"1.29992061","buyTxId":"a003e326f7232e6982b52761c1f115925074df47","sellTxId":"216f5cbca63e97111ad115dc0e481b43eff7c97f"}
{"index": {"_index":"spt","_id":"3589988"}}
	{"id":3589988,"type":"sell","buyer":"maakue","seller":"cryptonaires","symbol":"SPT","quantity":"13.000000","price":"0.00241834","timestamp":1654175628,"volume":"0.03143842","buyTxId":"38578f12e7eb88fbf7e3c3735f915c58e6b66b21","sellTxId":"30dc262f5430726c035ca4116122fdaff61bc897"}
{"index": {"_index":"spt","_id":"3590083"}}
	{"id":3590083,"type":"sell","buyer":"maakue","seller":"bitcoinflood","symbol":"SPT","quantity":"124.579312","price":"0.00241834","timestamp":1654176702,"volume":"0.30127513","buyTxId":"38578f12e7eb88fbf7e3c3735f915c58e6b66b21","sellTxId":"45f5d3ca49db696a7929dbc8e6c45e22d2631c7c"}
{"index": {"_index":"spt","_id":"3590692"}}
	{"id":3590692,"type":"sell","buyer":"maakue","seller":"worldfinances","symbol":"SPT","quantity":"54.398790","price":"0.00241834","timestamp":1654183038,"volume":"0.13155477","buyTxId":"38578f12e7eb88fbf7e3c3735f915c58e6b66b21","sellTxId":"379e399c449b9bf6c9454f2f9ea28e0ecfc39376"}
{"index": {"_index":"spt","_id":"3590716"}}
	{"id":3590716,"type":"sell","buyer":"maakue","seller":"mathfb","symbol":"SPT","quantity":"188.576123","price":"0.00241834","timestamp":1654183260,"volume":"0.45604118","buyTxId":"38578f12e7eb88fbf7e3c3735f915c58e6b66b21","sellTxId":"f3855c30636ec8eeb34ece4fb4bf7387faa85d3b"}
{"index": {"_index":"spt","_id":"3590717"}}
	{"id":3590717,"type":"sell","buyer":"thewycher","seller":"mathfb","symbol":"SPT","quantity":"164.155832","price":"0.00241833","timestamp":1654183260,"volume":"0.39698297","buyTxId":"6fa3f7acdae8f5e621e3ca08dc6d55945b7448be","sellTxId":"f3855c30636ec8eeb34ece4fb4bf7387faa85d3b"}
{"index": {"_index":"spt","_id":"3590718"}}
	{"id":3590718,"type":"sell","buyer":"thewycher","seller":"mathfb","symbol":"SPT","quantity":"499.999999","price":"0.00241833","timestamp":1654183260,"volume":"1.20916500","buyTxId":"60185b8b07036fb55d36d39e08628187f37b24d8","sellTxId":"f3855c30636ec8eeb34ece4fb4bf7387faa85d3b"}
{"index": {"_index":"spt","_id":"3590719"}}
	{"id":3590719,"type":"sell","buyer":"thewycher","seller":"mathfb","symbol":"SPT","quantity":"499.999999","price":"0.00241833","timestamp":1654183260,"volume":"1.20916500","buyTxId":"a7ea1eca7b0c3b0a02812907880e4887294db49b","sellTxId":"f3855c30636ec8eeb34ece4fb4bf7387faa85d3b"}
{"index": {"_index":"spt","_id":"3590720"}}
	{"id":3590720,"type":"sell","buyer":"thewycher","seller":"mathfb","symbol":"SPT","quantity":"499.999999","price":"0.00241833","timestamp":1654183260,"volume":"1.20916500","buyTxId":"195b87e0535cbffde41780efb1a74ae5d125e523","sellTxId":"f3855c30636ec8eeb34ece4fb4bf7387faa85d3b"}
{"index": {"_index":"spt","_id":"3590721"}}
	{"id":3590721,"type":"sell","buyer":"thewycher","seller":"mathfb","symbol":"SPT","quantity":"228.429443","price":"0.00241833","timestamp":1654183260,"volume":"0.55241777","buyTxId":"3f980e53991a472d424423063a85c3c03109e3ba","sellTxId":"f3855c30636ec8eeb34ece4fb4bf7387faa85d3b"}
{"index": {"_index":"spt","_id":"3590742"}}
	{"id":3590742,"type":"sell","buyer":"thewycher","seller":"bilpcoinbot","symbol":"SPT","quantity":"10.184180","price":"0.00241833","timestamp":1654183392,"volume":"0.02462871","buyTxId":"3f980e53991a472d424423063a85c3c03109e3ba","sellTxId":"36cd61f62f9ac5a13c62f6a4b4b9cd180039b573"}
{"index": {"_index":"spt","_id":"3590985"}}
	{"id":3590985,"type":"sell","buyer":"thewycher","seller":"mamun123456","symbol":"SPT","quantity":"261.386376","price":"0.00241833","timestamp":1654185048,"volume":"0.63211851","buyTxId":"3f980e53991a472d424423063a85c3c03109e3ba","sellTxId":"86df0fe117cf8ee678da6d259ce48c58d37df316"}
{"index": {"_index":"spt","_id":"3590986"}}
	{"id":3590986,"type":"sell","buyer":"thewycher","seller":"mamun123456","symbol":"SPT","quantity":"499.999999","price":"0.00241833","timestamp":1654185048,"volume":"1.20916500","buyTxId":"d5a9ca2759832179b49cc968c410f0ff7ceb4b77","sellTxId":"86df0fe117cf8ee678da6d259ce48c58d37df316"}
{"index": {"_index":"spt","_id":"3590987"}}
	{"id":3590987,"type":"sell","buyer":"thewycher","seller":"mamun123456","symbol":"SPT","quantity":"499.999999","price":"0.00241833","timestamp":1654185048,"volume":"1.20916500","buyTxId":"82226257097a6044b9117fb3fbfd4a4d87dea0ed","sellTxId":"86df0fe117cf8ee678da6d259ce48c58d37df316"}
{"index": {"_index":"spt","_id":"3590988"}}
	{"id":3590988,"type":"sell","buyer":"thewycher","seller":"mamun123456","symbol":"SPT","quantity":"499.999999","price":"0.00241833","timestamp":1654185048,"volume":"1.20916500","buyTxId":"ac9f86043da32b6717c50dd7163110ae02326601","sellTxId":"86df0fe117cf8ee678da6d259ce48c58d37df316"}
{"index": {"_index":"spt","_id":"3590989"}}
	{"id":3590989,"type":"sell","buyer":"thewycher","seller":"mamun123456","symbol":"SPT","quantity":"499.999999","price":"0.00241833","timestamp":1654185048,"volume":"1.20916500","buyTxId":"07e12d8d5fb0f4dc0d50106b9d881bb57413e76a","sellTxId":"86df0fe117cf8ee678da6d259ce48c58d37df316"}
{"index": {"_index":"spt","_id":"3590990"}}
	{"id":3590990,"type":"sell","buyer":"thewycher","seller":"mamun123456","symbol":"SPT","quantity":"38.906642","price":"0.00241833","timestamp":1654185048,"volume":"0.09408910","buyTxId":"91da8b4947876e5c68e5d6ba2e72f430db80ff56","sellTxId":"86df0fe117cf8ee678da6d259ce48c58d37df316"}
{"index": {"_index":"spt","_id":"3590991"}}
	{"id":3590991,"type":"sell","buyer":"multifurcate","seller":"mamun123456","symbol":"SPT","quantity":"320.339788","price":"0.00241625","timestamp":1654185048,"volume":"0.77402101","buyTxId":"5fce285344de79152cf4d8a309148cf4ee88736f","sellTxId":"86df0fe117cf8ee678da6d259ce48c58d37df316"}
{"index": {"_index":"spt","_id":"3591621"}}
	{"id":3591621,"type":"sell","buyer":"thewycher","seller":"darwinjj","symbol":"SPT","quantity":"499.999999","price":"0.00241626","timestamp":1654189017,"volume":"1.20813000","buyTxId":"0148196c22813343d53d087cff02f287668186d8","sellTxId":"ba2d42d5702df346a5a7680f5f1e081a64cf8744"}
{"index": {"_index":"spt","_id":"3591622"}}
	{"id":3591622,"type":"sell","buyer":"thewycher","seller":"darwinjj","symbol":"SPT","quantity":"499.999999","price":"0.00241626","timestamp":1654189017,"volume":"1.20813000","buyTxId":"c92a3312b8be1b0abc93b31baddd9f633bfa4b0e","sellTxId":"ba2d42d5702df346a5a7680f5f1e081a64cf8744"}
{"index": {"_index":"spt","_id":"3591623"}}
	{"id":3591623,"type":"sell","buyer":"thewycher","seller":"darwinjj","symbol":"SPT","quantity":"499.999999","price":"0.00241626","timestamp":1654189017,"volume":"1.20813000","buyTxId":"df8b71182ce6ace02b179c9020054d492b646d40","sellTxId":"ba2d42d5702df346a5a7680f5f1e081a64cf8744"}
{"index": {"_index":"spt","_id":"3591624"}}
	{"id":3591624,"type":"sell","buyer":"thewycher","seller":"darwinjj","symbol":"SPT","quantity":"499.999999","price":"0.00241626","timestamp":1654189017,"volume":"1.20813000","buyTxId":"036219e3745330262d62079325229dba01f4851f","sellTxId":"ba2d42d5702df346a5a7680f5f1e081a64cf8744"}
{"index": {"_index":"spt","_id":"3591625"}}
	{"id":3591625,"type":"sell","buyer":"thewycher","seller":"darwinjj","symbol":"SPT","quantity":"115.693221","price":"0.00241626","timestamp":1654189017,"volume":"0.27954490","buyTxId":"1338cba091856b39300e9eef796c3181a80eeac3","sellTxId":"ba2d42d5702df346a5a7680f5f1e081a64cf8744"}
{"index": {"_index":"spt","_id":"3592007"}}
	{"id":3592007,"type":"sell","buyer":"thewycher","seller":"myvest","symbol":"SPT","quantity":"8.255250","price":"0.00241626","timestamp":1654192782,"volume":"0.01994683","buyTxId":"1338cba091856b39300e9eef796c3181a80eeac3","sellTxId":"0e123754919b1d9e5d5d92e28e9f3d7de061fadc"}
{"index": {"_index":"spt","_id":"3592059"}}
	{"id":3592059,"type":"buy","buyer":"jongolson","seller":"agglutinogenic","symbol":"SPT","quantity":"1000.000000","price":"0.00256900","timestamp":1654193214,"volume":"2.56900000","buyTxId":"23e61df9d2a7f547fa246a9e4ef6a4d16e9f06a7","sellTxId":"13edbf9b8e7ede573e5a1e7130df0b39e839ef86"}
{"index": {"_index":"spt","_id":"3592310"}}
	{"id":3592310,"type":"buy","buyer":"he-index","seller":"underlock","symbol":"SPT","quantity":"6.228000","price":"0.00256882","timestamp":1654194621,"volume":"0.01599861","buyTxId":"143df46cc99397851af5ba3dcde65d869f370047","sellTxId":"fa25a51aad70057c86c97f02b981b3cf0fb37b60"}
{"index": {"_index":"spt","_id":"3592365"}}
	{"id":3592365,"type":"buy","buyer":"darmianto5","seller":"underlock","symbol":"SPT","quantity":"142.000000","price":"0.00256882","timestamp":1654194894,"volume":"0.36477244","buyTxId":"a6f4f59e5d73573d74733d02af1098b3d13af9fd","sellTxId":"fa25a51aad70057c86c97f02b981b3cf0fb37b60"}
{"index": {"_index":"spt","_id":"3592383"}}
	{"id":3592383,"type":"buy","buyer":"druidsblood","seller":"underlock","symbol":"SPT","quantity":"269.327369","price":"0.00256882","timestamp":1654195113,"volume":"0.69185353","buyTxId":"420813978ba813575a3d1045b9452433920acf71","sellTxId":"fa25a51aad70057c86c97f02b981b3cf0fb37b60"}
{"index": {"_index":"spt","_id":"3592403"}}
	{"id":3592403,"type":"buy","buyer":"druidsblood","seller":"underlock","symbol":"SPT","quantity":"998.000000","price":"0.00256889","timestamp":1654195347,"volume":"2.56375222","buyTxId":"3384e10a9490c39fcf92aacf7744a205aac5af91","sellTxId":"5ebacf58cb2f88bcab47656e3ce0621c02716626"}
{"index": {"_index":"spt","_id":"3592404"}}
	{"id":3592404,"type":"buy","buyer":"druidsblood","seller":"underlock","symbol":"SPT","quantity":"998.000000","price":"0.00256894","timestamp":1654195347,"volume":"2.56380212","buyTxId":"3384e10a9490c39fcf92aacf7744a205aac5af91","sellTxId":"9bb1882999141509324b1e9c7286d6145e9304ad"}
{"index": {"_index":"spt","_id":"3592405"}}
	{"id":3592405,"type":"buy","buyer":"druidsblood","seller":"agglutinogenic","symbol":"SPT","quantity":"5128.000000","price":"0.00256900","timestamp":1654195347,"volume":"13.17383200","buyTxId":"3384e10a9490c39fcf92aacf7744a205aac5af91","sellTxId":"13edbf9b8e7ede573e5a1e7130df0b39e839ef86"}
{"index": {"_index":"spt","_id":"3592527"}}
	{"id":3592527,"type":"buy","buyer":"he-index","seller":"agglutinogenic","symbol":"SPT","quantity":"14.792000","price":"0.00255900","timestamp":1654196421,"volume":"0.03785273","buyTxId":"3a234c611d163042a9a0220708ea32612a1d1bbd","sellTxId":"4a94cac6f3274f702ce89c9d059f672b9ca8849d"}
{"index": {"_index":"spt","_id":"3592548"}}
	{"id":3592548,"type":"sell","buyer":"thewycher","seller":"giacomone","symbol":"SPT","quantity":"0.514571","price":"0.00241626","timestamp":1654196655,"volume":"0.00124334","buyTxId":"1338cba091856b39300e9eef796c3181a80eeac3","sellTxId":"d8ba4ef1c3b653baf1075e5277c738ec72a1b69b"}
{"index": {"_index":"spt","_id":"3592584"}}
	{"id":3592584,"type":"sell","buyer":"thewycher","seller":"catomoon","symbol":"SPT","quantity":"1.022664","price":"0.00241626","timestamp":1654197045,"volume":"0.00247102","buyTxId":"1338cba091856b39300e9eef796c3181a80eeac3","sellTxId":"81fafd0aa8af807f7b573232e4d772bbb0e30560"}
{"index": {"_index":"spt","_id":"3592646"}}
	{"id":3592646,"type":"sell","buyer":"thewycher","seller":"liuke96player","symbol":"SPT","quantity":"168.166964","price":"0.00241626","timestamp":1654197609,"volume":"0.40633511","buyTxId":"1338cba091856b39300e9eef796c3181a80eeac3","sellTxId":"3c6a0dcb6c7640ad18e7e18efc3045b4f3ca98a3"}
{"index": {"_index":"spt","_id":"3592695"}}
	{"id":3592695,"type":"buy","buyer":"miketr","seller":"agglutinogenic","symbol":"SPT","quantity":"300.000000","price":"0.00255900","timestamp":1654198188,"volume":"0.76770000","buyTxId":"8a736c4cf4d0e059b90b63af9fbdc56dc88a4f9d","sellTxId":"4a94cac6f3274f702ce89c9d059f672b9ca8849d"}
{"index": {"_index":"spt","_id":"3592837"}}
	{"id":3592837,"type":"sell","buyer":"thewycher","seller":"dubble","symbol":"SPT","quantity":"26.579197","price":"0.00241626","timestamp":1654199934,"volume":"0.06422225","buyTxId":"1338cba091856b39300e9eef796c3181a80eeac3","sellTxId":"204e9407b2cb31c9e2f2c050b146686fc89a85d0"}
{"index": {"_index":"spt","_id":"3593026"}}
	{"id":3593026,"type":"sell","buyer":"thewycher","seller":"pjansen","symbol":"SPT","quantity":"179.768132","price":"0.00241626","timestamp":1654201317,"volume":"0.43436655","buyTxId":"1338cba091856b39300e9eef796c3181a80eeac3","sellTxId":"b43025a41059e3fd90724fdf48591e0135a47f34"}
{"index": {"_index":"spt","_id":"3593027"}}
	{"id":3593027,"type":"sell","buyer":"thewycher","seller":"pjansen","symbol":"SPT","quantity":"499.999999","price":"0.00241626","timestamp":1654201317,"volume":"1.20813000","buyTxId":"d88566e4a909d01493d129c76277ff18708e1d59","sellTxId":"b43025a41059e3fd90724fdf48591e0135a47f34"}
{"index": {"_index":"spt","_id":"3593028"}}
	{"id":3593028,"type":"sell","buyer":"thewycher","seller":"pjansen","symbol":"SPT","quantity":"499.999999","price":"0.00241626","timestamp":1654201317,"volume":"1.20813000","buyTxId":"325df93e4d53f727deea891f1fa4c74fd69689df","sellTxId":"b43025a41059e3fd90724fdf48591e0135a47f34"}
{"index": {"_index":"spt","_id":"3593029"}}
	{"id":3593029,"type":"sell","buyer":"thewycher","seller":"pjansen","symbol":"SPT","quantity":"499.999999","price":"0.00241626","timestamp":1654201317,"volume":"1.20813000","buyTxId":"86eae3b5386fb76ef286c66da3cb5e911f41eb37","sellTxId":"b43025a41059e3fd90724fdf48591e0135a47f34"}
{"index": {"_index":"spt","_id":"3593030"}}
	{"id":3593030,"type":"sell","buyer":"thewycher","seller":"pjansen","symbol":"SPT","quantity":"431.795899","price":"0.00241626","timestamp":1654201317,"volume":"1.04333116","buyTxId":"0b366d0607c51a231f391bded73ca16aa217a45d","sellTxId":"b43025a41059e3fd90724fdf48591e0135a47f34"}
{"index": {"_index":"spt","_id":"3593031"}}
	{"id":3593031,"type":"sell","buyer":"thewycher","seller":"pjansen","symbol":"SPT","quantity":"68.204100","price":"0.00241626","timestamp":1654201362,"volume":"0.16479884","buyTxId":"0b366d0607c51a231f391bded73ca16aa217a45d","sellTxId":"4eedd8248f5e0e5f62d1404b66d12b8563f4e47e"}
{"index": {"_index":"spt","_id":"3593032"}}
	{"id":3593032,"type":"sell","buyer":"thewycher","seller":"pjansen","symbol":"SPT","quantity":"291.440867","price":"0.00241626","timestamp":1654201362,"volume":"0.70419691","buyTxId":"8348bbf5e44e8d59af6be8a85442b5b983f3bfc3","sellTxId":"4eedd8248f5e0e5f62d1404b66d12b8563f4e47e"}
{"index": {"_index":"spt","_id":"3593033"}}
	{"id":3593033,"type":"sell","buyer":"multifurcate","seller":"pjansen","symbol":"SPT","quantity":"1718.188241","price":"0.00241625","timestamp":1654201362,"volume":"4.15157234","buyTxId":"5fce285344de79152cf4d8a309148cf4ee88736f","sellTxId":"4eedd8248f5e0e5f62d1404b66d12b8563f4e47e"}
{"index": {"_index":"spt","_id":"3593040"}}
	{"id":3593040,"type":"sell","buyer":"multifurcate","seller":"pjansen","symbol":"SPT","quantity":"2077.572233","price":"0.00241625","timestamp":1654201407,"volume":"5.01993391","buyTxId":"5fce285344de79152cf4d8a309148cf4ee88736f","sellTxId":"ca6ca3a010d16174aedd992f75d55f7873098913"}
{"index": {"_index":"spt","_id":"3593051"}}
	{"id":3593051,"type":"sell","buyer":"multifurcate","seller":"pjansen","symbol":"SPT","quantity":"2070.353307","price":"0.00241625","timestamp":1654201449,"volume":"5.00249118","buyTxId":"5fce285344de79152cf4d8a309148cf4ee88736f","sellTxId":"c2483966e61180d8d51edbdef2add196389a7c79"}
{"index": {"_index":"spt","_id":"3593651"}}
	{"id":3593651,"type":"sell","buyer":"kitsuki","seller":"mightyrocklee","symbol":"SPT","quantity":"940.000000","price":"0.00241320","timestamp":1654206579,"volume":"2.26840800","buyTxId":"7a346bbc0635a7787abeff0076b7ee520a355bbc","sellTxId":"f1df0dc87d9728d87330259a4b4d8127afe801e1"}
{"index": {"_index":"spt","_id":"3593714"}}
	{"id":3593714,"type":"buy","buyer":"pjansen","seller":"mightyrocklee","symbol":"SPT","quantity":"299.643626","price":"0.00241320","timestamp":1654207014,"volume":"0.7231","buyTxId":"10de4069f69ba22723e03c0893f16611144b719d","sellTxId":"f1df0dc87d9728d87330259a4b4d8127afe801e1"}
{"index": {"_index":"spt","_id":"3593723"}}
	{"id":3593723,"type":"sell","buyer":"kitsuki","seller":"dswap","symbol":"SPT","quantity":"400.000000","price":"0.00231549","timestamp":1654207140,"volume":"0.92619600","buyTxId":"34af26393333b43cdd5b96e1ffd55312949821a0","sellTxId":"2e605435e0bf635526b9cbbe130797868ff8fad9"}
{"index": {"_index":"spt","_id":"3593724"}}
	{"id":3593724,"type":"sell","buyer":"thewycher","seller":"dswap","symbol":"SPT","quantity":"499.999999","price":"0.00231313","timestamp":1654207140,"volume":"1.15656500","buyTxId":"270b0d8c6b2ff42457c1e66fa03a779b29706992","sellTxId":"2e605435e0bf635526b9cbbe130797868ff8fad9"}
{"index": {"_index":"spt","_id":"3593725"}}
	{"id":3593725,"type":"sell","buyer":"thewycher","seller":"dswap","symbol":"SPT","quantity":"499.999999","price":"0.00231313","timestamp":1654207140,"volume":"1.15656500","buyTxId":"9fa61790011c5277c0008c96e981d3d85d51b80d","sellTxId":"2e605435e0bf635526b9cbbe130797868ff8fad9"}
{"index": {"_index":"spt","_id":"3593726"}}
	{"id":3593726,"type":"sell","buyer":"thewycher","seller":"dswap","symbol":"SPT","quantity":"499.999999","price":"0.00231313","timestamp":1654207140,"volume":"1.15656500","buyTxId":"70990a26d4ad7943553a6c81f1e1cbc4835f97cd","sellTxId":"2e605435e0bf635526b9cbbe130797868ff8fad9"}
{"index": {"_index":"spt","_id":"3593727"}}
	{"id":3593727,"type":"sell","buyer":"thewycher","seller":"dswap","symbol":"SPT","quantity":"499.999999","price":"0.00231313","timestamp":1654207140,"volume":"1.15656500","buyTxId":"c087ed64666dadaf95e9416ccdeecd22a72bb6ac","sellTxId":"2e605435e0bf635526b9cbbe130797868ff8fad9"}
{"index": {"_index":"spt","_id":"3593728"}}
	{"id":3593728,"type":"sell","buyer":"thewycher","seller":"dswap","symbol":"SPT","quantity":"499.999999","price":"0.00231313","timestamp":1654207140,"volume":"1.15656500","buyTxId":"ff333b776cbdea4ca51b1592bc4aa21856b3287c","sellTxId":"2e605435e0bf635526b9cbbe130797868ff8fad9"}
{"index": {"_index":"spt","_id":"3593729"}}
	{"id":3593729,"type":"sell","buyer":"thewycher","seller":"dswap","symbol":"SPT","quantity":"499.999999","price":"0.00231313","timestamp":1654207140,"volume":"1.15656500","buyTxId":"21ed6ca2687e2e088156b96c480eaa64f2672b4f","sellTxId":"2e605435e0bf635526b9cbbe130797868ff8fad9"}
{"index": {"_index":"spt","_id":"3593730"}}
	{"id":3593730,"type":"sell","buyer":"thewycher","seller":"dswap","symbol":"SPT","quantity":"18.000006","price":"0.00231313","timestamp":1654207140,"volume":"0.04163635","buyTxId":"69d24d025b099bb88352e829f895f2627d1c913c","sellTxId":"2e605435e0bf635526b9cbbe130797868ff8fad9"}
{"index": {"_index":"spt","_id":"3593746"}}
	{"id":3593746,"type":"sell","buyer":"thewycher","seller":"he-index","symbol":"SPT","quantity":"0.039000","price":"0.00231313","timestamp":1654207386,"volume":"0.00009021","buyTxId":"69d24d025b099bb88352e829f895f2627d1c913c","sellTxId":"8f62b75484563ddfc117b329b1de717889f13f97"}
{"index": {"_index":"spt","_id":"3593975"}}
	{"id":3593975,"type":"sell","buyer":"thewycher","seller":"felipejoys","symbol":"SPT","quantity":"481.960993","price":"0.00231313","timestamp":1654209615,"volume":"1.11483843","buyTxId":"69d24d025b099bb88352e829f895f2627d1c913c","sellTxId":"fd77de1f1d581fb072eaaf92a12368573688969c"}
{"index": {"_index":"spt","_id":"3593976"}}
	{"id":3593976,"type":"sell","buyer":"thewycher","seller":"felipejoys","symbol":"SPT","quantity":"499.999999","price":"0.00231313","timestamp":1654209615,"volume":"1.15656500","buyTxId":"d1810c574e3c5a786c0a2a05264a837ff6391c03","sellTxId":"fd77de1f1d581fb072eaaf92a12368573688969c"}
{"index": {"_index":"spt","_id":"3593977"}}
	{"id":3593977,"type":"sell","buyer":"thewycher","seller":"felipejoys","symbol":"SPT","quantity":"499.999999","price":"0.00231313","timestamp":1654209615,"volume":"1.15656500","buyTxId":"2c39080e33468a99943a10f54896d9f34914e968","sellTxId":"fd77de1f1d581fb072eaaf92a12368573688969c"}
{"index": {"_index":"spt","_id":"3593978"}}
	{"id":3593978,"type":"sell","buyer":"thewycher","seller":"felipejoys","symbol":"SPT","quantity":"499.999999","price":"0.00231313","timestamp":1654209615,"volume":"1.15656500","buyTxId":"c76778410f9286b91030d6cf30854c4d93b05580","sellTxId":"fd77de1f1d581fb072eaaf92a12368573688969c"}
{"index": {"_index":"spt","_id":"3593979"}}
	{"id":3593979,"type":"sell","buyer":"thewycher","seller":"felipejoys","symbol":"SPT","quantity":"69.400906","price":"0.00231313","timestamp":1654209615,"volume":"0.16053332","buyTxId":"5f0fe16f0b1d3dbffca016a4e7ab739c63296905","sellTxId":"fd77de1f1d581fb072eaaf92a12368573688969c"}
{"index": {"_index":"spt","_id":"3593980"}}
	{"id":3593980,"type":"sell","buyer":"thewycher","seller":"felipejoys","symbol":"SPT","quantity":"499.999999","price":"0.00231313","timestamp":1654209615,"volume":"1.15656500","buyTxId":"9ec9a6630071c615987c0da7e9dc1f0f230ca1b8","sellTxId":"fd77de1f1d581fb072eaaf92a12368573688969c"}
{"index": {"_index":"spt","_id":"3593981"}}
	{"id":3593981,"type":"sell","buyer":"thewycher","seller":"felipejoys","symbol":"SPT","quantity":"499.999999","price":"0.00231313","timestamp":1654209615,"volume":"1.15656500","buyTxId":"84d567602e8c67cbfdf885d954139b4e1c1428d5","sellTxId":"fd77de1f1d581fb072eaaf92a12368573688969c"}
{"index": {"_index":"spt","_id":"3593982"}}
	{"id":3593982,"type":"sell","buyer":"thewycher","seller":"felipejoys","symbol":"SPT","quantity":"376.578018","price":"0.00231313","timestamp":1654209615,"volume":"0.87107391","buyTxId":"e4391332e21a69783a9a0643ebf8530d83c79772","sellTxId":"fd77de1f1d581fb072eaaf92a12368573688969c"}
{"index": {"_index":"spt","_id":"3594238"}}
	{"id":3594238,"type":"sell","buyer":"kitsuki","seller":"alexandrzombi","symbol":"SPT","quantity":"0.360343","price":"0.00231212","timestamp":1654211826,"volume":"0.00083316","buyTxId":"3ee69bc60cd3ec2d111b3af5dcabab7fe00d985d","sellTxId":"17d2adaa73c0ad8d185bc015c6d1ee377b324bc5"}
{"index": {"_index":"spt","_id":"3594404"}}
	{"id":3594404,"type":"buy","buyer":"pjansen","seller":"mightyrocklee","symbol":"SPT","quantity":"0.001839","price":"0.00241320","timestamp":1654213689,"volume":"0.00000444","buyTxId":"741884d4bc239f134cbf8529633fef41a1b7b057","sellTxId":"f1df0dc87d9728d87330259a4b4d8127afe801e1"}
{"index": {"_index":"spt","_id":"3594405"}}
	{"id":3594405,"type":"buy","buyer":"pjansen","seller":"abcor","symbol":"SPT","quantity":"440.823620","price":"0.00241320","timestamp":1654213689,"volume":"1.06379556","buyTxId":"741884d4bc239f134cbf8529633fef41a1b7b057","sellTxId":"313de1f564edf9dfcba5d688c4f9f5ae15b058af"}
{"index": {"_index":"spt","_id":"3594602"}}
	{"id":3594602,"type":"sell","buyer":"thewycher","seller":"renovatio","symbol":"SPT","quantity":"77.423482","price":"0.00231313","timestamp":1654216113,"volume":"0.17909058","buyTxId":"0ab27b5353e8b9b92d1fb37d03c29a12f98739a6","sellTxId":"04b2097437a78e2c75bdd190b9e20ceb4363a392"}
{"index": {"_index":"spt","_id":"3594715"}}
	{"id":3594715,"type":"sell","buyer":"thewycher","seller":"dhedge-drips","symbol":"SPT","quantity":"0.015500","price":"0.00231313","timestamp":1654217172,"volume":"0.00003585","buyTxId":"0ab27b5353e8b9b92d1fb37d03c29a12f98739a6","sellTxId":"813c5fe22a5cdee8b226e39340c558df5e849926"}
{"index": {"_index":"spt","_id":"3594826"}}
	{"id":3594826,"type":"buy","buyer":"pjansen","seller":"onlydoge","symbol":"SPT","quantity":"2083.333333","price":"0.00240000","timestamp":1654218561,"volume":"5.0000","buyTxId":"72be546ef61a1e00974a305bc104f827b4ff5379","sellTxId":"3d061390d55147233530a6d8ee3cfdf5d69b6548"}
{"index": {"_index":"spt","_id":"3594830"}}
	{"id":3594830,"type":"buy","buyer":"pjansen","seller":"onlydoge","symbol":"SPT","quantity":"923.737789","price":"0.00240000","timestamp":1654218606,"volume":"2.21697069","buyTxId":"617731e61d4cfc2ff2383b2ebc4a63dfa72c0265","sellTxId":"3d061390d55147233530a6d8ee3cfdf5d69b6548"}
{"index": {"_index":"spt","_id":"3594831"}}
	{"id":3594831,"type":"buy","buyer":"pjansen","seller":"kyo-gaming","symbol":"SPT","quantity":"1154.783946","price":"0.00241000","timestamp":1654218606,"volume":"2.78302931","buyTxId":"617731e61d4cfc2ff2383b2ebc4a63dfa72c0265","sellTxId":"027b0e323daca4b454e95181de9fc05b107b4420"}
{"index": {"_index":"spt","_id":"3594839"}}
	{"id":3594839,"type":"buy","buyer":"pjansen","seller":"kyo-gaming","symbol":"SPT","quantity":"762.053266","price":"0.00241000","timestamp":1654218651,"volume":"1.83654837","buyTxId":"a95a588985ea9cc524f9937cf075bad380eb16ee","sellTxId":"027b0e323daca4b454e95181de9fc05b107b4420"}
{"index": {"_index":"spt","_id":"3594840"}}
	{"id":3594840,"type":"buy","buyer":"pjansen","seller":"abcor","symbol":"SPT","quantity":"0.002908","price":"0.00241320","timestamp":1654218651,"volume":"0.00000702","buyTxId":"a95a588985ea9cc524f9937cf075bad380eb16ee","sellTxId":"313de1f564edf9dfcba5d688c4f9f5ae15b058af"}
{"index": {"_index":"spt","_id":"3594841"}}
	{"id":3594841,"type":"buy","buyer":"pjansen","seller":"dhedge-drips","symbol":"SPT","quantity":"0.015500","price":"0.00241320","timestamp":1654218651,"volume":"0.00003740","buyTxId":"a95a588985ea9cc524f9937cf075bad380eb16ee","sellTxId":"f158d09ed23cfb2e4ccf617252fecffe9f846b08"}
{"index": {"_index":"spt","_id":"3594842"}}
	{"id":3594842,"type":"buy","buyer":"pjansen","seller":"kitsuki","symbol":"SPT","quantity":"0.042543","price":"0.00252000","timestamp":1654218651,"volume":"0.00010721","buyTxId":"a95a588985ea9cc524f9937cf075bad380eb16ee","sellTxId":"e558f1efbcaaad62d437e8a8fd3b86d7c9e64e2e"}
{"index": {"_index":"spt","_id":"3595009"}}
	{"id":3595009,"type":"sell","buyer":"thewycher","seller":"operahoser","symbol":"SPT","quantity":"0.046000","price":"0.00232101","timestamp":1654221999,"volume":"0.00010677","buyTxId":"14defd983c12eb31d17aa4883e65d98a92c33c38","sellTxId":"495ea2c647557b2bc65da8cc059711c300906e09"}
{"index": {"_index":"spt","_id":"3595070"}}
	{"id":3595070,"type":"sell","buyer":"thewycher","seller":"valor2s","symbol":"SPT","quantity":"3.165488","price":"0.00232101","timestamp":1654222866,"volume":"0.00734713","buyTxId":"14defd983c12eb31d17aa4883e65d98a92c33c38","sellTxId":"d9dcb4a59fa082b92bd5562097b34e1c0026fb51"}
{"index": {"_index":"spt","_id":"3595089"}}
	{"id":3595089,"type":"sell","buyer":"thewycher","seller":"bitcoinflood","symbol":"SPT","quantity":"68.524045","price":"0.00232101","timestamp":1654223244,"volume":"0.15904499","buyTxId":"14defd983c12eb31d17aa4883e65d98a92c33c38","sellTxId":"0afa7a63a72b68aae36d2982f8ad432dcb873085"}
{"index": {"_index":"spt","_id":"3595118"}}
	{"id":3595118,"type":"sell","buyer":"thewycher","seller":"chireerocks","symbol":"SPT","quantity":"164.222781","price":"0.00233101","timestamp":1654223778,"volume":"0.38280494","buyTxId":"883fe6e6c5fa1a7a16789d6000fbed0b6de052c9","sellTxId":"ab86a95fd469b9330763135069971645bf2e22e8"}
