{"index": {"_index":"spt","_id":"2554331"}}
	{"id":2554331,"type":"buy","buyer":"middle-earthling","seller":"laundrywoman","symbol":"SPT","quantity":"725.000000","price":"0.00234499","timestamp":1642306071,"volume":"1.70011775","buyTxId":"ea10e6deed610154de60c18437412cbdd1066c29","sellTxId":"2beabb6e8d1f347d79d12794a31d206dca81abc4"}
{"index": {"_index":"spt","_id":"2554340"}}
	{"id":2554340,"type":"sell","buyer":"vintherinvest","seller":"brofi-market","symbol":"SPT","quantity":"0.264998","price":"0.00211000","timestamp":1642306170,"volume":"0.00055915","buyTxId":"8a2176c18b29315b446dc0c6d42b0b78f20e9df6","sellTxId":"76cf18cd9a52a17c0f41d3ace5e2bb26464665e5"}
{"index": {"_index":"spt","_id":"2554632"}}
	{"id":2554632,"type":"sell","buyer":"vintherinvest","seller":"spinvest","symbol":"SPT","quantity":"2394.699775","price":"0.00211000","timestamp":1642310541,"volume":"5.05281652","buyTxId":"8a2176c18b29315b446dc0c6d42b0b78f20e9df6","sellTxId":"641d0f04cb7550ba986a1b0caeb69ec25240c7d2"}
{"index": {"_index":"spt","_id":"2554633"}}
	{"id":2554633,"type":"sell","buyer":"quan-t","seller":"spinvest","symbol":"SPT","quantity":"1066.300225","price":"0.00210000","timestamp":1642310541,"volume":"2.23923047","buyTxId":"86d7847732424b094ee5a1be8e47d5e7835f68b7","sellTxId":"641d0f04cb7550ba986a1b0caeb69ec25240c7d2"}
{"index": {"_index":"spt","_id":"2554636"}}
	{"id":2554636,"type":"sell","buyer":"quan-t","seller":"lordtimoty","symbol":"SPT","quantity":"114","price":"0.00210000","timestamp":1642310655,"volume":"0.23940000","buyTxId":"86d7847732424b094ee5a1be8e47d5e7835f68b7","sellTxId":"dce0369d33ef5e8ada9c9d990dcace7984675bb5"}
{"index": {"_index":"spt","_id":"2554663"}}
	{"id":2554663,"type":"buy","buyer":"chireerocks","seller":"laundrywoman","symbol":"SPT","quantity":"13021.669538","price":"0.00234499","timestamp":1642310886,"volume":"30.53568485","buyTxId":"947b9e08fb6621f165747c5943f88c43ade0c684","sellTxId":"2beabb6e8d1f347d79d12794a31d206dca81abc4"}
{"index": {"_index":"spt","_id":"2554908"}}
	{"id":2554908,"type":"sell","buyer":"krakonos","seller":"fullcoverbetting","symbol":"SPT","quantity":"23.582337","price":"0.00211000","timestamp":1642314246,"volume":"0.04975873","buyTxId":"415a2f45f136f604669327617716c75a41f22b9d","sellTxId":"511e5b732c373ef0176ac59e18b478933e3414e1"}
{"index": {"_index":"spt","_id":"2554911"}}
	{"id":2554911,"type":"sell","buyer":"krakonos","seller":"walkingkeys","symbol":"SPT","quantity":"76.417663","price":"0.00211000","timestamp":1642314270,"volume":"0.16124127","buyTxId":"415a2f45f136f604669327617716c75a41f22b9d","sellTxId":"c620e667b3cba357714c62645d7e06238e79dc1e"}
{"index": {"_index":"spt","_id":"2554912"}}
	{"id":2554912,"type":"sell","buyer":"quan-t","seller":"walkingkeys","symbol":"SPT","quantity":"319.699775","price":"0.00210000","timestamp":1642314270,"volume":"0.67136953","buyTxId":"86d7847732424b094ee5a1be8e47d5e7835f68b7","sellTxId":"c620e667b3cba357714c62645d7e06238e79dc1e"}
{"index": {"_index":"spt","_id":"2554913"}}
	{"id":2554913,"type":"sell","buyer":"granddaddies","seller":"walkingkeys","symbol":"SPT","quantity":"946.190761","price":"0.00205001","timestamp":1642314270,"volume":"1.93970052","buyTxId":"7633aff5688ff823ed5535cb31540e3e3962b4f9","sellTxId":"c620e667b3cba357714c62645d7e06238e79dc1e"}
{"index": {"_index":"spt","_id":"2555010"}}
	{"id":2555010,"type":"sell","buyer":"granddaddies","seller":"dhedge-drips","symbol":"SPT","quantity":"0.026379","price":"0.00205001","timestamp":1642315551,"volume":"0.00005408","buyTxId":"7633aff5688ff823ed5535cb31540e3e3962b4f9","sellTxId":"ae71667dfab7e25167fd6cdfcdb4336faaefcfdc"}
{"index": {"_index":"spt","_id":"2555023"}}
	{"id":2555023,"type":"sell","buyer":"granddaddies","seller":"sl-guides","symbol":"SPT","quantity":"2186.101233","price":"0.00205001","timestamp":1642315671,"volume":"4.48152939","buyTxId":"7633aff5688ff823ed5535cb31540e3e3962b4f9","sellTxId":"8d927564b3c763cff3b30d81db6f5da63e07378d"}
{"index": {"_index":"spt","_id":"2555026"}}
	{"id":2555026,"type":"sell","buyer":"granddaddies","seller":"mercurial9","symbol":"SPT","quantity":"302.454019","price":"0.00205001","timestamp":1642315857,"volume":"0.62003376","buyTxId":"7633aff5688ff823ed5535cb31540e3e3962b4f9","sellTxId":"e48df650639723e5e8742a547606b470981603e4"}
{"index": {"_index":"spt","_id":"2555250"}}
	{"id":2555250,"type":"buy","buyer":"captainquack22","seller":"laundrywoman","symbol":"SPT","quantity":"493.564564","price":"0.00232999","timestamp":1642318140,"volume":"1.1500005","buyTxId":"809b6ca2c5d2a68684d5ea898f35053d76b1af44","sellTxId":"6a52d6605c716f6adc570ddcbe2030108fb93f06"}
{"index": {"_index":"spt","_id":"2555266"}}
	{"id":2555266,"type":"buy","buyer":"zolajade","seller":"laundrywoman","symbol":"SPT","quantity":"80.000000","price":"0.00232999","timestamp":1642318452,"volume":"0.18639920","buyTxId":"a249653a2a857d8d601fedfb4a03275d6e0e0606","sellTxId":"6a52d6605c716f6adc570ddcbe2030108fb93f06"}
{"index": {"_index":"spt","_id":"2555504"}}
	{"id":2555504,"type":"sell","buyer":"granddaddies","seller":"dswap","symbol":"SPT","quantity":"321","price":"0.00209001","timestamp":1642321620,"volume":"0.67089321","buyTxId":"b4f51f2a85cdb3d7a4996b241e3b1645ace19124","sellTxId":"b587da77319a36c2f85b564fd0c192389f6f3ef9"}
{"index": {"_index":"spt","_id":"2555589"}}
	{"id":2555589,"type":"sell","buyer":"granddaddies","seller":"laritheghost","symbol":"SPT","quantity":"187.471199","price":"0.00209001","timestamp":1642322913,"volume":"0.39181668","buyTxId":"b4f51f2a85cdb3d7a4996b241e3b1645ace19124","sellTxId":"96116b136a8ae3fc6b199c839d541aa90a488c94"}
{"index": {"_index":"spt","_id":"2555803"}}
	{"id":2555803,"type":"buy","buyer":"chireerocks","seller":"laundrywoman","symbol":"SPT","quantity":"990.000000","price":"0.00217999","timestamp":1642325667,"volume":"2.15819010","buyTxId":"3ed2491a019dfb2f28db8ebf43fdcaef7f6c91df","sellTxId":"7118af18d67a62251acd2e75f2e60c3e07aac519"}
{"index": {"_index":"spt","_id":"2555952"}}
	{"id":2555952,"type":"sell","buyer":"vintherinvest","seller":"lordtimoty","symbol":"SPT","quantity":"1334","price":"0.00210000","timestamp":1642327053,"volume":"2.80140000","buyTxId":"4978938348a54b665b546d338870ff39a320af63","sellTxId":"973869609c3a098894d8ea02c2c9ae941cdea9e2"}
{"index": {"_index":"spt","_id":"2556724"}}
	{"id":2556724,"type":"buy","buyer":"dswap","seller":"laundrywoman","symbol":"SPT","quantity":"134.328212","price":"0.00231999","timestamp":1642333020,"volume":"0.31164011","buyTxId":"75f17b1f9fdfd4f18c46f71a82d917e560dc86aa","sellTxId":"9dcbfedad3fc298bbda151742fb9b1c1d25c25b9"}
{"index": {"_index":"spt","_id":"2556862"}}
	{"id":2556862,"type":"sell","buyer":"granddaddies","seller":"carlosro","symbol":"SPT","quantity":"2398.903850","price":"0.00210001","timestamp":1642334685,"volume":"5.03772207","buyTxId":"4443e5a3313af0b70b6735d9a4294eaf8621434d","sellTxId":"a509390830cb4cde8354151755fc3788cc35ffb1"}
{"index": {"_index":"spt","_id":"2556947"}}
	{"id":2556947,"type":"sell","buyer":"granddaddies","seller":"brofi-market","symbol":"SPT","quantity":"0.007039","price":"0.00210001","timestamp":1642335435,"volume":"0.00001478","buyTxId":"4443e5a3313af0b70b6735d9a4294eaf8621434d","sellTxId":"a362d5dede48be2c1280d52b376973ce85a9a9f1"}
{"index": {"_index":"spt","_id":"2557218"}}
	{"id":2557218,"type":"sell","buyer":"vintherinvest","seller":"elricmoonslayer","symbol":"SPT","quantity":"25.391076","price":"0.00210000","timestamp":1642338516,"volume":"0.05332126","buyTxId":"4978938348a54b665b546d338870ff39a320af63","sellTxId":"7def8eb35d50c76e7a046afc179a954b227bbca0"}
{"index": {"_index":"spt","_id":"2557736"}}
	{"id":2557736,"type":"sell","buyer":"vintherinvest","seller":"aljif7","symbol":"SPT","quantity":"2140.608924","price":"0.00210000","timestamp":1642344885,"volume":"4.49527874","buyTxId":"4978938348a54b665b546d338870ff39a320af63","sellTxId":"d29ff4a172bc82b3a3462411e0cf6ed506061776"}
{"index": {"_index":"spt","_id":"2557749"}}
	{"id":2557749,"type":"buy","buyer":"vintherinvest","seller":"aljif7","symbol":"SPT","quantity":"155.000000","price":"0.00210000","timestamp":1642345092,"volume":"0.32550000","buyTxId":"b3bd9f4f470be01fbaab0b1d0424a1498fd62887","sellTxId":"d29ff4a172bc82b3a3462411e0cf6ed506061776"}
{"index": {"_index":"spt","_id":"2557836"}}
	{"id":2557836,"type":"sell","buyer":"granddaddies","seller":"dhedge-drips","symbol":"SPT","quantity":"0.019706","price":"0.00205001","timestamp":1642346244,"volume":"0.00004040","buyTxId":"645931b61e2e71750b04c854c523879c1f834fb5","sellTxId":"b8e91cda98001a36a2afd1379c3b897d73c393a6"}
{"index": {"_index":"spt","_id":"2557871"}}
	{"id":2557871,"type":"sell","buyer":"granddaddies","seller":"khazrakh","symbol":"SPT","quantity":"2085.732062","price":"0.00205001","timestamp":1642346463,"volume":"4.27577158","buyTxId":"645931b61e2e71750b04c854c523879c1f834fb5","sellTxId":"145f04e2c36e7aea5547e9de3e8da2f1b6ccd0fa"}
{"index": {"_index":"spt","_id":"2558106"}}
	{"id":2558106,"type":"sell","buyer":"granddaddies","seller":"fullcoverbetting","symbol":"SPT","quantity":"40.754886","price":"0.00205001","timestamp":1642348812,"volume":"0.08354792","buyTxId":"a4e236ed78cc4cb7b76c9cb22aa62de646b8f081","sellTxId":"2cbf4e79610304e59c65f328edffb369070866b0"}
{"index": {"_index":"spt","_id":"2558165"}}
	{"id":2558165,"type":"sell","buyer":"granddaddies","seller":"brofi-market","symbol":"SPT","quantity":"0.317087","price":"0.00205001","timestamp":1642349544,"volume":"0.00065003","buyTxId":"a4e236ed78cc4cb7b76c9cb22aa62de646b8f081","sellTxId":"5c3ae4dafbce6fb032126e2b9c28188e8dc09536"}
{"index": {"_index":"spt","_id":"2558186"}}
	{"id":2558186,"type":"buy","buyer":"captainquack22","seller":"aljif7","symbol":"SPT","quantity":"271.250441","price":"0.00210000","timestamp":1642349727,"volume":"0.56962593","buyTxId":"1d6980867cf705941a0a422ab51f2242689863d7","sellTxId":"d29ff4a172bc82b3a3462411e0cf6ed506061776"}
{"index": {"_index":"spt","_id":"2558187"}}
	{"id":2558187,"type":"buy","buyer":"captainquack22","seller":"dhedge-drips","symbol":"SPT","quantity":"0.019706","price":"0.00210000","timestamp":1642349727,"volume":"0.00004138","buyTxId":"1d6980867cf705941a0a422ab51f2242689863d7","sellTxId":"389efad5cbdb04b448fa63f9c7b0a2bdb294976c"}
{"index": {"_index":"spt","_id":"2558188"}}
	{"id":2558188,"type":"buy","buyer":"captainquack22","seller":"brofi-market","symbol":"SPT","quantity":"0.317087","price":"0.00210000","timestamp":1642349727,"volume":"0.00066588","buyTxId":"1d6980867cf705941a0a422ab51f2242689863d7","sellTxId":"cb6736827325fcc232e95f61817091867b6b6301"}
{"index": {"_index":"spt","_id":"2558189"}}
	{"id":2558189,"type":"buy","buyer":"captainquack22","seller":"laundrywoman","symbol":"SPT","quantity":"391.199446","price":"0.00230999","timestamp":1642349727,"volume":"0.90366681","buyTxId":"1d6980867cf705941a0a422ab51f2242689863d7","sellTxId":"3228fb95ab2cf0bd49f2ddb61149687f86e917bf"}
{"index": {"_index":"spt","_id":"2558266"}}
	{"id":2558266,"type":"sell","buyer":"granddaddies","seller":"eghnim","symbol":"SPT","quantity":"64.692825","price":"0.00205001","timestamp":1642350846,"volume":"0.13262094","buyTxId":"a4e236ed78cc4cb7b76c9cb22aa62de646b8f081","sellTxId":"a191490560436864e0de6c841ce5be6c7ca9ed95"}
{"index": {"_index":"spt","_id":"2558375"}}
	{"id":2558375,"type":"sell","buyer":"granddaddies","seller":"zeruxanime","symbol":"SPT","quantity":"437.000000","price":"0.00205001","timestamp":1642351422,"volume":"0.89585437","buyTxId":"a4e236ed78cc4cb7b76c9cb22aa62de646b8f081","sellTxId":"2ff7f49ea691afd5a45e392634eef66465be8ba7"}
{"index": {"_index":"spt","_id":"2558494"}}
	{"id":2558494,"type":"buy","buyer":"dswap","seller":"laundrywoman","symbol":"SPT","quantity":"1.580197","price":"0.00230999","timestamp":1642351962,"volume":"0.00365024","buyTxId":"f078753926980d519d58e61a0f5c005935d6d650","sellTxId":"3228fb95ab2cf0bd49f2ddb61149687f86e917bf"}
{"index": {"_index":"spt","_id":"2558506"}}
	{"id":2558506,"type":"buy","buyer":"balbaabart","seller":"laundrywoman","symbol":"SPT","quantity":"188.000000","price":"0.00230999","timestamp":1642352007,"volume":"0.43427812","buyTxId":"cddcd2d26edcc01d8ca7c9ce159c5e86c7c7e328","sellTxId":"3228fb95ab2cf0bd49f2ddb61149687f86e917bf"}
{"index": {"_index":"spt","_id":"2558523"}}
	{"id":2558523,"type":"sell","buyer":"granddaddies","seller":"dswap","symbol":"SPT","quantity":"1.58019","price":"0.00205001","timestamp":1642352082,"volume":"0.00323941","buyTxId":"a4e236ed78cc4cb7b76c9cb22aa62de646b8f081","sellTxId":"483dd077298d3224c927500ac019c73713641398"}
{"index": {"_index":"spt","_id":"2558726"}}
	{"id":2558726,"type":"buy","buyer":"olezoom","seller":"laundrywoman","symbol":"SPT","quantity":"376.625007","price":"0.00230999","timestamp":1642353450,"volume":"0.87","buyTxId":"c75e7db0e8923db9cbffbb08b8c4a57080e36a61","sellTxId":"3228fb95ab2cf0bd49f2ddb61149687f86e917bf"}
{"index": {"_index":"spt","_id":"2558781"}}
	{"id":2558781,"type":"sell","buyer":"granddaddies","seller":"catomoon","symbol":"SPT","quantity":"1.744848","price":"0.00205001","timestamp":1642353810,"volume":"0.00357696","buyTxId":"a4e236ed78cc4cb7b76c9cb22aa62de646b8f081","sellTxId":"5b56f9565d47bc60c563062e0fa5ceb50790b0cf"}
{"index": {"_index":"spt","_id":"2558814"}}
	{"id":2558814,"type":"sell","buyer":"granddaddies","seller":"stewie.wieno","symbol":"SPT","quantity":"31.64396","price":"0.00205001","timestamp":1642354188,"volume":"0.06487043","buyTxId":"a4e236ed78cc4cb7b76c9cb22aa62de646b8f081","sellTxId":"c449cac73b39e63da61c1200ca8938aea68cd965"}
{"index": {"_index":"spt","_id":"2558874"}}
	{"id":2558874,"type":"buy","buyer":"samarek69","seller":"laundrywoman","symbol":"SPT","quantity":"48.930000","price":"0.00230999","timestamp":1642354659,"volume":"0.11302781","buyTxId":"572aae1d6ad5b6e6831a0aa3f8d304f031de9900","sellTxId":"3228fb95ab2cf0bd49f2ddb61149687f86e917bf"}
{"index": {"_index":"spt","_id":"2559155"}}
	{"id":2559155,"type":"sell","buyer":"granddaddies","seller":"rocknrolldm","symbol":"SPT","quantity":"72.068996","price":"0.00205001","timestamp":1642357074,"volume":"0.14774216","buyTxId":"a4e236ed78cc4cb7b76c9cb22aa62de646b8f081","sellTxId":"35efcf520ff70c1ecc3ebd8acdb5f2e0838029a6"}
{"index": {"_index":"spt","_id":"2559175"}}
	{"id":2559175,"type":"sell","buyer":"granddaddies","seller":"silenthill268","symbol":"SPT","quantity":"2000.000000","price":"0.00205001","timestamp":1642357251,"volume":"4.10002000","buyTxId":"a4e236ed78cc4cb7b76c9cb22aa62de646b8f081","sellTxId":"c31483af249e5a4b77a4120787cde80942ec6fe8"}
{"index": {"_index":"spt","_id":"2559453"}}
	{"id":2559453,"type":"sell","buyer":"granddaddies","seller":"dhedge-drips","symbol":"SPT","quantity":"0.029727","price":"0.00205001","timestamp":1642358766,"volume":"0.00006094","buyTxId":"a4e236ed78cc4cb7b76c9cb22aa62de646b8f081","sellTxId":"607695decd08887881c05ca5922c38f35494558d"}
{"index": {"_index":"spt","_id":"2559500"}}
	{"id":2559500,"type":"sell","buyer":"granddaddies","seller":"cryptojiang","symbol":"SPT","quantity":"50.000000","price":"0.00205001","timestamp":1642359309,"volume":"0.10250050","buyTxId":"a4e236ed78cc4cb7b76c9cb22aa62de646b8f081","sellTxId":"438ab82c919e877547b4374385a1013b971dc013"}
{"index": {"_index":"spt","_id":"2559816"}}
	{"id":2559816,"type":"buy","buyer":"jongolson","seller":"laundrywoman","symbol":"SPT","quantity":"1000.000000","price":"0.00230999","timestamp":1642362888,"volume":"2.30999000","buyTxId":"fe5eff102735a39805065a00ad3374dbc8a7da8f","sellTxId":"3228fb95ab2cf0bd49f2ddb61149687f86e917bf"}
{"index": {"_index":"spt","_id":"2559935"}}
	{"id":2559935,"type":"sell","buyer":"granddaddies","seller":"brofi-market","symbol":"SPT","quantity":"0.127610","price":"0.00205003","timestamp":1642363848,"volume":"0.00026160","buyTxId":"1c9a6aaf0a1034ac9df488f33f22f880fcb824d0","sellTxId":"eab08214a2222f89ea667e494eada461e401418c"}
{"index": {"_index":"spt","_id":"2559966"}}
	{"id":2559966,"type":"sell","buyer":"timehacker","seller":"itachi24","symbol":"SPT","quantity":"42.741308","price":"0.00206000","timestamp":1642364181,"volume":"0.08804709","buyTxId":"13ec25a50b3eee51bc8d3f27667635814a01bb61","sellTxId":"ac7cca9066ecbba5e53e4f1683380cc49d81ee8e"}
{"index": {"_index":"spt","_id":"2560419"}}
	{"id":2560419,"type":"sell","buyer":"granddaddies","seller":"hiveexplorers","symbol":"SPT","quantity":"16.013533","price":"0.00208001","timestamp":1642369149,"volume":"0.03330831","buyTxId":"287345d82282ce528b9bce2c7fdf3abe28ab8cf2","sellTxId":"cd9fa4cc75996a15a47cfd0c2f6d02c9e73151b5"}
{"index": {"_index":"spt","_id":"2560452"}}
	{"id":2560452,"type":"sell","buyer":"granddaddies","seller":"dbroze","symbol":"SPT","quantity":"1.251411","price":"0.00208001","timestamp":1642369425,"volume":"0.00260295","buyTxId":"287345d82282ce528b9bce2c7fdf3abe28ab8cf2","sellTxId":"945eabfb7a5301769a6e5f1ef1a989bada9fd0f6"}
{"index": {"_index":"spt","_id":"2560758"}}
	{"id":2560758,"type":"buy","buyer":"justclickindiva","seller":"laundrywoman","symbol":"SPT","quantity":"500.000000","price":"0.00230999","timestamp":1642372656,"volume":"1.15499500","buyTxId":"c93d47c158ef00e97d058090bcbc1e0da82438f5","sellTxId":"3228fb95ab2cf0bd49f2ddb61149687f86e917bf"}
{"index": {"_index":"spt","_id":"2560796"}}
	{"id":2560796,"type":"buy","buyer":"fatedslayerz","seller":"laundrywoman","symbol":"SPT","quantity":"190.000000","price":"0.00230999","timestamp":1642373325,"volume":"0.43889810","buyTxId":"9ad86ab0166761f5f630144030036c31bebf2e3c","sellTxId":"3228fb95ab2cf0bd49f2ddb61149687f86e917bf"}
{"index": {"_index":"spt","_id":"2560824"}}
	{"id":2560824,"type":"sell","buyer":"timehacker","seller":"tzoky","symbol":"SPT","quantity":"348.327711","price":"0.00220000","timestamp":1642373757,"volume":"0.76632096","buyTxId":"6a56c99ef5a923e4db93bf4908a122fc899de2ee","sellTxId":"d26039f1bc06542ebd9943d6e8033717ffdc97b9"}
{"index": {"_index":"spt","_id":"2560825"}}
	{"id":2560825,"type":"sell","buyer":"granddaddies","seller":"tzoky","symbol":"SPT","quantity":"651.672289","price":"0.00205003","timestamp":1642373757,"volume":"1.33594774","buyTxId":"f992b707bfa792df8df511c621fd8bf7cb4eab6e","sellTxId":"d26039f1bc06542ebd9943d6e8033717ffdc97b9"}
{"index": {"_index":"spt","_id":"2560862"}}
	{"id":2560862,"type":"sell","buyer":"granddaddies","seller":"he-index","symbol":"SPT","quantity":"0.032000","price":"0.00205003","timestamp":1642374126,"volume":"0.00006560","buyTxId":"f992b707bfa792df8df511c621fd8bf7cb4eab6e","sellTxId":"b3b80f97934c70380a76ddb139596ae73a7312fa"}
{"index": {"_index":"spt","_id":"2561063"}}
	{"id":2561063,"type":"sell","buyer":"granddaddies","seller":"orionspeakgaming","symbol":"SPT","quantity":"123.014164","price":"0.00205003","timestamp":1642376994,"volume":"0.25218273","buyTxId":"3b86b91008be0a319cb7d33a23be43327acfbd00","sellTxId":"cea0f3f9818a90fd9ecd75a1cd2dd9ec5a4666b1"}
{"index": {"_index":"spt","_id":"2561085"}}
	{"id":2561085,"type":"buy","buyer":"successforall","seller":"dhedge-drips","symbol":"SPT","quantity":"0.029727","price":"0.00230999","timestamp":1642377249,"volume":"0.00006867","buyTxId":"11f4a5e387a3580ba36707feae1f36ff2fe32869","sellTxId":"6ea8733371a55d078c5a907345f8ad0ac68381b9"}
{"index": {"_index":"spt","_id":"2561086"}}
	{"id":2561086,"type":"buy","buyer":"successforall","seller":"brofi-market","symbol":"SPT","quantity":"0.127610","price":"0.00230999","timestamp":1642377249,"volume":"0.00029478","buyTxId":"11f4a5e387a3580ba36707feae1f36ff2fe32869","sellTxId":"e09bfdb2deb71a1657c7cd37a03844cd50ce24e7"}
{"index": {"_index":"spt","_id":"2561087"}}
	{"id":2561087,"type":"buy","buyer":"successforall","seller":"laundrywoman","symbol":"SPT","quantity":"51.790938","price":"0.00230999","timestamp":1642377249,"volume":"0.11963655","buyTxId":"11f4a5e387a3580ba36707feae1f36ff2fe32869","sellTxId":"1d3b8ddcb90e73fcab4b1e9d8cd73b20c11050f4"}
{"index": {"_index":"spt","_id":"2561155"}}
	{"id":2561155,"type":"sell","buyer":"granddaddies","seller":"brofi-market","symbol":"SPT","quantity":"6.123052","price":"0.00205003","timestamp":1642378443,"volume":"0.01255244","buyTxId":"3b86b91008be0a319cb7d33a23be43327acfbd00","sellTxId":"846576a03ea4967ae0ec9bd0bec846957a6efc53"}
{"index": {"_index":"spt","_id":"2561165"}}
	{"id":2561165,"type":"buy","buyer":"worldfinances","seller":"laundrywoman","symbol":"SPT","quantity":"300.000000","price":"0.00230999","timestamp":1642378554,"volume":"0.69299700","buyTxId":"581b4d1377d0546d6c3af2e021ce9d605f4a243a","sellTxId":"1d3b8ddcb90e73fcab4b1e9d8cd73b20c11050f4"}
{"index": {"_index":"spt","_id":"2561187"}}
	{"id":2561187,"type":"buy","buyer":"thewycher","seller":"laundrywoman","symbol":"SPT","quantity":"14.285776","price":"0.00230999","timestamp":1642378878,"volume":"0.033","buyTxId":"8a56156dd1eb22a044d7c401fc891c1c4b2055f2","sellTxId":"1d3b8ddcb90e73fcab4b1e9d8cd73b20c11050f4"}
{"index": {"_index":"spt","_id":"2561268"}}
	{"id":2561268,"type":"sell","buyer":"granddaddies","seller":"chireerocks","symbol":"SPT","quantity":"41.377402","price":"0.00205003","timestamp":1642380390,"volume":"0.08482492","buyTxId":"3b86b91008be0a319cb7d33a23be43327acfbd00","sellTxId":"6cba1001d283c00bad93fd39c5267bea448aa55a"}
{"index": {"_index":"spt","_id":"2561270"}}
	{"id":2561270,"type":"sell","buyer":"granddaddies","seller":"dhedge-drips","symbol":"SPT","quantity":"0.036884","price":"0.00205003","timestamp":1642380405,"volume":"0.00007561","buyTxId":"3b86b91008be0a319cb7d33a23be43327acfbd00","sellTxId":"8e691edece10d3dde4be6837a0166a954f81a01b"}
{"index": {"_index":"spt","_id":"2561326"}}
	{"id":2561326,"type":"sell","buyer":"granddaddies","seller":"theclasser1","symbol":"SPT","quantity":"40816.723771","price":"0.00205003","timestamp":1642381203,"volume":"83.67550823","buyTxId":"3b86b91008be0a319cb7d33a23be43327acfbd00","sellTxId":"a2d8aeebda2447464479ef43d71e6bac03bca3e3"}
{"index": {"_index":"spt","_id":"2561801"}}
	{"id":2561801,"type":"sell","buyer":"granddaddies","seller":"manclar","symbol":"SPT","quantity":"728.790207","price":"0.00205003","timestamp":1642387518,"volume":"1.49404179","buyTxId":"3b86b91008be0a319cb7d33a23be43327acfbd00","sellTxId":"4ee57904bc01bee257f3f848aa068e88e139abab"}
{"index": {"_index":"spt","_id":"2561923"}}
	{"id":2561923,"type":"buy","buyer":"knowledge-seeker","seller":"laundrywoman","symbol":"SPT","quantity":"31.414361","price":"0.00230999","timestamp":1642389339,"volume":"0.07256686","buyTxId":"4b67eda6efcf11ed77733a434262783867b5ba17","sellTxId":"1d3b8ddcb90e73fcab4b1e9d8cd73b20c11050f4"}
{"index": {"_index":"spt","_id":"2562035"}}
	{"id":2562035,"type":"buy","buyer":"evernoticethat","seller":"laundrywoman","symbol":"SPT","quantity":"45.000000","price":"0.00230999","timestamp":1642390743,"volume":"0.10394955","buyTxId":"79af2f6a8eafc73113237f6dfc4359fca70b3ec0","sellTxId":"1d3b8ddcb90e73fcab4b1e9d8cd73b20c11050f4"}
