{"index": {"_index":"spt","_id":"2121566"}}
	{"id":2121566,"type":"sell","buyer":"granddaddies","seller":"rahmot","symbol":"SPT","quantity":"19.072520","price":"0.00340001","timestamp":1637985294,"volume":"0.06484676","buyTxId":"85d33e31b9bf70f3c42c65c624136a501634d5a3","sellTxId":"c6e56375acc5f00c5d77e9894cdaca0a7a2f3bf5"}
{"index": {"_index":"spt","_id":"2121624"}}
	{"id":2121624,"type":"sell","buyer":"granddaddies","seller":"brofi-market","symbol":"SPT","quantity":"0.058631","price":"0.00340001","timestamp":1637986350,"volume":"0.00019935","buyTxId":"85d33e31b9bf70f3c42c65c624136a501634d5a3","sellTxId":"5b50e0362c542a411ba1d9a1157e281d73e6b473"}
{"index": {"_index":"spt","_id":"2121686"}}
	{"id":2121686,"type":"buy","buyer":"emibemi","seller":"laundrywoman","symbol":"SPT","quantity":"20000.000000","price":"0.00379949","timestamp":1637987226,"volume":"75.98980000","buyTxId":"d58c8c9981900063a998e40bd65a2c40fe3c0c95","sellTxId":"789b234fdfab3e29a056dc566e8f1ddcbc7cac57"}
{"index": {"_index":"spt","_id":"2122055"}}
	{"id":2122055,"type":"sell","buyer":"granddaddies","seller":"frankcapital","symbol":"SPT","quantity":"250.074258","price":"0.00340001","timestamp":1637990331,"volume":"0.85025498","buyTxId":"85d33e31b9bf70f3c42c65c624136a501634d5a3","sellTxId":"7540c961490a3e6a2ae38b290ec4194b832872a6"}
{"index": {"_index":"spt","_id":"2122379"}}
	{"id":2122379,"type":"buy","buyer":"udontknowm3","seller":"laundrywoman","symbol":"SPT","quantity":"27.000000","price":"0.00374999","timestamp":1637994846,"volume":"0.10124973","buyTxId":"5c64aed737b3f3c17ad1975689f413ac1c5c2d67","sellTxId":"b29bba318b6771af3bbfacb01c1dab9427f3e5f3"}
{"index": {"_index":"spt","_id":"2122415"}}
	{"id":2122415,"type":"sell","buyer":"granddaddies","seller":"dhedge-drips","symbol":"SPT","quantity":"0.005496","price":"0.00340001","timestamp":1637995542,"volume":"0.00001869","buyTxId":"85d33e31b9bf70f3c42c65c624136a501634d5a3","sellTxId":"fed0f141a14501332e13fc758ef7ce53952f2553"}
{"index": {"_index":"spt","_id":"2122484"}}
	{"id":2122484,"type":"sell","buyer":"granddaddies","seller":"marvinix","symbol":"SPT","quantity":"2.161","price":"0.00340001","timestamp":1637995851,"volume":"0.00734742","buyTxId":"85d33e31b9bf70f3c42c65c624136a501634d5a3","sellTxId":"a4adc3c07cbbec5da18db900a18211b7039de660"}
{"index": {"_index":"spt","_id":"2122511"}}
	{"id":2122511,"type":"sell","buyer":"granddaddies","seller":"josediccus","symbol":"SPT","quantity":"45.468442","price":"0.00340001","timestamp":1637996187,"volume":"0.15459316","buyTxId":"85d33e31b9bf70f3c42c65c624136a501634d5a3","sellTxId":"b1e5bba8eea93166a30c3c569138b7e5da5a734e"}
{"index": {"_index":"spt","_id":"2122530"}}
	{"id":2122530,"type":"sell","buyer":"granddaddies","seller":"eforucom","symbol":"SPT","quantity":"3.894744","price":"0.00340001","timestamp":1637996637,"volume":"0.01324217","buyTxId":"85d33e31b9bf70f3c42c65c624136a501634d5a3","sellTxId":"165d776ddcf289fcc92cf769d8cc1698006b8578"}
{"index": {"_index":"spt","_id":"2122552"}}
	{"id":2122552,"type":"sell","buyer":"granddaddies","seller":"chekohler","symbol":"SPT","quantity":"0.953805","price":"0.00340001","timestamp":1637997069,"volume":"0.00324295","buyTxId":"85d33e31b9bf70f3c42c65c624136a501634d5a3","sellTxId":"7fdcba0ef816365f501a335d93fb14e6c0f23e6a"}
{"index": {"_index":"spt","_id":"2122751"}}
	{"id":2122751,"type":"sell","buyer":"granddaddies","seller":"aweee","symbol":"SPT","quantity":"3.576147","price":"0.00340001","timestamp":1637999604,"volume":"0.01215894","buyTxId":"85d33e31b9bf70f3c42c65c624136a501634d5a3","sellTxId":"f2825dc3e047370ec498965c1e8dc558c15d6a0d"}
{"index": {"_index":"spt","_id":"2122835"}}
	{"id":2122835,"type":"sell","buyer":"granddaddies","seller":"brofi-market","symbol":"SPT","quantity":"0.103341","price":"0.00340001","timestamp":1638000732,"volume":"0.00035136","buyTxId":"85d33e31b9bf70f3c42c65c624136a501634d5a3","sellTxId":"b4661e2a82ea05b16f522a3485b4d140901f37aa"}
{"index": {"_index":"spt","_id":"2122953"}}
	{"id":2122953,"type":"sell","buyer":"granddaddies","seller":"gomster","symbol":"SPT","quantity":"12048.150471","price":"0.00340001","timestamp":1638002136,"volume":"40.96383208","buyTxId":"85d33e31b9bf70f3c42c65c624136a501634d5a3","sellTxId":"ab373b20d3b885c2edd7828f13c3cc68989ecd5b"}
{"index": {"_index":"spt","_id":"2122986"}}
	{"id":2122986,"type":"sell","buyer":"granddaddies","seller":"steem82868","symbol":"SPT","quantity":"4.516357","price":"0.00340001","timestamp":1638002595,"volume":"0.01535566","buyTxId":"85d33e31b9bf70f3c42c65c624136a501634d5a3","sellTxId":"ff0640398d1b8196f3db7e1224f983292bac471f"}
{"index": {"_index":"spt","_id":"2123004"}}
	{"id":2123004,"type":"buy","buyer":"dswap","seller":"dhedge-drips","symbol":"SPT","quantity":"0.005496","price":"0.00374999","timestamp":1638002685,"volume":"0.00002061","buyTxId":"e7e5cd3cd31a50a3b58b611616dfdd45394ae091","sellTxId":"39f8b22dc8189e5855fab6444dfa51f729b93f6b"}
{"index": {"_index":"spt","_id":"2123005"}}
	{"id":2123005,"type":"buy","buyer":"dswap","seller":"brofi-market","symbol":"SPT","quantity":"0.103341","price":"0.00374999","timestamp":1638002685,"volume":"0.00038753","buyTxId":"e7e5cd3cd31a50a3b58b611616dfdd45394ae091","sellTxId":"14cc10f8f3bc89bf1352ddfafb81be9291734247"}
{"index": {"_index":"spt","_id":"2123006"}}
	{"id":2123006,"type":"buy","buyer":"dswap","seller":"brofi-market","symbol":"SPT","quantity":"0.058631","price":"0.00379949","timestamp":1638002685,"volume":"0.00022277","buyTxId":"e7e5cd3cd31a50a3b58b611616dfdd45394ae091","sellTxId":"41aadb7396c678c6995e72d0549153bda434d151"}
{"index": {"_index":"spt","_id":"2123007"}}
	{"id":2123007,"type":"buy","buyer":"dswap","seller":"laundrywoman","symbol":"SPT","quantity":"17.147488","price":"0.00379949","timestamp":1638002685,"volume":"0.06515171","buyTxId":"e7e5cd3cd31a50a3b58b611616dfdd45394ae091","sellTxId":"3ed50a8ed72ef9e88bab0da46d0f142d628cd9b4"}
{"index": {"_index":"spt","_id":"2123045"}}
	{"id":2123045,"type":"sell","buyer":"granddaddies","seller":"dalz","symbol":"SPT","quantity":"1000","price":"0.00340001","timestamp":1638003351,"volume":"3.40001000","buyTxId":"85d33e31b9bf70f3c42c65c624136a501634d5a3","sellTxId":"45d2272c7bd69231712e06f585046a2b4aeb89a7"}
{"index": {"_index":"spt","_id":"2123240"}}
	{"id":2123240,"type":"sell","buyer":"granddaddies","seller":"shaddrak","symbol":"SPT","quantity":"7300.000000","price":"0.00340001","timestamp":1638006414,"volume":"24.82007300","buyTxId":"85d33e31b9bf70f3c42c65c624136a501634d5a3","sellTxId":"0272b9166700ba38f3eb963e4dda83e7cd1a5ea0"}
{"index": {"_index":"spt","_id":"2123247"}}
	{"id":2123247,"type":"sell","buyer":"granddaddies","seller":"shaddrak","symbol":"SPT","quantity":"1712.281647","price":"0.00340001","timestamp":1638006507,"volume":"5.82177472","buyTxId":"85d33e31b9bf70f3c42c65c624136a501634d5a3","sellTxId":"32fa8f838e6fbf2ea14726868fbdb0b1affa98b2"}
{"index": {"_index":"spt","_id":"2123399"}}
	{"id":2123399,"type":"sell","buyer":"granddaddies","seller":"fedesox","symbol":"SPT","quantity":"523.297000","price":"0.00340001","timestamp":1638008499,"volume":"1.77921503","buyTxId":"85d33e31b9bf70f3c42c65c624136a501634d5a3","sellTxId":"7080a46a885eb4d42686bb3db2540de89b43ca84"}
{"index": {"_index":"spt","_id":"2123464"}}
	{"id":2123464,"type":"sell","buyer":"granddaddies","seller":"pogier","symbol":"SPT","quantity":"3793.6426","price":"0.00340001","timestamp":1638010116,"volume":"12.89842278","buyTxId":"85d33e31b9bf70f3c42c65c624136a501634d5a3","sellTxId":"5b45d4df54a4781f640719a889477f48ce9b4bf1"}
{"index": {"_index":"spt","_id":"2123529"}}
	{"id":2123529,"type":"sell","buyer":"granddaddies","seller":"dswap","symbol":"SPT","quantity":"329","price":"0.00340001","timestamp":1638011526,"volume":"1.11860329","buyTxId":"85d33e31b9bf70f3c42c65c624136a501634d5a3","sellTxId":"b6cfa4059238d1e1c5a979e214891a16c1f3c59a"}
{"index": {"_index":"spt","_id":"2123560"}}
	{"id":2123560,"type":"buy","buyer":"ninjacyber","seller":"laundrywoman","symbol":"SPT","quantity":"322.000000","price":"0.00379999","timestamp":1638012081,"volume":"1.22359678","buyTxId":"ca18401eba25036d9e18ef1737cab10820db92c9","sellTxId":"82ad05de1b0fb9c46a80a7c89e664342e33116aa"}
{"index": {"_index":"spt","_id":"2123590"}}
	{"id":2123590,"type":"buy","buyer":"dswap","seller":"laundrywoman","symbol":"SPT","quantity":"35.627696","price":"0.00379999","timestamp":1638012546,"volume":"0.13538489","buyTxId":"64df79e61b5eef2a4fd99aafe4140e18e2a60711","sellTxId":"82ad05de1b0fb9c46a80a7c89e664342e33116aa"}
{"index": {"_index":"spt","_id":"2123832"}}
	{"id":2123832,"type":"sell","buyer":"granddaddies","seller":"eforucom","symbol":"SPT","quantity":"64.253309","price":"0.00340001","timestamp":1638014781,"volume":"0.21846189","buyTxId":"85d33e31b9bf70f3c42c65c624136a501634d5a3","sellTxId":"ada8022887e9dda4e7b4366e29b8874413b9ac72"}
{"index": {"_index":"spt","_id":"2123888"}}
	{"id":2123888,"type":"sell","buyer":"granddaddies","seller":"brofi-market","symbol":"SPT","quantity":"0.096303","price":"0.00340001","timestamp":1638015078,"volume":"0.00032743","buyTxId":"85d33e31b9bf70f3c42c65c624136a501634d5a3","sellTxId":"551dd5313ba1947bb071d0016090390a365359da"}
{"index": {"_index":"spt","_id":"2124011"}}
	{"id":2124011,"type":"sell","buyer":"granddaddies","seller":"jademarlowe","symbol":"SPT","quantity":"1771.273536","price":"0.00340001","timestamp":1638016194,"volume":"6.02234774","buyTxId":"85d33e31b9bf70f3c42c65c624136a501634d5a3","sellTxId":"6473717be49308774452ae5226b5dd3f2ad81aac"}
{"index": {"_index":"spt","_id":"2124030"}}
	{"id":2124030,"type":"buy","buyer":"djharmless","seller":"laundrywoman","symbol":"SPT","quantity":"15.789515","price":"0.00379999","timestamp":1638016293,"volume":"0.06","buyTxId":"4f27ebdf90c2d2b75142cf1437b7e1365d38e3d7","sellTxId":"82ad05de1b0fb9c46a80a7c89e664342e33116aa"}
{"index": {"_index":"spt","_id":"2124044"}}
	{"id":2124044,"type":"sell","buyer":"granddaddies","seller":"khazrakh","symbol":"SPT","quantity":"695.712000","price":"0.00340001","timestamp":1638016386,"volume":"2.36542776","buyTxId":"85d33e31b9bf70f3c42c65c624136a501634d5a3","sellTxId":"b10fe8ef1d376b99c7d5f011315c767c5f8c1e72"}
{"index": {"_index":"spt","_id":"2124100"}}
	{"id":2124100,"type":"sell","buyer":"granddaddies","seller":"dhedge-drips","symbol":"SPT","quantity":"0.018716","price":"0.00340001","timestamp":1638017139,"volume":"0.00006363","buyTxId":"85d33e31b9bf70f3c42c65c624136a501634d5a3","sellTxId":"7d8382f2a91f6d02858a4804a3793b51e3acba01"}
{"index": {"_index":"spt","_id":"2124182"}}
	{"id":2124182,"type":"buy","buyer":"dswap","seller":"laundrywoman","symbol":"SPT","quantity":"661.762909","price":"0.00378489","timestamp":1638018000,"volume":"2.50469982","buyTxId":"7e9a40fa870a3b498e200434518b28969ceec517","sellTxId":"93b0c6d2621f8632b73607689d12dafde994c776"}
{"index": {"_index":"spt","_id":"2124569"}}
	{"id":2124569,"type":"sell","buyer":"granddaddies","seller":"dragouner","symbol":"SPT","quantity":"12.500000","price":"0.00340001","timestamp":1638024264,"volume":"0.04250013","buyTxId":"85d33e31b9bf70f3c42c65c624136a501634d5a3","sellTxId":"17eeae6b97e17e3d30a92d825084dbd36931a978"}
{"index": {"_index":"spt","_id":"2124711"}}
	{"id":2124711,"type":"sell","buyer":"samarek69","seller":"andy-plays","symbol":"SPT","quantity":"2.443775","price":"0.00378000","timestamp":1638025554,"volume":"0.00923747","buyTxId":"12c096f84bf1277589638e996d6c9037b8baae82","sellTxId":"8937d0112fe0fa788f499ad4f9301413986d82f2"}
{"index": {"_index":"spt","_id":"2124732"}}
	{"id":2124732,"type":"sell","buyer":"granddaddies","seller":"andy-plays","symbol":"SPT","quantity":"37.500000","price":"0.00340001","timestamp":1638025743,"volume":"0.12750038","buyTxId":"5a48d4b2db9db4f7b3eb8434e1670bb0b3e32499","sellTxId":"fbd816263d7df3deb65d517fb6c42764be1b0307"}
{"index": {"_index":"spt","_id":"2124771"}}
	{"id":2124771,"type":"sell","buyer":"granddaddies","seller":"torrecoin90","symbol":"SPT","quantity":"310.448614","price":"0.00340001","timestamp":1638026184,"volume":"1.05552839","buyTxId":"5a48d4b2db9db4f7b3eb8434e1670bb0b3e32499","sellTxId":"dd1fbd30f520dd42c31c3bc5322e1ef4502d61f1"}
{"index": {"_index":"spt","_id":"2124844"}}
	{"id":2124844,"type":"sell","buyer":"granddaddies","seller":"dswap","symbol":"SPT","quantity":"125","price":"0.00340001","timestamp":1638027564,"volume":"0.42500125","buyTxId":"5a48d4b2db9db4f7b3eb8434e1670bb0b3e32499","sellTxId":"b44a2b64f7824ee1b22b91010c5259610b069f5f"}
{"index": {"_index":"spt","_id":"2124917"}}
	{"id":2124917,"type":"buy","buyer":"heavyb","seller":"dhedge-drips","symbol":"SPT","quantity":"0.018716","price":"0.00378489","timestamp":1638028332,"volume":"0.00007084","buyTxId":"cef30014195ba5f99e8b0be81c291ce9f3dd0731","sellTxId":"fdf3c844d069caca3998e8e6c917e7dd75ec5573"}
{"index": {"_index":"spt","_id":"2124918"}}
	{"id":2124918,"type":"buy","buyer":"heavyb","seller":"mango-juice","symbol":"SPT","quantity":"562.981284","price":"0.00378490","timestamp":1638028332,"volume":"2.13082786","buyTxId":"cef30014195ba5f99e8b0be81c291ce9f3dd0731","sellTxId":"d97b3eb05d5084334f7f971531f9f9624b1c43ff"}
{"index": {"_index":"spt","_id":"2125039"}}
	{"id":2125039,"type":"sell","buyer":"granddaddies","seller":"brofi-market","symbol":"SPT","quantity":"0.179335","price":"0.00340001","timestamp":1638029640,"volume":"0.00060974","buyTxId":"5a48d4b2db9db4f7b3eb8434e1670bb0b3e32499","sellTxId":"d2806c0190aabe5cb41ccd53c5ed1fba309f1810"}
{"index": {"_index":"spt","_id":"2125053"}}
	{"id":2125053,"type":"sell","buyer":"granddaddies","seller":"andy-plays","symbol":"SPT","quantity":"0.205000","price":"0.00340001","timestamp":1638029757,"volume":"0.00069700","buyTxId":"5a48d4b2db9db4f7b3eb8434e1670bb0b3e32499","sellTxId":"c04611954dc467d6e087f19ecbea43309305702b"}
{"index": {"_index":"spt","_id":"2125388"}}
	{"id":2125388,"type":"sell","buyer":"samarek69","seller":"eforucom","symbol":"SPT","quantity":"0.787231","price":"0.00378000","timestamp":1638032820,"volume":"0.00297573","buyTxId":"619d3e7454facfebb9fcdb09e99574d4782c9271","sellTxId":"02590839fbe0ecdf68b1c5265597dc62d4badda2"}
{"index": {"_index":"spt","_id":"2125389"}}
	{"id":2125389,"type":"sell","buyer":"steliosfan","seller":"eforucom","symbol":"SPT","quantity":"9.077857","price":"0.00378000","timestamp":1638032820,"volume":"0.03431430","buyTxId":"601c42a7ed0372fa341d958c78e6da70f5a2eaa3","sellTxId":"02590839fbe0ecdf68b1c5265597dc62d4badda2"}
{"index": {"_index":"spt","_id":"2125562"}}
	{"id":2125562,"type":"sell","buyer":"steliosfan","seller":"dswap","symbol":"SPT","quantity":"1.743967","price":"0.00378000","timestamp":1638034302,"volume":"0.00659220","buyTxId":"601c42a7ed0372fa341d958c78e6da70f5a2eaa3","sellTxId":"8c7a6d9c496e56d652b7cf4a99baa5d67fe8d44a"}
{"index": {"_index":"spt","_id":"2125702"}}
	{"id":2125702,"type":"buy","buyer":"acont","seller":"mango-juice","symbol":"SPT","quantity":"100.000000","price":"0.00378490","timestamp":1638035763,"volume":"0.37849000","buyTxId":"6b414cb95d0765f1197dd5ab752f9accef1f3c87","sellTxId":"d97b3eb05d5084334f7f971531f9f9624b1c43ff"}
{"index": {"_index":"spt","_id":"2125904"}}
	{"id":2125904,"type":"buy","buyer":"catotenor","seller":"mango-juice","symbol":"SPT","quantity":"100.000000","price":"0.00378490","timestamp":1638037566,"volume":"0.37849000","buyTxId":"0bad44e1ce39adf87400dccea7607c698874accc","sellTxId":"d97b3eb05d5084334f7f971531f9f9624b1c43ff"}
{"index": {"_index":"spt","_id":"2125998"}}
	{"id":2125998,"type":"sell","buyer":"steliosfan","seller":"dhedge-drips","symbol":"SPT","quantity":"0.016812","price":"0.00378000","timestamp":1638038760,"volume":"0.00006355","buyTxId":"601c42a7ed0372fa341d958c78e6da70f5a2eaa3","sellTxId":"dfba5d8292bf393c49d5de6f9f62e63b5afc4726"}
{"index": {"_index":"spt","_id":"2126016"}}
	{"id":2126016,"type":"sell","buyer":"steliosfan","seller":"shaddrak","symbol":"SPT","quantity":"6.139251","price":"0.00378000","timestamp":1638038892,"volume":"0.02320637","buyTxId":"601c42a7ed0372fa341d958c78e6da70f5a2eaa3","sellTxId":"43ea2025f169d068e99d16c60c9bb1e7ab3e263d"}
{"index": {"_index":"spt","_id":"2126032"}}
	{"id":2126032,"type":"sell","buyer":"steliosfan","seller":"chireerocks","symbol":"SPT","quantity":"288.794636","price":"0.00378000","timestamp":1638039069,"volume":"1.09164372","buyTxId":"601c42a7ed0372fa341d958c78e6da70f5a2eaa3","sellTxId":"617b08ed0449a7bee24e8ae08be8aeb4bffef784"}
{"index": {"_index":"spt","_id":"2126116"}}
	{"id":2126116,"type":"sell","buyer":"steliosfan","seller":"kpreddy","symbol":"SPT","quantity":"12.967073","price":"0.00378000","timestamp":1638040176,"volume":"0.04901554","buyTxId":"601c42a7ed0372fa341d958c78e6da70f5a2eaa3","sellTxId":"e7386c4af8cfe3ccf9e069d001bcc9077d0c683f"}
{"index": {"_index":"spt","_id":"2126540"}}
	{"id":2126540,"type":"buy","buyer":"bananofarmer","seller":"laundrywoman","symbol":"SPT","quantity":"250.000000","price":"0.00378489","timestamp":1638044391,"volume":"0.94622250","buyTxId":"d7c1bdf7948396ed0a7b021da4853e05dae5a103","sellTxId":"c10fafe36facab45dab3a348a0542014c5a8336c"}
{"index": {"_index":"spt","_id":"2126621"}}
	{"id":2126621,"type":"sell","buyer":"steliosfan","seller":"hiveexplorers","symbol":"SPT","quantity":"66.562034","price":"0.00378000","timestamp":1638045534,"volume":"0.25160449","buyTxId":"601c42a7ed0372fa341d958c78e6da70f5a2eaa3","sellTxId":"66c02aa1195ce2413d8226088cbeaeda775a6f28"}
{"index": {"_index":"spt","_id":"2126846"}}
	{"id":2126846,"type":"sell","buyer":"steliosfan","seller":"walkingkeys","symbol":"SPT","quantity":"214.000000","price":"0.00378000","timestamp":1638048960,"volume":"0.80892000","buyTxId":"601c42a7ed0372fa341d958c78e6da70f5a2eaa3","sellTxId":"f14f711a89d4f43b07b97021e6a29aa6e8c08fa7"}
{"index": {"_index":"spt","_id":"2126882"}}
	{"id":2126882,"type":"sell","buyer":"steliosfan","seller":"shauner","symbol":"SPT","quantity":"0.698370","price":"0.00378000","timestamp":1638049329,"volume":"0.00263983","buyTxId":"601c42a7ed0372fa341d958c78e6da70f5a2eaa3","sellTxId":"bf986493eb25df2bb978f427aaf9669764f0e7fa"}
{"index": {"_index":"spt","_id":"2127008"}}
	{"id":2127008,"type":"sell","buyer":"granddaddies","seller":"dswap","symbol":"SPT","quantity":"661.762909","price":"0.00340001","timestamp":1638051393,"volume":"2.25000051","buyTxId":"5a48d4b2db9db4f7b3eb8434e1670bb0b3e32499","sellTxId":"d87fd39080d0eaefe42eb4390b46ca09ca23de55"}
{"index": {"_index":"spt","_id":"2127203"}}
	{"id":2127203,"type":"sell","buyer":"granddaddies","seller":"bragurr","symbol":"SPT","quantity":"1013.834830","price":"0.00340001","timestamp":1638053667,"volume":"3.44704856","buyTxId":"5a48d4b2db9db4f7b3eb8434e1670bb0b3e32499","sellTxId":"887c78b05ea1821f0e46b168b9e068048f50d6c9"}
{"index": {"_index":"spt","_id":"2127303"}}
	{"id":2127303,"type":"sell","buyer":"granddaddies","seller":"hiveexplorers","symbol":"SPT","quantity":"432.717077","price":"0.00340001","timestamp":1638054909,"volume":"1.47124239","buyTxId":"5a48d4b2db9db4f7b3eb8434e1670bb0b3e32499","sellTxId":"385811e4d8009edc3f1285487a44d5dcb7461b98"}
{"index": {"_index":"spt","_id":"2127403"}}
	{"id":2127403,"type":"sell","buyer":"granddaddies","seller":"dynamicrypto","symbol":"SPT","quantity":"15000.000000","price":"0.00340001","timestamp":1638056202,"volume":"51.00015000","buyTxId":"5a48d4b2db9db4f7b3eb8434e1670bb0b3e32499","sellTxId":"45b183ed6a185eb1e58b7adac74f80f0c2221790"}
{"index": {"_index":"spt","_id":"2127422"}}
	{"id":2127422,"type":"sell","buyer":"granddaddies","seller":"crossbro","symbol":"SPT","quantity":"2402.945723","price":"0.00340001","timestamp":1638056358,"volume":"8.17003949","buyTxId":"5a48d4b2db9db4f7b3eb8434e1670bb0b3e32499","sellTxId":"b3d58d492136ac01c71cbf7efd0e214396614830"}
{"index": {"_index":"spt","_id":"2127449"}}
	{"id":2127449,"type":"sell","buyer":"granddaddies","seller":"dynamicsteemians","symbol":"SPT","quantity":"111.037740","price":"0.00340001","timestamp":1638056817,"volume":"0.37752943","buyTxId":"5a48d4b2db9db4f7b3eb8434e1670bb0b3e32499","sellTxId":"81db33e84f662bfaed5dcb07a7b198b223bbbfc2"}
{"index": {"_index":"spt","_id":"2127542"}}
	{"id":2127542,"type":"sell","buyer":"granddaddies","seller":"kakakk","symbol":"SPT","quantity":"5053.876368","price":"0.00340001","timestamp":1638057708,"volume":"17.18323019","buyTxId":"5a48d4b2db9db4f7b3eb8434e1670bb0b3e32499","sellTxId":"34b0f56f182a4fb9c6623e189ba7ecb7a465e4bc"}
{"index": {"_index":"spt","_id":"2127666"}}
	{"id":2127666,"type":"sell","buyer":"granddaddies","seller":"brofi-market","symbol":"SPT","quantity":"2.251996","price":"0.00340001","timestamp":1638058482,"volume":"0.00765681","buyTxId":"5a48d4b2db9db4f7b3eb8434e1670bb0b3e32499","sellTxId":"8e62f551d95d81d3b9b2144770bd047c66147d7a"}
{"index": {"_index":"spt","_id":"2127716"}}
	{"id":2127716,"type":"sell","buyer":"granddaddies","seller":"walkingkeys","symbol":"SPT","quantity":"293.085250","price":"0.00340001","timestamp":1638059079,"volume":"0.99649278","buyTxId":"5a48d4b2db9db4f7b3eb8434e1670bb0b3e32499","sellTxId":"18ee7c2f11a272faffb307d2fcf8dcf5ebbe9a15"}
{"index": {"_index":"spt","_id":"2127821"}}
	{"id":2127821,"type":"sell","buyer":"granddaddies","seller":"dhedge-drips","symbol":"SPT","quantity":"3.904774","price":"0.00340001","timestamp":1638060429,"volume":"0.01327627","buyTxId":"5a48d4b2db9db4f7b3eb8434e1670bb0b3e32499","sellTxId":"e046743d7c109c39ba3cbd29181e0b5ab524c2fd"}
{"index": {"_index":"spt","_id":"2127871"}}
	{"id":2127871,"type":"buy","buyer":"jongolson","seller":"laundrywoman","symbol":"SPT","quantity":"1000.000000","price":"0.00377998","timestamp":1638061035,"volume":"3.77998000","buyTxId":"8902c8a13ecd3a2d418d91b1a0585b646396e6ad","sellTxId":"81e1966184ea2ce5c0a72d045025348faa63848f"}
{"index": {"_index":"spt","_id":"2128009"}}
	{"id":2128009,"type":"sell","buyer":"granddaddies","seller":"skylils","symbol":"SPT","quantity":"0.416000","price":"0.00340001","timestamp":1638062781,"volume":"0.00141440","buyTxId":"82ce161b7c120c3cb35b2e9b4cf27b7c8e6b3c75","sellTxId":"95303633334d7ea33e4e34b806bb5804b33a86c8"}
{"index": {"_index":"spt","_id":"2128082"}}
	{"id":2128082,"type":"buy","buyer":"dswap","seller":"laundrywoman","symbol":"SPT","quantity":"140.731837","price":"0.00377998","timestamp":1638063369,"volume":"0.53196353","buyTxId":"64b04eccbb0dd517f0f5116fafec30f6f7fc33c0","sellTxId":"81e1966184ea2ce5c0a72d045025348faa63848f"}
{"index": {"_index":"spt","_id":"2128123"}}
	{"id":2128123,"type":"sell","buyer":"granddaddies","seller":"eforucom","symbol":"SPT","quantity":"6.957018","price":"0.00340001","timestamp":1638063750,"volume":"0.02365393","buyTxId":"82ce161b7c120c3cb35b2e9b4cf27b7c8e6b3c75","sellTxId":"9e54dcbe0a51c3cb3840788d91c5eee59ede8a6f"}
{"index": {"_index":"spt","_id":"2128197"}}
	{"id":2128197,"type":"sell","buyer":"granddaddies","seller":"mantis-tobaggon","symbol":"SPT","quantity":"1009.000000","price":"0.00340001","timestamp":1638064485,"volume":"3.43061009","buyTxId":"82ce161b7c120c3cb35b2e9b4cf27b7c8e6b3c75","sellTxId":"6de02f63c7bccd1f81e9f0b1646b15267675d37a"}
{"index": {"_index":"spt","_id":"2128199"}}
	{"id":2128199,"type":"sell","buyer":"granddaddies","seller":"forexbrokr","symbol":"SPT","quantity":"3.786803","price":"0.00340001","timestamp":1638064521,"volume":"0.01287517","buyTxId":"82ce161b7c120c3cb35b2e9b4cf27b7c8e6b3c75","sellTxId":"c481342e73888d88340830333b73f2a2021584fd"}
{"index": {"_index":"spt","_id":"2128200"}}
	{"id":2128200,"type":"sell","buyer":"granddaddies","seller":"steem82868","symbol":"SPT","quantity":"4.089415","price":"0.00340001","timestamp":1638064554,"volume":"0.01390405","buyTxId":"82ce161b7c120c3cb35b2e9b4cf27b7c8e6b3c75","sellTxId":"f3e1e7bd9d25e75e58c7d211a952b879600d1963"}
{"index": {"_index":"spt","_id":"2128355"}}
	{"id":2128355,"type":"sell","buyer":"granddaddies","seller":"he-index","symbol":"SPT","quantity":"0.005000","price":"0.00340001","timestamp":1638066366,"volume":"0.00001700","buyTxId":"82ce161b7c120c3cb35b2e9b4cf27b7c8e6b3c75","sellTxId":"7c9d057831cd6386dad21747b21d3b177161b294"}
{"index": {"_index":"spt","_id":"2128482"}}
	{"id":2128482,"type":"buy","buyer":"captainquack22","seller":"laundrywoman","symbol":"SPT","quantity":"130.529791","price":"0.00377998","timestamp":1638068442,"volume":"0.4934","buyTxId":"85f944eecc7d37a3a91d8f5462b283d4bb80d556","sellTxId":"81e1966184ea2ce5c0a72d045025348faa63848f"}
{"index": {"_index":"spt","_id":"2128621"}}
	{"id":2128621,"type":"sell","buyer":"granddaddies","seller":"forexbrokr","symbol":"SPT","quantity":"3.692024","price":"0.00340001","timestamp":1638070812,"volume":"0.01255292","buyTxId":"82ce161b7c120c3cb35b2e9b4cf27b7c8e6b3c75","sellTxId":"8d3be9aa8c015e596faf875a2f9bc6dc4ba5630c"}
