{"index": {"_index":"spt","_id":"1598001"}}
	{"id":1598001,"type":"buy","buyer":"anadolu","seller":"nextus22","symbol":"SPT","quantity":"32509.468417","price":"0.01400000","timestamp":1632797304,"volume":"455.13255784","buyTxId":"e3987e539a99acf490e105cab7cb643cc3583971","sellTxId":"e59be151f1a453d553da83a4d75b2612a3008d6a"}
{"index": {"_index":"spt","_id":"1598005"}}
	{"id":1598005,"type":"sell","buyer":"pi-trader","seller":"spt-curate","symbol":"SPT","quantity":"284.028403","price":"0.01383164","timestamp":1632797343,"volume":"3.92857862","buyTxId":"301920dfdc423f201ee217cc44e72acee3006bd5-5","sellTxId":"7428467d9e568d60de3e059eea1dfe21fe311097"}
{"index": {"_index":"spt","_id":"1598197"}}
	{"id":1598197,"type":"sell","buyer":"pi-trader","seller":"themarkymark","symbol":"SPT","quantity":"43.660000","price":"0.01383164","timestamp":1632801000,"volume":"0.60388940","buyTxId":"e6760a90bdf8672b55159ce2e1110727f2f2df13-5","sellTxId":"bebe270b89460259f3b6c94419b9d5d52b069c81"}
{"index": {"_index":"spt","_id":"1598392"}}
	{"id":1598392,"type":"sell","buyer":"granddaddies","seller":"aweee","symbol":"SPT","quantity":"0.110072","price":"0.01383165","timestamp":1632803472,"volume":"0.00152248","buyTxId":"9cd40b972b8c9e397f738f2fb369866331de15ce","sellTxId":"054679b8c68de336402b6b1f48bf5c6fd5a4da17"}
{"index": {"_index":"spt","_id":"1598456"}}
	{"id":1598456,"type":"sell","buyer":"pi-trader","seller":"spt-curate","symbol":"SPT","quantity":"292.334297","price":"0.01383160","timestamp":1632804225,"volume":"4.04345106","buyTxId":"49eb0a521f87e932605420f52736b43ac3b9e2ec-5","sellTxId":"ff9db068f48a620fb9c06f17964670d306e30699"}
{"index": {"_index":"spt","_id":"1598472"}}
	{"id":1598472,"type":"sell","buyer":"granddaddies","seller":"spt-shturm","symbol":"SPT","quantity":"250.000000","price":"0.01383171","timestamp":1632804660,"volume":"3.45792750","buyTxId":"111f65ca7b228608946c69eee39a8ab003c4837c","sellTxId":"cef186d1b2e7d876c144e3a38737fd9e0f225670"}
{"index": {"_index":"spt","_id":"1598604"}}
	{"id":1598604,"type":"sell","buyer":"pi-trader","seller":"failingforward","symbol":"SPT","quantity":"4000.000000","price":"0.01383160","timestamp":1632806322,"volume":"55.32640000","buyTxId":"759a797b7c87dd4c80df53c6b603ed71f5eab90c-5","sellTxId":"53b9ce17d96650c8ea9ead7a105e5ef92c739948"}
{"index": {"_index":"spt","_id":"1598605"}}
	{"id":1598605,"type":"sell","buyer":"master-lamps","seller":"failingforward","symbol":"SPT","quantity":"31.934000","price":"0.01383159","timestamp":1632806322,"volume":"0.44169800","buyTxId":"7de50c813ce6eb848fe9d8dd9f3e78eb1c20a4a4","sellTxId":"53b9ce17d96650c8ea9ead7a105e5ef92c739948"}
{"index": {"_index":"spt","_id":"1598606"}}
	{"id":1598606,"type":"buy","buyer":"granddaddies","seller":"failingforward","symbol":"SPT","quantity":"1318.687915","price":"0.01380164","timestamp":1632806331,"volume":"18.20005588","buyTxId":"696443b374ea8bf138a3adf614a0bff62f69be0b","sellTxId":"53b9ce17d96650c8ea9ead7a105e5ef92c739948"}
{"index": {"_index":"spt","_id":"1598636"}}
	{"id":1598636,"type":"sell","buyer":"pi-trader","seller":"dkid14","symbol":"SPT","quantity":"799.965424","price":"0.01380154","timestamp":1632807054,"volume":"11.04075480","buyTxId":"bce72c1b8571d51120cee4b13883ff4abddb4302-4","sellTxId":"82f518f43249c8efac78212de9ed66a7b45a4c94"}
{"index": {"_index":"spt","_id":"1598655"}}
	{"id":1598655,"type":"sell","buyer":"pi-trader","seller":"hive.pizza","symbol":"SPT","quantity":"16.50379","price":"0.01380156","timestamp":1632807333,"volume":"0.22777805","buyTxId":"4c3616ebf7997d2c5f32fd3b198f6d077e28c4ad-5","sellTxId":"e239641597b54c65ebc6aed5fa2ca1921c0c7e3c"}
{"index": {"_index":"spt","_id":"1598860"}}
	{"id":1598860,"type":"sell","buyer":"pi-trader","seller":"mango-juice","symbol":"SPT","quantity":"585.414116","price":"0.01380166","timestamp":1632811041,"volume":"8.07968659","buyTxId":"0480bf55d5e14afd908f5b9f465cc5503946acca-7","sellTxId":"ee7a485fb5b3857eaf04ca977cf48fc6c76f111a"}
{"index": {"_index":"spt","_id":"1598897"}}
	{"id":1598897,"type":"sell","buyer":"pi-trader","seller":"dhedge-drips","symbol":"SPT","quantity":"0.030503","price":"0.01380156","timestamp":1632811587,"volume":"0.00042099","buyTxId":"8b02abda3baa99cadd8c19746b1792b0ff2f162a-5","sellTxId":"67e593f4fc6fcdb31162f05c5c69bdba814c0b2f"}
{"index": {"_index":"spt","_id":"1598921"}}
	{"id":1598921,"type":"sell","buyer":"pi-trader","seller":"najlive","symbol":"SPT","quantity":"0.124420","price":"0.01400001","timestamp":1632811899,"volume":"0.00174188","buyTxId":"8539d9d0537dd7e16410505c988f0dba472b78b2-5","sellTxId":"69e6db9be7456fb9fab8492e5b2d4eed37006a6d"}
{"index": {"_index":"spt","_id":"1598965"}}
	{"id":1598965,"type":"sell","buyer":"pi-trader","seller":"revisesociology","symbol":"SPT","quantity":"1400.000000","price":"0.01400012","timestamp":1632812307,"volume":"19.60016800","buyTxId":"961b6502bd4cb93bc8ea4a708bcdab1bf75fba67-3","sellTxId":"133a409bdd32f35484a458ef4623888dd9149282"}
{"index": {"_index":"spt","_id":"1598983"}}
	{"id":1598983,"type":"buy","buyer":"lxsxl","seller":"dhedge-drips","symbol":"SPT","quantity":"0.030503","price":"0.01474991","timestamp":1632812469,"volume":"0.00044992","buyTxId":"cad119807e52299dbcc59f55b125982185598717","sellTxId":"4f9e4166662e2d041be9f6669a300898af4090e9"}
{"index": {"_index":"spt","_id":"1599017"}}
	{"id":1599017,"type":"sell","buyer":"pi-trader","seller":"nrg","symbol":"SPT","quantity":"1981.644574","price":"0.01400011","timestamp":1632812835,"volume":"27.74324202","buyTxId":"5b2b69b6387bf3298757626b9fd5a17377270fc2-5","sellTxId":"077c9199c777c8b5864106cb2ac9d1bee1470fba"}
{"index": {"_index":"spt","_id":"1599031"}}
	{"id":1599031,"type":"buy","buyer":"lxsxl","seller":"pablodare","symbol":"SPT","quantity":"35.006484","price":"0.01475000","timestamp":1632812934,"volume":"0.51634564","buyTxId":"2807a50f9f0a71d092b730b6904578615ae7e3a0","sellTxId":"d56b1de14892cd507a8dc84b09703bd05e191c0f"}
{"index": {"_index":"spt","_id":"1599042"}}
	{"id":1599042,"type":"buy","buyer":"lxsxl","seller":"master-lamps","symbol":"SPT","quantity":"32.066002","price":"0.01479970","timestamp":1632813024,"volume":"0.47456721","buyTxId":"6d88e57ac1e7dbbf989eaba18ad94b802fc0a965","sellTxId":"604f5ef436112b58d9c62b2309cc5316e470ab0e"}
{"index": {"_index":"spt","_id":"1599065"}}
	{"id":1599065,"type":"buy","buyer":"lxsxl","seller":"mavrik","symbol":"SPT","quantity":"56.701000","price":"0.01479980","timestamp":1632813201,"volume":"0.83916346","buyTxId":"1c2733602b1afc203dae842874a3953882639e4a","sellTxId":"5bc6c605a1868769d469b8b5262fb267e6c90779"}
{"index": {"_index":"spt","_id":"1599146"}}
	{"id":1599146,"type":"buy","buyer":"lxsxl","seller":"rehan12","symbol":"SPT","quantity":"237.077572","price":"0.01480000","timestamp":1632813921,"volume":"3.50874807","buyTxId":"67fbb21d06f65d4e9a4f5e9fff789f4fdfff3b3a","sellTxId":"0832945d4912a158002cf56b3a52385347fc1a13"}
{"index": {"_index":"spt","_id":"1599273"}}
	{"id":1599273,"type":"sell","buyer":"pi-trader","seller":"geom","symbol":"SPT","quantity":"24.030702","price":"0.01380168","timestamp":1632816243,"volume":"0.33166406","buyTxId":"c70764e93ab722631d629fd41997ddbef460f6f4-3","sellTxId":"3200183ae3a0692fc566b5cd2896dd1b9a9f09bc"}
{"index": {"_index":"spt","_id":"1599318"}}
	{"id":1599318,"type":"sell","buyer":"pi-trader","seller":"arnob23","symbol":"SPT","quantity":"38.0973","price":"0.01380172","timestamp":1632816981,"volume":"0.52580827","buyTxId":"d46a1e3d4c8d152ffc654a452ddc6ef2ecb98bd9-3","sellTxId":"a84a1029839857456dea92f6132cae71616ec0a8"}
{"index": {"_index":"spt","_id":"1599355"}}
	{"id":1599355,"type":"buy","buyer":"samarek69","seller":"rehan12","symbol":"SPT","quantity":"0.722600","price":"0.01479990","timestamp":1632817440,"volume":"0.01069441","buyTxId":"a32890598dd0a26404d58d517db0d732424f5da1","sellTxId":"920cb0d36c7f1162eaadb5c791fcc4f3b3a3c217"}
{"index": {"_index":"spt","_id":"1599362"}}
	{"id":1599362,"type":"buy","buyer":"ahmetay","seller":"rehan12","symbol":"SPT","quantity":"2703.277400","price":"0.01479990","timestamp":1632817695,"volume":"40.00823519","buyTxId":"b59e4b8291dd1476de70e11df66b6ecff22dcb70","sellTxId":"920cb0d36c7f1162eaadb5c791fcc4f3b3a3c217"}
{"index": {"_index":"spt","_id":"1599365"}}
	{"id":1599365,"type":"sell","buyer":"pi-trader","seller":"juanmiguelsalas","symbol":"SPT","quantity":"4000.000000","price":"0.01380180","timestamp":1632817743,"volume":"55.20720000","buyTxId":"0c57b4c396245006ced5385dd8d4b6de8a56cb8b-5","sellTxId":"dee6eb74899b154bdc1fc5d9599bc56757af8c10"}
{"index": {"_index":"spt","_id":"1599372"}}
	{"id":1599372,"type":"sell","buyer":"granddaddies","seller":"zymark28","symbol":"SPT","quantity":"1300.000000","price":"0.01380171","timestamp":1632817890,"volume":"17.94222300","buyTxId":"2caab1cd2351bac4f9ca5fdf73e26ff5a12fc4d5","sellTxId":"6bd9e5d90c8256fa9055b6c3d08bd220a6379e1d"}
{"index": {"_index":"spt","_id":"1599423"}}
	{"id":1599423,"type":"sell","buyer":"pi-trader","seller":"manoldonchev","symbol":"SPT","quantity":"2302.710412","price":"0.01380172","timestamp":1632818778,"volume":"31.78136435","buyTxId":"6fdee59ba6230a5a4ecdf2b10daaaacb03ed0a2a-3","sellTxId":"cd162832d7b606f8e24893436ef0c962094c85c6"}
{"index": {"_index":"spt","_id":"1599515"}}
	{"id":1599515,"type":"sell","buyer":"pi-trader","seller":"damla","symbol":"SPT","quantity":"18.176000","price":"0.01380170","timestamp":1632820575,"volume":"0.25085970","buyTxId":"6477eddf18d5f1a1c191f1bde32358a38b16e159-3","sellTxId":"90bf5bd4825a1a2f15fabe3143dbe10433e73c89"}
{"index": {"_index":"spt","_id":"1599642"}}
	{"id":1599642,"type":"sell","buyer":"pi-trader","seller":"costanza","symbol":"SPT","quantity":"2078.516409","price":"0.01380178","timestamp":1632823506,"volume":"28.68722620","buyTxId":"a7a5ff6b91bbb7cb17740f3adbef9a847130c191-1","sellTxId":"de5ba94ee8b8754077922160ec66b812186b5ec7"}
{"index": {"_index":"spt","_id":"1599661"}}
	{"id":1599661,"type":"buy","buyer":"fedesox","seller":"kraki","symbol":"SPT","quantity":"0.612600","price":"0.01475000","timestamp":1632824073,"volume":"0.00903585","buyTxId":"bdca5192bd2784e6ce12d8c2f973d6d8cf72725c","sellTxId":"08cf1284c617e502c5e5bacc4da17eb5b03cb776"}
{"index": {"_index":"spt","_id":"1599662"}}
	{"id":1599662,"type":"buy","buyer":"fedesox","seller":"ultm8x","symbol":"SPT","quantity":"239.682767","price":"0.01480000","timestamp":1632824073,"volume":"3.54730495","buyTxId":"bdca5192bd2784e6ce12d8c2f973d6d8cf72725c","sellTxId":"a620900c83e5bffefacaada7a4a7c0d54ae6466e"}
{"index": {"_index":"spt","_id":"1599663"}}
	{"id":1599663,"type":"buy","buyer":"fedesox","seller":"solovey6o2","symbol":"SPT","quantity":"10529.704633","price":"0.01489999","timestamp":1632824073,"volume":"156.89249373","buyTxId":"bdca5192bd2784e6ce12d8c2f973d6d8cf72725c","sellTxId":"667ef2539128a9f3fb23a2203fa2b14e79548ad8"}
{"index": {"_index":"spt","_id":"1599684"}}
	{"id":1599684,"type":"sell","buyer":"pi-trader","seller":"cursephantom","symbol":"SPT","quantity":"7.718342","price":"0.01380176","timestamp":1632824340,"volume":"0.10652670","buyTxId":"a7fc56329133d3e5bb908f11b072b68ca4ca82b0-9","sellTxId":"ada2a8ac9e70a853bf63d26a10b0d2d53aa9c2c1"}
{"index": {"_index":"spt","_id":"1599711"}}
	{"id":1599711,"type":"buy","buyer":"catomoon","seller":"solovey6o2","symbol":"SPT","quantity":"17.094000","price":"0.01489999","timestamp":1632825249,"volume":"0.25470043","buyTxId":"05927ab2efb0afbddcc12d6ec64493aaf48765da","sellTxId":"667ef2539128a9f3fb23a2203fa2b14e79548ad8"}
{"index": {"_index":"spt","_id":"1599720"}}
	{"id":1599720,"type":"sell","buyer":"solovey6o2","seller":"notaboutme","symbol":"SPT","quantity":"243.000000","price":"0.01380199","timestamp":1632825294,"volume":"3.35388357","buyTxId":"7f560675bba9e00cf16d2bae24339a1eb5d0e959","sellTxId":"c4d662433f0c14296fac790ece58c31af7529e8b"}
{"index": {"_index":"spt","_id":"1599844"}}
	{"id":1599844,"type":"buy","buyer":"romeskie","seller":"solovey6o2","symbol":"SPT","quantity":"120.000000","price":"0.01489999","timestamp":1632827472,"volume":"1.78799880","buyTxId":"de61e5c68e20c16984f39d93b01ba73f1bdaa81a","sellTxId":"667ef2539128a9f3fb23a2203fa2b14e79548ad8"}
{"index": {"_index":"spt","_id":"1599860"}}
	{"id":1599860,"type":"buy","buyer":"koujie","seller":"solovey6o2","symbol":"SPT","quantity":"1863.000000","price":"0.01489999","timestamp":1632828015,"volume":"27.75868137","buyTxId":"d7873007f18bbfe1d14b0dcf75cb45ec6f2fc51a","sellTxId":"667ef2539128a9f3fb23a2203fa2b14e79548ad8"}
{"index": {"_index":"spt","_id":"1599960"}}
	{"id":1599960,"type":"buy","buyer":"uthantzin","seller":"solovey6o2","symbol":"SPT","quantity":"671.141390","price":"0.01489999","timestamp":1632829947,"volume":"10","buyTxId":"21d204689f282e42373d7dd7592007fb03a4df28","sellTxId":"667ef2539128a9f3fb23a2203fa2b14e79548ad8"}
{"index": {"_index":"spt","_id":"1600027"}}
	{"id":1600027,"type":"sell","buyer":"granddaddies","seller":"geom","symbol":"SPT","quantity":"0.622253","price":"0.01380197","timestamp":1632830955,"volume":"0.00858832","buyTxId":"2c27e0d479235dfe8a29934fcde94e61524fd8cf","sellTxId":"9d096af945523d4717e0e6e06523263286fedf7d"}
{"index": {"_index":"spt","_id":"1600048"}}
	{"id":1600048,"type":"sell","buyer":"pi-trader","seller":"brofi-market","symbol":"SPT","quantity":"14.054009","price":"0.01380170","timestamp":1632831045,"volume":"0.19396922","buyTxId":"77bf8e25214c1ccaaa451f8f83d431799ac2056a-2","sellTxId":"6e70ceca9523b6455ec472456ae305a0b8cc0f2e"}
{"index": {"_index":"spt","_id":"1600189"}}
	{"id":1600189,"type":"sell","buyer":"granddaddies","seller":"forexbrokr","symbol":"SPT","quantity":"0.372532","price":"0.01380171","timestamp":1632832047,"volume":"0.00514158","buyTxId":"404d6d7f3e5f5ab090bc4459c856411d5b043bd0","sellTxId":"a7eaa9af4e9d6198a21aab30c16a318b4625e604"}
{"index": {"_index":"spt","_id":"1600203"}}
	{"id":1600203,"type":"buy","buyer":"assasin","seller":"solovey6o2","symbol":"SPT","quantity":"93.000000","price":"0.01449999","timestamp":1632832272,"volume":"1.34849907","buyTxId":"cc2cf409e3a85a3b0a4733407e470e875564d288","sellTxId":"40719fd0600c4e255709431c99d9619dcd66ad2d"}
{"index": {"_index":"spt","_id":"1600208"}}
	{"id":1600208,"type":"buy","buyer":"ahmetay","seller":"solovey6o2","symbol":"SPT","quantity":"22292.347619","price":"0.01449999","timestamp":1632832320,"volume":"323.23881755","buyTxId":"bf4f10803a45bf8acb7cb60c303febe8c875aaf8","sellTxId":"40719fd0600c4e255709431c99d9619dcd66ad2d"}
{"index": {"_index":"spt","_id":"1600209"}}
	{"id":1600209,"type":"buy","buyer":"ahmetay","seller":"brofi-market","symbol":"SPT","quantity":"14.054009","price":"0.01449999","timestamp":1632832320,"volume":"0.20378299","buyTxId":"bf4f10803a45bf8acb7cb60c303febe8c875aaf8","sellTxId":"af3b3212ef5fe77e2cc4f0aebc3cda11aed843eb"}
{"index": {"_index":"spt","_id":"1600210"}}
	{"id":1600210,"type":"buy","buyer":"ahmetay","seller":"juanmiguelsalas","symbol":"SPT","quantity":"6001.360863","price":"0.01450000","timestamp":1632832320,"volume":"87.01973251","buyTxId":"bf4f10803a45bf8acb7cb60c303febe8c875aaf8","sellTxId":"f168a4c47e2d606cb15c820358a10802579d2c7b"}
{"index": {"_index":"spt","_id":"1600211"}}
	{"id":1600211,"type":"buy","buyer":"ahmetay","seller":"mastergerund","symbol":"SPT","quantity":"6009.239392","price":"0.01490000","timestamp":1632832320,"volume":"89.53766695","buyTxId":"bf4f10803a45bf8acb7cb60c303febe8c875aaf8","sellTxId":"bcf8a2a1e921ce62d81a159ab305485274869ccf"}
{"index": {"_index":"spt","_id":"1600218"}}
	{"id":1600218,"type":"buy","buyer":"ahmetay","seller":"mastergerund","symbol":"SPT","quantity":"20721.713044","price":"0.01490000","timestamp":1632832422,"volume":"308.75352436","buyTxId":"373fbf362cc12c3b53b0df8ab5237064fd9e8d7e","sellTxId":"bcf8a2a1e921ce62d81a159ab305485274869ccf"}
{"index": {"_index":"spt","_id":"1600291"}}
	{"id":1600291,"type":"sell","buyer":"granddaddies","seller":"eforucom","symbol":"SPT","quantity":"122.659765","price":"0.01380179","timestamp":1632833280,"volume":"1.69292432","buyTxId":"aa95d4f2306fb7571d06061ef7a2d67a98ac1348","sellTxId":"8594294e1dca86b0e22765ef7f7cd8907e95821f"}
{"index": {"_index":"spt","_id":"1600358"}}
	{"id":1600358,"type":"buy","buyer":"samarek69","seller":"dhedge-drips","symbol":"SPT","quantity":"0.044917","price":"0.01500000","timestamp":1632834129,"volume":"0.00067376","buyTxId":"c70bd2a19a674bdf442a3d72b049201c387a8599","sellTxId":"43656100df375c1a5950e8d711914861008f9bb8"}
{"index": {"_index":"spt","_id":"1600424"}}
	{"id":1600424,"type":"sell","buyer":"samarek69","seller":"chireerocks","symbol":"SPT","quantity":"12.955083","price":"0.01545000","timestamp":1632835383,"volume":"0.20015603","buyTxId":"c70bd2a19a674bdf442a3d72b049201c387a8599","sellTxId":"48a39ab7ffee1e4db2eddd3fc085b4d752206cc2"}
{"index": {"_index":"spt","_id":"1600430"}}
	{"id":1600430,"type":"sell","buyer":"pi-trader","seller":"justinparke","symbol":"SPT","quantity":"248.323014","price":"0.01380171","timestamp":1632835518,"volume":"3.42728223","buyTxId":"944ff65e9dd832cf7dd0a5a9f3acfbf6fc78c7a2-1","sellTxId":"809f4dc8848f3e6ee478191f6f7bf89be9759953"}
{"index": {"_index":"spt","_id":"1600466"}}
	{"id":1600466,"type":"sell","buyer":"pi-trader","seller":"chireerocks","symbol":"SPT","quantity":"155.086290","price":"0.01380170","timestamp":1632835980,"volume":"2.14045445","buyTxId":"3bad6ac009ae73f0977e08f4c07a7fbaf5e04e56-3","sellTxId":"aaa6b0a5cc84bfebd514961b252439f792997763"}
{"index": {"_index":"spt","_id":"1600536"}}
	{"id":1600536,"type":"buy","buyer":"ahmetay","seller":"dunnomanym","symbol":"SPT","quantity":"109.467456","price":"0.01380182","timestamp":1632836811,"volume":"1.51085012","buyTxId":"409388688ab40bb57d191404eae9f2cf2c4342da","sellTxId":"0a7f8c2cca4aaf36c3843df1683d1d5a8e8ecb4b"}
{"index": {"_index":"spt","_id":"1600563"}}
	{"id":1600563,"type":"sell","buyer":"pi-trader","seller":"geom","symbol":"SPT","quantity":"3.901264","price":"0.01380170","timestamp":1632837453,"volume":"0.05384408","buyTxId":"2cd4845aac58d34cfe7c2dabf34b648f32721cf1-5","sellTxId":"e00f75c5e903a01c62cf759c617549417880c4fa"}
{"index": {"_index":"spt","_id":"1600645"}}
	{"id":1600645,"type":"buy","buyer":"mad-runner","seller":"laundrywoman","symbol":"SPT","quantity":"165.000000","price":"0.01545399","timestamp":1632838776,"volume":"2.54990835","buyTxId":"8116e31b820bca4f63244dc01340d06ad96a04e8","sellTxId":"4b4e499300e23e4af3178c07969528b1747663ce"}
{"index": {"_index":"spt","_id":"1600691"}}
	{"id":1600691,"type":"sell","buyer":"pi-trader","seller":"geom","symbol":"SPT","quantity":"30.000000","price":"0.01380182","timestamp":1632839529,"volume":"0.41405460","buyTxId":"033a7a8d4845f39a3fadea4f24b44e034c104893-3","sellTxId":"a5ee2ff75463e1945eb27babbbb35d8e700fc5fe"}
{"index": {"_index":"spt","_id":"1600750"}}
	{"id":1600750,"type":"sell","buyer":"pi-trader","seller":"ecoinstats","symbol":"SPT","quantity":"64.788000","price":"0.01380174","timestamp":1632840459,"volume":"0.89418713","buyTxId":"4ae0eb65e3464fada6ab1afefdb23d5a75171f9f-1","sellTxId":"e58ac6da7a1b173d8a9a649538ac15f49f28b77a"}
{"index": {"_index":"spt","_id":"1600772"}}
	{"id":1600772,"type":"sell","buyer":"granddaddies","seller":"burningelk","symbol":"SPT","quantity":"45.705000","price":"0.01380173","timestamp":1632840981,"volume":"0.63080807","buyTxId":"31e4c86bbb5cf2bffed26fc42fdcfe392480b551","sellTxId":"12097dfcb36875b56b80c1990ddf19278dfb93cd"}
{"index": {"_index":"spt","_id":"1600806"}}
	{"id":1600806,"type":"sell","buyer":"pi-trader","seller":"sp3ktraline","symbol":"SPT","quantity":"244.861230","price":"0.01380170","timestamp":1632841350,"volume":"3.37950124","buyTxId":"9e943e4bacb53e14a20c5cc11208e4c18e7147fb-1","sellTxId":"20213984a2b217fa2fc37bbf5db2d268537545a5"}
{"index": {"_index":"spt","_id":"1600981"}}
	{"id":1600981,"type":"buy","buyer":"captainquack22","seller":"laundrywoman","symbol":"SPT","quantity":"61.416842","price":"0.01545399","timestamp":1632843723,"volume":"0.94913527","buyTxId":"2c7dc492db366d79a4757739616d0aa976d68963","sellTxId":"2a14e7964a8a85333fa87466ad0da1f4c52f45c5"}
{"index": {"_index":"spt","_id":"1601031"}}
	{"id":1601031,"type":"sell","buyer":"granddaddies","seller":"spt-curate","symbol":"SPT","quantity":"1166.653363","price":"0.01380177","timestamp":1632844407,"volume":"16.10188139","buyTxId":"28549397c839b802f283ffeb6c0bb0201d0e38a3","sellTxId":"c2d0e6fa9e339eeff72a8b59fe1b4af72bbef751"}
{"index": {"_index":"spt","_id":"1601042"}}
	{"id":1601042,"type":"sell","buyer":"pi-trader","seller":"jakkal","symbol":"SPT","quantity":"51.678252","price":"0.01380170","timestamp":1632844644,"volume":"0.71324773","buyTxId":"1bf9dd9ef972dbb90d4157b01832fb6224fa72a9-5","sellTxId":"32179974a936749489a7f57fa83ca7c7ed6be948"}
{"index": {"_index":"spt","_id":"1601053"}}
	{"id":1601053,"type":"buy","buyer":"mad-runner","seller":"laundrywoman","symbol":"SPT","quantity":"23.000000","price":"0.01545399","timestamp":1632844830,"volume":"0.35544177","buyTxId":"5f450bb2b10a3b7fcc3ab7ca31a18168ad3a3faa","sellTxId":"beb05a4cb83005ff228f157276f9af9e75b8f58f"}
{"index": {"_index":"spt","_id":"1601106"}}
	{"id":1601106,"type":"sell","buyer":"pi-trader","seller":"brofi-market","symbol":"SPT","quantity":"1.919980","price":"0.01380170","timestamp":1632845655,"volume":"0.02649899","buyTxId":"21980f29ea59c181c19edcd5d7657fe766ac45c1-1","sellTxId":"f5a91c6ef25fa88bb26a6e6241db83bad1cba16f"}
{"index": {"_index":"spt","_id":"1601180"}}
	{"id":1601180,"type":"sell","buyer":"granddaddies","seller":"hadi18","symbol":"SPT","quantity":"187.045395","price":"0.01380171","timestamp":1632846129,"volume":"2.58154630","buyTxId":"ee3a1b0cba0527337b4f4c7e47637d3b75f2adf1","sellTxId":"b90ad1a1285ae03bf0896195c2abdafb9a9d1777"}
{"index": {"_index":"spt","_id":"1601251"}}
	{"id":1601251,"type":"buy","buyer":"jurisdoctor8","seller":"revisesociology","symbol":"SPT","quantity":"141.576007","price":"0.01530000","timestamp":1632846777,"volume":"2.16611291","buyTxId":"fbcbf46e26ab6b2b0f2289c948b6340ce5958411","sellTxId":"14dd1fe6d0bcb8b35f7e58012c54a27152b11bd8"}
{"index": {"_index":"spt","_id":"1601365"}}
	{"id":1601365,"type":"buy","buyer":"jongolson","seller":"revisesociology","symbol":"SPT","quantity":"758.423993","price":"0.01530000","timestamp":1632847884,"volume":"11.60388709","buyTxId":"557f2a44969b4bb0ccf782d86a70aefd5f2f7940","sellTxId":"14dd1fe6d0bcb8b35f7e58012c54a27152b11bd8"}
{"index": {"_index":"spt","_id":"1601428"}}
	{"id":1601428,"type":"sell","buyer":"pi-trader","seller":"trumpman","symbol":"SPT","quantity":"25.292000","price":"0.01380172","timestamp":1632848538,"volume":"0.34907310","buyTxId":"3496cce741d3e3bcb9b4fbb80edc2c8edb3c7e23-7","sellTxId":"33c5b6c67731afd917f64667631d5c2a0c223c58"}
{"index": {"_index":"spt","_id":"1601455"}}
	{"id":1601455,"type":"sell","buyer":"granddaddies","seller":"arnob23","symbol":"SPT","quantity":"707.085969","price":"0.01380171","timestamp":1632849030,"volume":"9.75899549","buyTxId":"40f793f4a2e3da1b36d76973ed7f469b1070037a","sellTxId":"0eb9e93d2b38c579663957caf75151b5878fb254"}
{"index": {"_index":"spt","_id":"1601465"}}
	{"id":1601465,"type":"buy","buyer":"pixiepost","seller":"laundrywoman","symbol":"SPT","quantity":"5.000000","price":"0.01545399","timestamp":1632849282,"volume":"0.07726995","buyTxId":"82b9e634e3932911c3125a5669cebb863ddd55c9","sellTxId":"beb05a4cb83005ff228f157276f9af9e75b8f58f"}
{"index": {"_index":"spt","_id":"1601504"}}
	{"id":1601504,"type":"sell","buyer":"abundance.tribe","seller":"itachi24","symbol":"SPT","quantity":"56.828266","price":"0.01545000","timestamp":1632849819,"volume":"0.87799671","buyTxId":"ad873fa1718c1af830d63f7a3d9a754a360d09f0","sellTxId":"6fe4f33eaf7efa644cd686a7f6ee5b3ccab75715"}
{"index": {"_index":"spt","_id":"1601639"}}
	{"id":1601639,"type":"buy","buyer":"bry20","seller":"mawit07","symbol":"SPT","quantity":"0.000085","price":"0.01500000","timestamp":1632851301,"volume":"0.00000128","buyTxId":"f2c690ac01a029402ff34417b23149ee6228596b","sellTxId":"bd6b92d9bb75156d4953310ac259bd71ba6b1640"}
{"index": {"_index":"spt","_id":"1601649"}}
	{"id":1601649,"type":"sell","buyer":"pi-trader","seller":"mightyx","symbol":"SPT","quantity":"4000.000000","price":"0.01380178","timestamp":1632851463,"volume":"55.20712000","buyTxId":"3e842ac6b03dbc61c632c8cd36b87c6351e17962-3","sellTxId":"95d8087c60deae25296e5881d672211ebc0933b8"}
{"index": {"_index":"spt","_id":"1601651"}}
	{"id":1601651,"type":"buy","buyer":"granddaddies","seller":"mightyx","symbol":"SPT","quantity":"6000.000000","price":"0.01380178","timestamp":1632851487,"volume":"82.81068000","buyTxId":"0f099be32b4ec90525db42cb73c14f0a43fda69a","sellTxId":"95d8087c60deae25296e5881d672211ebc0933b8"}
{"index": {"_index":"spt","_id":"1601805"}}
	{"id":1601805,"type":"sell","buyer":"granddaddies","seller":"resiliencia","symbol":"SPT","quantity":"104.436714","price":"0.01380179","timestamp":1632853503,"volume":"1.44141359","buyTxId":"cc4105533598f6ad755eb0413bb47a4167f3fae5","sellTxId":"83c34d844b0d6879fd1b72182ebf5f7521f2fb34"}
{"index": {"_index":"spt","_id":"1601872"}}
	{"id":1601872,"type":"buy","buyer":"condeas","seller":"laundrywoman","symbol":"SPT","quantity":"250.000000","price":"0.01499999","timestamp":1632854382,"volume":"3.74999750","buyTxId":"09001f250d0cd8a2505af0043f43d9058ed58a8a","sellTxId":"c0952c92336a7cbf51be8f01b2d700bfb4e3884a"}
{"index": {"_index":"spt","_id":"1601911"}}
	{"id":1601911,"type":"sell","buyer":"pi-trader","seller":"alive.chat","symbol":"SPT","quantity":"0.036","price":"0.01380181","timestamp":1632854784,"volume":"0.00049687","buyTxId":"38060359b4f211b11dbbcae65b8bac0bef58e4f6-3","sellTxId":"0eb93b3661bc61c65349b44926bd5c7b4825a7da"}
{"index": {"_index":"spt","_id":"1601913"}}
	{"id":1601913,"type":"sell","buyer":"pi-trader","seller":"dhedge-drips","symbol":"SPT","quantity":"0.179995","price":"0.01380181","timestamp":1632854787,"volume":"0.00248426","buyTxId":"38060359b4f211b11dbbcae65b8bac0bef58e4f6-3","sellTxId":"30278fe3dd6f4e9f66db4fb1fdf371367abfee3a"}
{"index": {"_index":"spt","_id":"1602004"}}
	{"id":1602004,"type":"sell","buyer":"pi-trader","seller":"reward.app","symbol":"SPT","quantity":"4000.000000","price":"0.01380176","timestamp":1632855675,"volume":"55.20704000","buyTxId":"398c5310be789703e908b14c72e7cddec6006bce-3","sellTxId":"913a5e57b7b11aa48c798f9ef38fa7d92ca6595e"}
{"index": {"_index":"spt","_id":"1602005"}}
	{"id":1602005,"type":"sell","buyer":"master-lamps","seller":"reward.app","symbol":"SPT","quantity":"34.397000","price":"0.01380167","timestamp":1632855675,"volume":"0.47473604","buyTxId":"21dabc6c5ccbe57ff7fde071bb0f98572fec8c58","sellTxId":"913a5e57b7b11aa48c798f9ef38fa7d92ca6595e"}
{"index": {"_index":"spt","_id":"1602006"}}
	{"id":1602006,"type":"sell","buyer":"xxblackknightxx","seller":"reward.app","symbol":"SPT","quantity":"200.000000","price":"0.01380153","timestamp":1632855675,"volume":"2.76030600","buyTxId":"bfafa2900295f8227bd743bbdd1b7c9be6ba38a2","sellTxId":"913a5e57b7b11aa48c798f9ef38fa7d92ca6595e"}
{"index": {"_index":"spt","_id":"1602007"}}
	{"id":1602007,"type":"sell","buyer":"beco132","seller":"reward.app","symbol":"SPT","quantity":"32.974000","price":"0.01370600","timestamp":1632855675,"volume":"0.45194164","buyTxId":"a747116b3642ee812178a325d3ca50dbe52826cf","sellTxId":"913a5e57b7b11aa48c798f9ef38fa7d92ca6595e"}
{"index": {"_index":"spt","_id":"1602008"}}
	{"id":1602008,"type":"sell","buyer":"muzehan","seller":"reward.app","symbol":"SPT","quantity":"1000.000000","price":"0.01300000","timestamp":1632855675,"volume":"13.00000000","buyTxId":"34f27045650ecff9eb30e8135d2d4809c1e5fe06","sellTxId":"913a5e57b7b11aa48c798f9ef38fa7d92ca6595e"}
{"index": {"_index":"spt","_id":"1602009"}}
	{"id":1602009,"type":"sell","buyer":"eirik","seller":"reward.app","symbol":"SPT","quantity":"3000.000000","price":"0.01250000","timestamp":1632855675,"volume":"37.50000000","buyTxId":"dc934d30ae8d9871d8319f3c16699590088d4890","sellTxId":"913a5e57b7b11aa48c798f9ef38fa7d92ca6595e"}
{"index": {"_index":"spt","_id":"1602010"}}
	{"id":1602010,"type":"sell","buyer":"muzehan","seller":"reward.app","symbol":"SPT","quantity":"1000.000000","price":"0.01250000","timestamp":1632855675,"volume":"12.50000000","buyTxId":"c2298667640fb53e3c37118ff3b9e6ab19096198","sellTxId":"913a5e57b7b11aa48c798f9ef38fa7d92ca6595e"}
{"index": {"_index":"spt","_id":"1602011"}}
	{"id":1602011,"type":"sell","buyer":"rital75","seller":"reward.app","symbol":"SPT","quantity":"5000.000000","price":"0.01200000","timestamp":1632855675,"volume":"60.00000000","buyTxId":"def98f3b86f6355ea19774a15da18764de4e84e8","sellTxId":"913a5e57b7b11aa48c798f9ef38fa7d92ca6595e"}
{"index": {"_index":"spt","_id":"1602012"}}
	{"id":1602012,"type":"sell","buyer":"eirik","seller":"reward.app","symbol":"SPT","quantity":"432.629000","price":"0.01150000","timestamp":1632855675,"volume":"4.97523350","buyTxId":"7df7d736d84c979a09d0275728d73b6d9b8c0d30","sellTxId":"913a5e57b7b11aa48c798f9ef38fa7d92ca6595e"}
{"index": {"_index":"spt","_id":"1602183"}}
	{"id":1602183,"type":"buy","buyer":"ahmetay","seller":"dhedge-drips","symbol":"SPT","quantity":"0.179995","price":"0.01499999","timestamp":1632858753,"volume":"0.00269992","buyTxId":"4594e82fdc5708e8e7e8247522dd48f7f64a6a1d","sellTxId":"40989efd9b085cc2a5682fc04df4096712329c9d"}
{"index": {"_index":"spt","_id":"1602184"}}
	{"id":1602184,"type":"buy","buyer":"ahmetay","seller":"mawit07","symbol":"SPT","quantity":"3276.707573","price":"0.01500000","timestamp":1632858753,"volume":"49.15061360","buyTxId":"4594e82fdc5708e8e7e8247522dd48f7f64a6a1d","sellTxId":"bd6b92d9bb75156d4953310ac259bd71ba6b1640"}
{"index": {"_index":"spt","_id":"1602186"}}
	{"id":1602186,"type":"buy","buyer":"ahmetay","seller":"mawit07","symbol":"SPT","quantity":"0.179995","price":"0.01500000","timestamp":1632858783,"volume":"0.00269993","buyTxId":"a1d364d438f74aedbf8264c03b822280c8a4eef2","sellTxId":"bd6b92d9bb75156d4953310ac259bd71ba6b1640"}
{"index": {"_index":"spt","_id":"1602258"}}
	{"id":1602258,"type":"sell","buyer":"pi-trader","seller":"brofi-market","symbol":"SPT","quantity":"0.125131","price":"0.01200061","timestamp":1632859698,"volume":"0.00150165","buyTxId":"37a502be26c650c7fd6d855d19cb122fd122a10c-1","sellTxId":"18dfa46e7eaa410509649a6b33549668e61af660"}
{"index": {"_index":"spt","_id":"1602261"}}
	{"id":1602261,"type":"buy","buyer":"samarek69","seller":"steevc","symbol":"SPT","quantity":"3.764030","price":"0.01210000","timestamp":1632859722,"volume":"0.04554476","buyTxId":"49f03ddf1bf69259fb156e5812faf1ee9e6ee40d","sellTxId":"dcd7e3bc9ffde2960096bc8b4b8a46b131d1c26b"}
{"index": {"_index":"spt","_id":"1602274"}}
	{"id":1602274,"type":"buy","buyer":"ahmetay","seller":"steevc","symbol":"SPT","quantity":"296.235970","price":"0.01210000","timestamp":1632859872,"volume":"3.58445524","buyTxId":"3475e09d7c6a1e4548767056e10c0c03bf75eace","sellTxId":"dcd7e3bc9ffde2960096bc8b4b8a46b131d1c26b"}
{"index": {"_index":"spt","_id":"1602275"}}
	{"id":1602275,"type":"buy","buyer":"ahmetay","seller":"brofi-market","symbol":"SPT","quantity":"0.125131","price":"0.01210000","timestamp":1632859872,"volume":"0.00151408","buyTxId":"3475e09d7c6a1e4548767056e10c0c03bf75eace","sellTxId":"f78d5f84ced7dff8408cab8901630c9419fc49e5"}
{"index": {"_index":"spt","_id":"1602293"}}
	{"id":1602293,"type":"buy","buyer":"droida","seller":"brofi-market","symbol":"SPT","quantity":"1.919980","price":"0.01545399","timestamp":1632860142,"volume":"0.02967135","buyTxId":"e8d127858cce16d709d64c3061c1662a848334d0","sellTxId":"a7062bcb440eed9bb43bb566830e3ba4caed75af"}
{"index": {"_index":"spt","_id":"1602341"}}
	{"id":1602341,"type":"buy","buyer":"droida","seller":"beco132","symbol":"SPT","quantity":"29.145762","price":"0.01545400","timestamp":1632860223,"volume":"0.45041861","buyTxId":"ce7f53d5605fcf1c4685b93bfd05068b27c4c2d0","sellTxId":"1e618fb7e05c9dd052cbd42325eb541cd7fd2eab"}
{"index": {"_index":"spt","_id":"1602468"}}
	{"id":1602468,"type":"sell","buyer":"beco132","seller":"cflclosers","symbol":"SPT","quantity":"17.141990","price":"0.01515100","timestamp":1632862635,"volume":"0.25971829","buyTxId":"bb33684acc93eafcb2893c6fee5b6185fc33057b","sellTxId":"76ece26f397bc73b20a0f160922690924f6d6db3"}
{"index": {"_index":"spt","_id":"1602474"}}
	{"id":1602474,"type":"sell","buyer":"beco132","seller":"shauner","symbol":"SPT","quantity":"63.000000","price":"0.01515100","timestamp":1632862719,"volume":"0.95451300","buyTxId":"bb33684acc93eafcb2893c6fee5b6185fc33057b","sellTxId":"c35b82f62647406fa039ac5b0d876bb73144c8df"}
{"index": {"_index":"spt","_id":"1602489"}}
	{"id":1602489,"type":"sell","buyer":"beco132","seller":"barbarzynca","symbol":"SPT","quantity":"0.712010","price":"0.01515100","timestamp":1632862863,"volume":"0.01078766","buyTxId":"bb33684acc93eafcb2893c6fee5b6185fc33057b","sellTxId":"7dc2cdbc5cc61e0cb9348716a54a7ec8fab0ff2d"}
{"index": {"_index":"spt","_id":"1602509"}}
	{"id":1602509,"type":"sell","buyer":"pi-trader","seller":"barbarzynca","symbol":"SPT","quantity":"1126.110417","price":"0.01250008","timestamp":1632862992,"volume":"14.07647030","buyTxId":"f27263e117c7d449152edea814ee3ea91bed98f4-3","sellTxId":"a88aff9177aa2ed320119b5b75bbde8a8f9841c8"}
{"index": {"_index":"spt","_id":"1602554"}}
	{"id":1602554,"type":"buy","buyer":"vipservice","seller":"slobberchops","symbol":"SPT","quantity":"1.000000","price":"0.01544000","timestamp":1632863433,"volume":"0.01544000","buyTxId":"c72ac8c7c2800035732ab593f6d3c76227f02a1b","sellTxId":"e7a9e00eb0879cf13eaa4e60468105c208f83b9e"}
{"index": {"_index":"spt","_id":"1602574"}}
	{"id":1602574,"type":"buy","buyer":"vipservice","seller":"slobberchops","symbol":"SPT","quantity":"100.000000","price":"0.01544000","timestamp":1632863640,"volume":"1.54400000","buyTxId":"5789587d6e746e51164e080e02eeb962bdde18cc","sellTxId":"e7a9e00eb0879cf13eaa4e60468105c208f83b9e"}
{"index": {"_index":"spt","_id":"1602632"}}
	{"id":1602632,"type":"buy","buyer":"fedesox","seller":"slobberchops","symbol":"SPT","quantity":"6.000000","price":"0.01544000","timestamp":1632864594,"volume":"0.09264000","buyTxId":"93707463f3f95d410e312529047eab4519154b98","sellTxId":"e7a9e00eb0879cf13eaa4e60468105c208f83b9e"}
{"index": {"_index":"spt","_id":"1602638"}}
	{"id":1602638,"type":"buy","buyer":"fedesox","seller":"slobberchops","symbol":"SPT","quantity":"0.368255","price":"0.01544000","timestamp":1632864627,"volume":"0.00568586","buyTxId":"6b0397fa8d53ab63d8de572fa5dc113ebc4d42ea","sellTxId":"e7a9e00eb0879cf13eaa4e60468105c208f83b9e"}
{"index": {"_index":"spt","_id":"1602765"}}
	{"id":1602765,"type":"sell","buyer":"solovey6o2","seller":"spt-curate","symbol":"SPT","quantity":"644.290992","price":"0.01250060","timestamp":1632866544,"volume":"8.05402397","buyTxId":"f6a562121cf7d006107f003259cb0a08e5e50ff5","sellTxId":"83ae3e2fc579044429ba40ebc12f87d98df05e07"}
{"index": {"_index":"spt","_id":"1602785"}}
	{"id":1602785,"type":"sell","buyer":"granddaddies","seller":"cliffagreen","symbol":"SPT","quantity":"0.798000","price":"0.01250004","timestamp":1632866787,"volume":"0.00997503","buyTxId":"92cbf9574e7507596463d1cf808e58fd5d60b726","sellTxId":"3b8b091725e26af45836b32419243a25f1e0ab80"}
{"index": {"_index":"spt","_id":"1602929"}}
	{"id":1602929,"type":"sell","buyer":"pi-trader","seller":"scooter77","symbol":"SPT","quantity":"213.348327","price":"0.01250007","timestamp":1632868626,"volume":"2.66686902","buyTxId":"d7fc4bc78a4a6ddd7b5744ca7ac10d1018bf52b5-7","sellTxId":"deb4cff34051826178cfd577e08eb55fc3512b55"}
{"index": {"_index":"spt","_id":"1602942"}}
	{"id":1602942,"type":"sell","buyer":"pi-trader","seller":"elricmoonslayer","symbol":"SPT","quantity":"50.205524","price":"0.01250011","timestamp":1632868785,"volume":"0.62757457","buyTxId":"e57b80e7758dbb498f4b740e7f09bef07ce60751-3","sellTxId":"c64e969f564d23e429c15e3e05a759cf7bedce94"}
{"index": {"_index":"spt","_id":"1603065"}}
	{"id":1603065,"type":"sell","buyer":"pi-trader","seller":"felipejoys","symbol":"SPT","quantity":"4000.000000","price":"0.01250011","timestamp":1632871218,"volume":"50.00044000","buyTxId":"9864b1c3aa3b58c39ae91f90cdddb3c811fdfdec-1","sellTxId":"66cd0ceeda58c1b4ea183f9f81dfa88cd6ec0ef2"}
{"index": {"_index":"spt","_id":"1603067"}}
	{"id":1603067,"type":"buy","buyer":"granddaddies","seller":"felipejoys","symbol":"SPT","quantity":"16054.000000","price":"0.01250010","timestamp":1632871233,"volume":"200.67660540","buyTxId":"54ba37e8432ac4504f8ea441b7846e65bf89324e","sellTxId":"66cd0ceeda58c1b4ea183f9f81dfa88cd6ec0ef2"}
{"index": {"_index":"spt","_id":"1603070"}}
	{"id":1603070,"type":"buy","buyer":"nyxlabs","seller":"itachi24","symbol":"SPT","quantity":"250.000000","price":"0.01500000","timestamp":1632871290,"volume":"3.75000000","buyTxId":"de0181e38720b21c1efe270710c33d335bea9b00","sellTxId":"0e9de2f728a2683868ef694e269d35e13fb92cfb"}
{"index": {"_index":"spt","_id":"1603210"}}
	{"id":1603210,"type":"sell","buyer":"pi-trader","seller":"bitcoinflood","symbol":"SPT","quantity":"25.298968","price":"0.01250011","timestamp":1632873444,"volume":"0.31623988","buyTxId":"06c66d09ab70dababa22eeb5e251df70f366fcca-7","sellTxId":"63fa7bac4af7e5a52a44ba20cc4e903c2b139037"}
{"index": {"_index":"spt","_id":"1603217"}}
	{"id":1603217,"type":"buy","buyer":"ahmetay","seller":"tsnaks","symbol":"SPT","quantity":"1800.000000","price":"0.01350000","timestamp":1632873534,"volume":"24.30000000","buyTxId":"e99681b131f1522bb3adebb99e52176859239392","sellTxId":"4ffa7dee25c0fe1933cacc83febc817bb985584e"}
{"index": {"_index":"spt","_id":"1603302"}}
	{"id":1603302,"type":"sell","buyer":"pi-trader","seller":"brofi-market","symbol":"SPT","quantity":"4.910286","price":"0.01300001","timestamp":1632874620,"volume":"0.06383377","buyTxId":"ee753efd8c2d46fc6efbedb5a213bdbaaba6fc48-1","sellTxId":"d36c7001aa3a42e18a0ca9ba69e15e9f988fc008"}
{"index": {"_index":"spt","_id":"1603385"}}
	{"id":1603385,"type":"sell","buyer":"pi-trader","seller":"valor2s","symbol":"SPT","quantity":"46.592345","price":"0.01300034","timestamp":1632875952,"volume":"0.60571633","buyTxId":"1eb1d46cd0679fbb6b2355b3c4c57e734b0d38ad-5","sellTxId":"1170066325019a37b0c759a1c9410611d2f059eb"}
{"index": {"_index":"spt","_id":"1603403"}}
	{"id":1603403,"type":"sell","buyer":"pi-trader","seller":"dhedge-drips","symbol":"SPT","quantity":"0.056231","price":"0.01300044","timestamp":1632876402,"volume":"0.00073103","buyTxId":"7b2c1805f39225e602401c9b3e8da6b4fed7dc79-9","sellTxId":"1422071782fa87204676195ff162650defc6583e"}
{"index": {"_index":"spt","_id":"1603470"}}
	{"id":1603470,"type":"sell","buyer":"pi-trader","seller":"hienco","symbol":"SPT","quantity":"969.198827","price":"0.01300023","timestamp":1632877395,"volume":"12.59980767","buyTxId":"61018c0ac03ba000ea5c8f4b0231e606af2d15c5-3","sellTxId":"a8244e31956baf8cb419e68b8c17dcb4cf34ceb0"}
{"index": {"_index":"spt","_id":"1603493"}}
	{"id":1603493,"type":"sell","buyer":"pi-trader","seller":"hienco","symbol":"SPT","quantity":"200.000000","price":"0.01300029","timestamp":1632877710,"volume":"2.60005800","buyTxId":"9587038ab1c95df0f2e7cd532e6fc9ca24a89c30-5","sellTxId":"44ca7d6c18c78bb0ee013a7152664e8064e2861d"}
{"index": {"_index":"spt","_id":"1603516"}}
	{"id":1603516,"type":"sell","buyer":"granddaddies","seller":"itachi24","symbol":"SPT","quantity":"222.433215","price":"0.01300044","timestamp":1632878337,"volume":"2.89172967","buyTxId":"dae6bc751479b78120cf57b20b86ee106ab163dd","sellTxId":"ec6fb3f0cedd020a8642cfc029584a2379da197c"}
{"index": {"_index":"spt","_id":"1603673"}}
	{"id":1603673,"type":"buy","buyer":"abundance.tribe","seller":"edward.martin","symbol":"SPT","quantity":"7.747000","price":"0.01500000","timestamp":1632880143,"volume":"0.11620500","buyTxId":"96faf3d498bbcb23bb0881081968e08afda446d2","sellTxId":"b5a96268cb61ed7fce470b6cdaf9e7221388ed60"}
{"index": {"_index":"spt","_id":"1603674"}}
	{"id":1603674,"type":"buy","buyer":"abundance.tribe","seller":"brofi-market","symbol":"SPT","quantity":"4.910286","price":"0.01500000","timestamp":1632880143,"volume":"0.07365429","buyTxId":"96faf3d498bbcb23bb0881081968e08afda446d2","sellTxId":"daebfb29f9204620c74bc0d968dfb7e506f4b635"}
{"index": {"_index":"spt","_id":"1603675"}}
	{"id":1603675,"type":"buy","buyer":"abundance.tribe","seller":"dhedge-drips","symbol":"SPT","quantity":"0.056231","price":"0.01500000","timestamp":1632880143,"volume":"0.00084347","buyTxId":"96faf3d498bbcb23bb0881081968e08afda446d2","sellTxId":"c21ecc4ccfe5d0ecd6f75d6e61f17f1071aa8b59"}
{"index": {"_index":"spt","_id":"1603676"}}
	{"id":1603676,"type":"buy","buyer":"abundance.tribe","seller":"laundrywoman","symbol":"SPT","quantity":"1239.286483","price":"0.01538997","timestamp":1632880143,"volume":"19.07258179","buyTxId":"96faf3d498bbcb23bb0881081968e08afda446d2","sellTxId":"f561af17b64dae3945901a90e6f9815de6f440c0"}
{"index": {"_index":"spt","_id":"1603847"}}
	{"id":1603847,"type":"sell","buyer":"granddaddies","seller":"yumi-drizzle","symbol":"SPT","quantity":"3384.034541","price":"0.01301032","timestamp":1632882258,"volume":"44.02737227","buyTxId":"5dcae0f5cbfb6d84282c98541ee745f7ef73916e","sellTxId":"5ddc6165425b5a748bf662422941da49970239c7"}
{"index": {"_index":"spt","_id":"1603881"}}
	{"id":1603881,"type":"sell","buyer":"pi-trader","seller":"nrg","symbol":"SPT","quantity":"3002.257054","price":"0.01301019","timestamp":1632883167,"volume":"39.05993470","buyTxId":"32226595f068f78073cdc8cb961f565a3569c62d-3","sellTxId":"193e4a56a821813148af88b99f44991337347e42"}
{"index": {"_index":"spt","_id":"1603892"}}
	{"id":1603892,"type":"buy","buyer":"boycharliefamily","seller":"solovey6o2","symbol":"SPT","quantity":"644.290991","price":"0.01538994","timestamp":1632883533,"volume":"9.91559969","buyTxId":"a8f7c85d0fc2d8f846e52082e70f4545fe781e43","sellTxId":"361a0530d6d468c162d9fae99ee74fe3ea636eeb"}
{"index": {"_index":"spt","_id":"1603893"}}
	{"id":1603893,"type":"buy","buyer":"boycharliefamily","seller":"laundrywoman","symbol":"SPT","quantity":"2145.709009","price":"0.01538995","timestamp":1632883533,"volume":"33.02235436","buyTxId":"a8f7c85d0fc2d8f846e52082e70f4545fe781e43","sellTxId":"bba8aec17d3b127ee23d91cb4de48b502ba75d67"}
