{"index": {"_index":"spt","_id":"2348061"}}
	{"id":2348061,"type":"sell","buyer":"granddaddies","seller":"iceman23","symbol":"SPT","quantity":"500.50665","price":"0.00277006","timestamp":1640143419,"volume":"1.38643345","buyTxId":"313122cd56d610a41dc8246a1b485a0be80e1ffa","sellTxId":"33b911ecdbd070f26585b19dfb9660a5ab372d6a"}
{"index": {"_index":"spt","_id":"2348355"}}
	{"id":2348355,"type":"sell","buyer":"granddaddies","seller":"dynamichivers","symbol":"SPT","quantity":"177.472893","price":"0.00277006","timestamp":1640147046,"volume":"0.49161056","buyTxId":"313122cd56d610a41dc8246a1b485a0be80e1ffa","sellTxId":"613044547971e0441df52c0621fdbe40cddd8a28"}
{"index": {"_index":"spt","_id":"2348531"}}
	{"id":2348531,"type":"sell","buyer":"granddaddies","seller":"he-index","symbol":"SPT","quantity":"0.028000","price":"0.00277006","timestamp":1640149275,"volume":"0.00007756","buyTxId":"f0052c26b2cbf2188757d2561f94bf72e952200b","sellTxId":"f0e66aef222455b0d5c829444224691d6dac35ca"}
{"index": {"_index":"spt","_id":"2348923"}}
	{"id":2348923,"type":"sell","buyer":"granddaddies","seller":"eforucom","symbol":"SPT","quantity":"20.623827","price":"0.00277006","timestamp":1640153607,"volume":"0.05712924","buyTxId":"1597ba51618818cced03ed542ee5e45629d6f43c","sellTxId":"fb5ef8f7886d7f2398350487d91bfa8c1e79213e"}
{"index": {"_index":"spt","_id":"2349053"}}
	{"id":2349053,"type":"sell","buyer":"granddaddies","seller":"jacksonizer","symbol":"SPT","quantity":"157.760467","price":"0.00277006","timestamp":1640154534,"volume":"0.43700596","buyTxId":"fc6d620a1f5f86ecb5a7408a1d71f8b729bfbba6","sellTxId":"9b1e0d878221d4892070878feae3eee97fc8ac6d"}
{"index": {"_index":"spt","_id":"2349160"}}
	{"id":2349160,"type":"sell","buyer":"granddaddies","seller":"felipejoys","symbol":"SPT","quantity":"858.564307","price":"0.00277006","timestamp":1640155530,"volume":"2.37827464","buyTxId":"fc6d620a1f5f86ecb5a7408a1d71f8b729bfbba6","sellTxId":"4c056af07de7a8e98a627b006ab0db180a5140be"}
{"index": {"_index":"spt","_id":"2349265"}}
	{"id":2349265,"type":"buy","buyer":"dswap","seller":"laundrywoman","symbol":"SPT","quantity":"86.315151","price":"0.00313573","timestamp":1640156448,"volume":"0.27066101","buyTxId":"1b2652516831cc9db2fc70f37a27077ed573724f","sellTxId":"eb755970425749873a06f44d9dda51380ff6b896"}
{"index": {"_index":"spt","_id":"2349277"}}
	{"id":2349277,"type":"buy","buyer":"dswap","seller":"laundrywoman","symbol":"SPT","quantity":"119.952948","price":"0.00313573","timestamp":1640156625,"volume":"0.37614006","buyTxId":"4f25bd92da6bf2ba60dda4e2c5d0fdc7fc35ae60","sellTxId":"eb755970425749873a06f44d9dda51380ff6b896"}
{"index": {"_index":"spt","_id":"2349296"}}
	{"id":2349296,"type":"buy","buyer":"jongolson","seller":"laundrywoman","symbol":"SPT","quantity":"2500.000000","price":"0.00313573","timestamp":1640156778,"volume":"7.83932500","buyTxId":"2ae65ff9c64af0109d3fb1c1a46b8a2b88f79c82","sellTxId":"eb755970425749873a06f44d9dda51380ff6b896"}
{"index": {"_index":"spt","_id":"2349503"}}
	{"id":2349503,"type":"buy","buyer":"dswap","seller":"laundrywoman","symbol":"SPT","quantity":"5.277102","price":"0.00313573","timestamp":1640158773,"volume":"0.01654757","buyTxId":"7c4fb446c36e73de021f6628a5926728b9c2158d","sellTxId":"eb755970425749873a06f44d9dda51380ff6b896"}
{"index": {"_index":"spt","_id":"2349630"}}
	{"id":2349630,"type":"buy","buyer":"shebe","seller":"laundrywoman","symbol":"SPT","quantity":"94.724054","price":"0.00313573","timestamp":1640160015,"volume":"0.29702906","buyTxId":"d0c0f727999e28d8acd91247380ec34434f03560","sellTxId":"eb755970425749873a06f44d9dda51380ff6b896"}
{"index": {"_index":"spt","_id":"2349905"}}
	{"id":2349905,"type":"sell","buyer":"granddaddies","seller":"eforucom","symbol":"SPT","quantity":"1.178110","price":"0.00280001","timestamp":1640162544,"volume":"0.00329872","buyTxId":"c25eb19ec0a04aeb39b88cbf1adda186ffa49417","sellTxId":"60636af5697c9eb4ab4d58b22aa85f76c474796e"}
{"index": {"_index":"spt","_id":"2350093"}}
	{"id":2350093,"type":"sell","buyer":"granddaddies","seller":"felipejoys","symbol":"SPT","quantity":"819.443908","price":"0.00280001","timestamp":1640164470,"volume":"2.29445114","buyTxId":"c25eb19ec0a04aeb39b88cbf1adda186ffa49417","sellTxId":"4e6f972bd3c027e830eee38e7726452d8e90b511"}
{"index": {"_index":"spt","_id":"2350187"}}
	{"id":2350187,"type":"sell","buyer":"granddaddies","seller":"nevermeltice","symbol":"SPT","quantity":"37.513212","price":"0.00280001","timestamp":1640165358,"volume":"0.10503737","buyTxId":"c25eb19ec0a04aeb39b88cbf1adda186ffa49417","sellTxId":"6d1fb7263d5685eb37cdbc0e6be7c05051c900c8"}
{"index": {"_index":"spt","_id":"2350198"}}
	{"id":2350198,"type":"buy","buyer":"cryptojiang","seller":"laundrywoman","symbol":"SPT","quantity":"80000.000000","price":"0.00313573","timestamp":1640165628,"volume":"250.85840000","buyTxId":"babc3db4f6fe3a975ad57ead78bf0ef3f9f810ac","sellTxId":"eb755970425749873a06f44d9dda51380ff6b896"}
{"index": {"_index":"spt","_id":"2350227"}}
	{"id":2350227,"type":"sell","buyer":"granddaddies","seller":"vjekich","symbol":"SPT","quantity":"219.874574","price":"0.00280001","timestamp":1640166117,"volume":"0.61565101","buyTxId":"7998b1bc7d03ea1367a50fbe9cb6c739ac22f4c3","sellTxId":"8356e153163228528be3b3363d8dc7656e9cb659"}
{"index": {"_index":"spt","_id":"2350353"}}
	{"id":2350353,"type":"sell","buyer":"granddaddies","seller":"nrg","symbol":"SPT","quantity":"1982.920367","price":"0.00280001","timestamp":1640167293,"volume":"5.55219686","buyTxId":"7998b1bc7d03ea1367a50fbe9cb6c739ac22f4c3","sellTxId":"3b91d986b7497057403530f0ca9c9a614515220f-14"}
{"index": {"_index":"spt","_id":"2350718"}}
	{"id":2350718,"type":"sell","buyer":"granddaddies","seller":"revisesociology","symbol":"SPT","quantity":"685.000000","price":"0.00280001","timestamp":1640170773,"volume":"1.91800685","buyTxId":"7998b1bc7d03ea1367a50fbe9cb6c739ac22f4c3","sellTxId":"a0ad077c90d4f32e9cb339c6f869cf05df09ad9b"}
{"index": {"_index":"spt","_id":"2350944"}}
	{"id":2350944,"type":"buy","buyer":"momongja","seller":"laundrywoman","symbol":"SPT","quantity":"51.000000","price":"0.00312999","timestamp":1640173986,"volume":"0.15962949","buyTxId":"8ce4bf68e4bb1fade41fb680ed530dd313c54170","sellTxId":"1ff4e917e9a6753826fa35328f8c6ed192f3ead5"}
{"index": {"_index":"spt","_id":"2351023"}}
	{"id":2351023,"type":"sell","buyer":"granddaddies","seller":"mercurial9","symbol":"SPT","quantity":"682.946096","price":"0.00280001","timestamp":1640175087,"volume":"1.91225590","buyTxId":"7998b1bc7d03ea1367a50fbe9cb6c739ac22f4c3","sellTxId":"f59676ffc7b7f44ee4bc6acd12be9393351026c3"}
{"index": {"_index":"spt","_id":"2351181"}}
	{"id":2351181,"type":"buy","buyer":"caimanx","seller":"laundrywoman","symbol":"SPT","quantity":"354.785686","price":"0.00312999","timestamp":1640177643,"volume":"1.11047565","buyTxId":"05626e5217b3f6bc9036c85319b7402e7b5d64e9","sellTxId":"1ff4e917e9a6753826fa35328f8c6ed192f3ead5"}
{"index": {"_index":"spt","_id":"2351204"}}
	{"id":2351204,"type":"sell","buyer":"granddaddies","seller":"fredfettmeister","symbol":"SPT","quantity":"211.000000","price":"0.00280001","timestamp":1640178093,"volume":"0.59080211","buyTxId":"7998b1bc7d03ea1367a50fbe9cb6c739ac22f4c3","sellTxId":"bd0eb519d69c1ccf176be1f0bbafe459810f7e55"}
{"index": {"_index":"spt","_id":"2351885"}}
	{"id":2351885,"type":"sell","buyer":"granddaddies","seller":"mastergerund","symbol":"SPT","quantity":"23021.357917","price":"0.00280001","timestamp":1640185776,"volume":"64.46003238","buyTxId":"7998b1bc7d03ea1367a50fbe9cb6c739ac22f4c3","sellTxId":"a679360562104fdcf5f5134d1582de864f508650"}
{"index": {"_index":"spt","_id":"2351962"}}
	{"id":2351962,"type":"sell","buyer":"granddaddies","seller":"itachi24","symbol":"SPT","quantity":"4.492181","price":"0.00280001","timestamp":1640186205,"volume":"0.01257815","buyTxId":"7998b1bc7d03ea1367a50fbe9cb6c739ac22f4c3","sellTxId":"b4396bf4407ff09a9c0364e044fe7d351c42ea9f"}
{"index": {"_index":"spt","_id":"2352376"}}
	{"id":2352376,"type":"sell","buyer":"granddaddies","seller":"khazrakh","symbol":"SPT","quantity":"845.970764","price":"0.00280001","timestamp":1640189505,"volume":"2.36872660","buyTxId":"16970251cd4b7dfbd5e85d837d01810375970739","sellTxId":"b19b77c7c41fff4bbd3db9613ef66025481fbb67"}
{"index": {"_index":"spt","_id":"2352708"}}
	{"id":2352708,"type":"sell","buyer":"granddaddies","seller":"hiveexplorers","symbol":"SPT","quantity":"1083.996874","price":"0.00280001","timestamp":1640192223,"volume":"3.03520209","buyTxId":"f6216bd40d3163f9d405fcf4b62c7a616b4d9584","sellTxId":"1a2ae885fe4345fbcf0276ad20c0cb4aa3d81980"}
{"index": {"_index":"spt","_id":"2353237"}}
	{"id":2353237,"type":"sell","buyer":"muzehan","seller":"ashikstd","symbol":"SPT","quantity":"1000.000000","price":"0.00280000","timestamp":1640196978,"volume":"2.80000000","buyTxId":"746c1fb804a1e96a8c13c37c589183c924416b63","sellTxId":"537b0a8efff1ae9417f6007c2abbe1183e060bb8"}
{"index": {"_index":"spt","_id":"2353238"}}
	{"id":2353238,"type":"sell","buyer":"dechuck","seller":"ashikstd","symbol":"SPT","quantity":"100.000000","price":"0.00277005","timestamp":1640196978,"volume":"0.27700500","buyTxId":"bd60326b845a0bdbf143bbb86e12e73b9292fba5","sellTxId":"537b0a8efff1ae9417f6007c2abbe1183e060bb8"}
{"index": {"_index":"spt","_id":"2353239"}}
	{"id":2353239,"type":"sell","buyer":"titus-vivant","seller":"ashikstd","symbol":"SPT","quantity":"362.000000","price":"0.00277001","timestamp":1640196978,"volume":"1.00274362","buyTxId":"fe9729a2d3dc7d2185fa2ae151ffc9c6e4eff1e2","sellTxId":"537b0a8efff1ae9417f6007c2abbe1183e060bb8"}
{"index": {"_index":"spt","_id":"2353240"}}
	{"id":2353240,"type":"sell","buyer":"granddaddies","seller":"ashikstd","symbol":"SPT","quantity":"7497.799718","price":"0.00250051","timestamp":1640196978,"volume":"18.74832317","buyTxId":"d8e2c9801d755a42eb95117aab312a317438da20","sellTxId":"537b0a8efff1ae9417f6007c2abbe1183e060bb8"}
{"index": {"_index":"spt","_id":"2353291"}}
	{"id":2353291,"type":"sell","buyer":"granddaddies","seller":"bambukah","symbol":"SPT","quantity":"0.18","price":"0.00250051","timestamp":1640197377,"volume":"0.00045009","buyTxId":"d8e2c9801d755a42eb95117aab312a317438da20","sellTxId":"32b5409df6bbbf1fa90328543e12128a5c79f1e4"}
{"index": {"_index":"spt","_id":"2353740"}}
	{"id":2353740,"type":"sell","buyer":"granddaddies","seller":"udontknowm3","symbol":"SPT","quantity":"294.173809","price":"0.00250051","timestamp":1640200332,"volume":"0.73558455","buyTxId":"d8e2c9801d755a42eb95117aab312a317438da20","sellTxId":"3497bf5c242c374f8ab121f847817d91e9b8e1a4"}
{"index": {"_index":"spt","_id":"2354039"}}
	{"id":2354039,"type":"buy","buyer":"torran","seller":"laundrywoman","symbol":"SPT","quantity":"4000.000000","price":"0.00299999","timestamp":1640202699,"volume":"11.99996000","buyTxId":"26341b33065208a60e673dec58e5f75ff139bc7b","sellTxId":"aa87dc01011a5fde517f315d79cccf11f90b2b09"}
{"index": {"_index":"spt","_id":"2354272"}}
	{"id":2354272,"type":"sell","buyer":"granddaddies","seller":"letsjam","symbol":"SPT","quantity":"338.650790","price":"0.00270001","timestamp":1640205003,"volume":"0.91436052","buyTxId":"d27af34d1c0a7c4dba849d28ad05d867512b14c3","sellTxId":"4f2764cc3a33789f8470d4c42d5ee590673a809c"}
{"index": {"_index":"spt","_id":"2354320"}}
	{"id":2354320,"type":"buy","buyer":"jongolson","seller":"laundrywoman","symbol":"SPT","quantity":"1000.000000","price":"0.00299999","timestamp":1640205486,"volume":"2.99999000","buyTxId":"1a38d406a305fec3770a352a47db83cc96db5554","sellTxId":"aa87dc01011a5fde517f315d79cccf11f90b2b09"}
{"index": {"_index":"spt","_id":"2354349"}}
	{"id":2354349,"type":"sell","buyer":"granddaddies","seller":"themarkymark","symbol":"SPT","quantity":"74.070608","price":"0.00270001","timestamp":1640205831,"volume":"0.19999138","buyTxId":"d27af34d1c0a7c4dba849d28ad05d867512b14c3","sellTxId":"6c058b03f03279178f1fdc3a1a0e62551682cfa3"}
{"index": {"_index":"spt","_id":"2354390"}}
	{"id":2354390,"type":"buy","buyer":"torran","seller":"laundrywoman","symbol":"SPT","quantity":"7500.000000","price":"0.00299999","timestamp":1640206095,"volume":"22.49992500","buyTxId":"49c1946370759ebdf0bd5c024d0d03054daef5fa","sellTxId":"aa87dc01011a5fde517f315d79cccf11f90b2b09"}
{"index": {"_index":"spt","_id":"2354509"}}
	{"id":2354509,"type":"buy","buyer":"torran","seller":"laundrywoman","symbol":"SPT","quantity":"1750.000000","price":"0.00299979","timestamp":1640207079,"volume":"5.24963250","buyTxId":"40a065c42ca7129c5bdf83b5e96666030f20cdd5","sellTxId":"941d49c251d264c13caefe8c9387f96af60ead27"}
{"index": {"_index":"spt","_id":"2354520"}}
	{"id":2354520,"type":"buy","buyer":"torran","seller":"laundrywoman","symbol":"SPT","quantity":"346.325000","price":"0.00299979","timestamp":1640207139,"volume":"1.03890227","buyTxId":"bbae54b7dd97f8b3e34269afa36605dfe558e082","sellTxId":"941d49c251d264c13caefe8c9387f96af60ead27"}
{"index": {"_index":"spt","_id":"2354533"}}
	{"id":2354533,"type":"buy","buyer":"torran","seller":"laundrywoman","symbol":"SPT","quantity":"415.830000","price":"0.00299979","timestamp":1640207223,"volume":"1.24740268","buyTxId":"58d87c9f178113964e62db69205be47142e99e0f","sellTxId":"941d49c251d264c13caefe8c9387f96af60ead27"}
{"index": {"_index":"spt","_id":"2354542"}}
	{"id":2354542,"type":"buy","buyer":"torran","seller":"laundrywoman","symbol":"SPT","quantity":"1350.000000","price":"0.00299979","timestamp":1640207292,"volume":"4.04971650","buyTxId":"16567b7a83625c5cb1f50890db49b3c947cb7252","sellTxId":"941d49c251d264c13caefe8c9387f96af60ead27"}
{"index": {"_index":"spt","_id":"2354548"}}
	{"id":2354548,"type":"sell","buyer":"torran","seller":"jregid","symbol":"SPT","quantity":"339.000000","price":"0.00295000","timestamp":1640207331,"volume":"1.00005000","buyTxId":"658aee908a5688dac93c7aa81bee3fa2aa2318b8","sellTxId":"e20f1f16a3dfc497ec82c549474c382affe942fe"}
{"index": {"_index":"spt","_id":"2354553"}}
	{"id":2354553,"type":"sell","buyer":"torran","seller":"revisesociology","symbol":"SPT","quantity":"53.000000","price":"0.00295000","timestamp":1640207364,"volume":"0.15635000","buyTxId":"658aee908a5688dac93c7aa81bee3fa2aa2318b8","sellTxId":"6f1d6af96c2620935b62d941a2d9cd340d97a1d9"}
{"index": {"_index":"spt","_id":"2354558"}}
	{"id":2354558,"type":"sell","buyer":"torran","seller":"jregid","symbol":"SPT","quantity":"195.000000","price":"0.00295000","timestamp":1640207403,"volume":"0.57525000","buyTxId":"658aee908a5688dac93c7aa81bee3fa2aa2318b8","sellTxId":"ff5373b7e1943c3829959c4b732a7b6f15f903ac"}
{"index": {"_index":"spt","_id":"2354679"}}
	{"id":2354679,"type":"buy","buyer":"torran","seller":"laundrywoman","symbol":"SPT","quantity":"1300.000000","price":"0.00299979","timestamp":1640208363,"volume":"3.89972700","buyTxId":"ac3100ed833b66f6a2ce0a050a761889e611394e","sellTxId":"941d49c251d264c13caefe8c9387f96af60ead27"}
{"index": {"_index":"spt","_id":"2354685"}}
	{"id":2354685,"type":"buy","buyer":"torran","seller":"laundrywoman","symbol":"SPT","quantity":"278.584000","price":"0.00299979","timestamp":1640208480,"volume":"0.83569350","buyTxId":"d96b58456fbcb60696e268b8807d996546e4ce73","sellTxId":"941d49c251d264c13caefe8c9387f96af60ead27"}
{"index": {"_index":"spt","_id":"2354695"}}
	{"id":2354695,"type":"buy","buyer":"torran","seller":"laundrywoman","symbol":"SPT","quantity":"834.032400","price":"0.00299979","timestamp":1640208543,"volume":"2.50192205","buyTxId":"219501433dcc1ec8156c11a8bc8acc669624540e","sellTxId":"941d49c251d264c13caefe8c9387f96af60ead27"}
{"index": {"_index":"spt","_id":"2354709"}}
	{"id":2354709,"type":"buy","buyer":"torran","seller":"laundrywoman","symbol":"SPT","quantity":"1137.348619","price":"0.00299979","timestamp":1640208639,"volume":"3.41180701","buyTxId":"cd1c347aef7958bfa58db30ab92bc13cc68e0dc4","sellTxId":"941d49c251d264c13caefe8c9387f96af60ead27"}
{"index": {"_index":"spt","_id":"2354730"}}
	{"id":2354730,"type":"buy","buyer":"torran","seller":"laundrywoman","symbol":"SPT","quantity":"1000.000000","price":"0.00299979","timestamp":1640208771,"volume":"2.99979000","buyTxId":"647ba1e5986ca816f6b9cb6fde0c4f73b9939a80","sellTxId":"941d49c251d264c13caefe8c9387f96af60ead27"}
{"index": {"_index":"spt","_id":"2354760"}}
	{"id":2354760,"type":"sell","buyer":"torran","seller":"teikn","symbol":"SPT","quantity":"1.086000","price":"0.00295000","timestamp":1640209194,"volume":"0.00320370","buyTxId":"658aee908a5688dac93c7aa81bee3fa2aa2318b8","sellTxId":"9fece135d8fc4d2ffa725c1ce7ecafa21ddedc02"}
{"index": {"_index":"spt","_id":"2354787"}}
	{"id":2354787,"type":"sell","buyer":"torran","seller":"fatedslayerz","symbol":"SPT","quantity":"0.170580","price":"0.00295000","timestamp":1640209428,"volume":"0.00050321","buyTxId":"658aee908a5688dac93c7aa81bee3fa2aa2318b8","sellTxId":"9087d6b1ecb80479ba3c2dfb01a335da427af268"}
{"index": {"_index":"spt","_id":"2354885"}}
	{"id":2354885,"type":"sell","buyer":"torran","seller":"yumi-drizzle","symbol":"SPT","quantity":"549.162915","price":"0.00295000","timestamp":1640210241,"volume":"1.62003060","buyTxId":"658aee908a5688dac93c7aa81bee3fa2aa2318b8","sellTxId":"47e2dfdeb9a14b72bae6231e2ca3d35a4ed4324e"}
{"index": {"_index":"spt","_id":"2355024"}}
	{"id":2355024,"type":"sell","buyer":"torran","seller":"mad-runner","symbol":"SPT","quantity":"260.594821","price":"0.00295000","timestamp":1640211384,"volume":"0.76875472","buyTxId":"658aee908a5688dac93c7aa81bee3fa2aa2318b8","sellTxId":"fe9c1b376463d9f4d17ddc9537c6d572c2739261"}
{"index": {"_index":"spt","_id":"2355110"}}
	{"id":2355110,"type":"sell","buyer":"torran","seller":"dkid14","symbol":"SPT","quantity":"601.985684","price":"0.00295000","timestamp":1640212206,"volume":"1.77585777","buyTxId":"658aee908a5688dac93c7aa81bee3fa2aa2318b8","sellTxId":"06aad11fc4f422737908b1f066b0042716d7b52e"}
{"index": {"_index":"spt","_id":"2355111"}}
	{"id":2355111,"type":"sell","buyer":"rocknrolldm","seller":"dkid14","symbol":"SPT","quantity":"9.900000","price":"0.00290000","timestamp":1640212206,"volume":"0.02871000","buyTxId":"53755dccd31d90eb991e0b09dc868007c29ced57","sellTxId":"06aad11fc4f422737908b1f066b0042716d7b52e"}
{"index": {"_index":"spt","_id":"2355112"}}
	{"id":2355112,"type":"sell","buyer":"granddaddies","seller":"dkid14","symbol":"SPT","quantity":"19388.114316","price":"0.00275001","timestamp":1640212206,"volume":"53.31750825","buyTxId":"245dd676ce5f0ef4d1a3e01b5428a743cb92fccf","sellTxId":"06aad11fc4f422737908b1f066b0042716d7b52e"}
{"index": {"_index":"spt","_id":"2355273"}}
	{"id":2355273,"type":"sell","buyer":"granddaddies","seller":"xawi","symbol":"SPT","quantity":"2144.143015","price":"0.00275001","timestamp":1640213700,"volume":"5.89641473","buyTxId":"a6379f7ae368b073dd8ffba7141a35a14e9815d5","sellTxId":"bfd024168249c5345a3548429aacada339f3e12e"}
{"index": {"_index":"spt","_id":"2355280"}}
	{"id":2355280,"type":"buy","buyer":"granddaddies","seller":"dkid14","symbol":"SPT","quantity":"29209.962998","price":"0.00275001","timestamp":1640213769,"volume":"80.32769034","buyTxId":"f462e12ae14f0c59aa23e6ce9ca1dc24d43bc44a","sellTxId":"000c0d0941a20c7e95d8afbe9c793e3976d49648"}
{"index": {"_index":"spt","_id":"2355300"}}
	{"id":2355300,"type":"buy","buyer":"bcarolan639","seller":"laundrywoman","symbol":"SPT","quantity":"55000.000000","price":"0.00299979","timestamp":1640214018,"volume":"164.98845000","buyTxId":"73a2ce410a5d93818aa17b73aab876d809ffc8e0","sellTxId":"941d49c251d264c13caefe8c9387f96af60ead27"}
{"index": {"_index":"spt","_id":"2355546"}}
	{"id":2355546,"type":"sell","buyer":"granddaddies","seller":"bo022","symbol":"SPT","quantity":"25.000000","price":"0.00275001","timestamp":1640215923,"volume":"0.06875025","buyTxId":"82fd388a6871b11092dd3e7426ce93304986f9d1","sellTxId":"aaea22381cbef3979d6799d3fec68f95bd0cfb62"}
{"index": {"_index":"spt","_id":"2355692"}}
	{"id":2355692,"type":"sell","buyer":"granddaddies","seller":"shadowmyst","symbol":"SPT","quantity":"1204.652370","price":"0.00275001","timestamp":1640217213,"volume":"3.31280606","buyTxId":"82fd388a6871b11092dd3e7426ce93304986f9d1","sellTxId":"fbc4277ab447d645b0434462059e0e10d238a6e3"}
{"index": {"_index":"spt","_id":"2356067"}}
	{"id":2356067,"type":"sell","buyer":"granddaddies","seller":"marvinix","symbol":"SPT","quantity":"3.2","price":"0.00275001","timestamp":1640221404,"volume":"0.00880003","buyTxId":"3a28475f08a811b977c0e202bbf1eabc19a6a276","sellTxId":"ace33f2914c8ec58d960cf5ccf3ca5b3873e194f"}
{"index": {"_index":"spt","_id":"2356154"}}
	{"id":2356154,"type":"buy","buyer":"forsakensushi","seller":"laundrywoman","symbol":"SPT","quantity":"10000.000000","price":"0.00299979","timestamp":1640222565,"volume":"29.99790000","buyTxId":"9f8ff59b5be87ec0afede14aa062a02bc9307365","sellTxId":"e6f051e3c385e789292d6fa1f80758f61fcc6091"}
{"index": {"_index":"spt","_id":"2356215"}}
	{"id":2356215,"type":"sell","buyer":"granddaddies","seller":"zullyscott","symbol":"SPT","quantity":"73.677813","price":"0.00275001","timestamp":1640223348,"volume":"0.20261472","buyTxId":"3a28475f08a811b977c0e202bbf1eabc19a6a276","sellTxId":"9433d1b8743e2e17c6ce1ccf0b59549a42486298"}
{"index": {"_index":"spt","_id":"2356221"}}
	{"id":2356221,"type":"buy","buyer":"forsakensushi","seller":"laundrywoman","symbol":"SPT","quantity":"20000.000000","price":"0.00299979","timestamp":1640223375,"volume":"59.99580000","buyTxId":"8d90883f4634b9acfdb272c2b6630a2292ae1896","sellTxId":"e6f051e3c385e789292d6fa1f80758f61fcc6091"}
{"index": {"_index":"spt","_id":"2356280"}}
	{"id":2356280,"type":"sell","buyer":"granddaddies","seller":"catomoon","symbol":"SPT","quantity":"6298.944893","price":"0.00275001","timestamp":1640224125,"volume":"17.32216145","buyTxId":"3a28475f08a811b977c0e202bbf1eabc19a6a276","sellTxId":"e41025aa35951206ddde85409e97e01c8d0983a8"}
{"index": {"_index":"spt","_id":"2356347"}}
	{"id":2356347,"type":"sell","buyer":"granddaddies","seller":"eforucom","symbol":"SPT","quantity":"13.955954","price":"0.00275001","timestamp":1640224944,"volume":"0.03837901","buyTxId":"3a28475f08a811b977c0e202bbf1eabc19a6a276","sellTxId":"69c2b4586a33dd0116f106a3d1123dcd792ad98b"}
{"index": {"_index":"spt","_id":"2356523"}}
	{"id":2356523,"type":"sell","buyer":"torran","seller":"chireerocks","symbol":"SPT","quantity":"15.233965","price":"0.00280000","timestamp":1640226861,"volume":"0.04265510","buyTxId":"1bc684026fb232a1ed00f864669e434df9091e54","sellTxId":"de53572b5eb81d2fda342082aec27c92d3701a71"}
{"index": {"_index":"spt","_id":"2356549"}}
	{"id":2356549,"type":"sell","buyer":"torran","seller":"dswap","symbol":"SPT","quantity":"857.706375","price":"0.00280000","timestamp":1640227059,"volume":"2.40157785","buyTxId":"1bc684026fb232a1ed00f864669e434df9091e54","sellTxId":"247c578d47f3292364423dab66b4135f4a8774e9"}
{"index": {"_index":"spt","_id":"2356700"}}
	{"id":2356700,"type":"sell","buyer":"torran","seller":"magnacarta","symbol":"SPT","quantity":"0.334","price":"0.00280000","timestamp":1640228499,"volume":"0.00093520","buyTxId":"1bc684026fb232a1ed00f864669e434df9091e54","sellTxId":"4ecfebf7b298203c79fe92b6355079f9a103559d"}
