{"index": {"_index":"spt","_id":"2263307"}}
	{"id":2263307,"type":"sell","buyer":"granddaddies","seller":"brofi-market","symbol":"SPT","quantity":"0.309620","price":"0.00333008","timestamp":1639368825,"volume":"0.00103106","buyTxId":"612fb05b41ad45ee6eaa2bc40a6d61e9b38ae855","sellTxId":"6487e0f15642d35c5b5c333ebdcac8ed6cb4eeeb"}
{"index": {"_index":"spt","_id":"2263519"}}
	{"id":2263519,"type":"sell","buyer":"granddaddies","seller":"dkid14","symbol":"SPT","quantity":"128.452082","price":"0.00333008","timestamp":1639370736,"volume":"0.42775571","buyTxId":"612fb05b41ad45ee6eaa2bc40a6d61e9b38ae855","sellTxId":"fa3c0a8cdbb77ced17a97970b466ff955bbcb7f1"}
{"index": {"_index":"spt","_id":"2263683"}}
	{"id":2263683,"type":"sell","buyer":"druidsblood","seller":"shadow346","symbol":"SPT","quantity":"10.000000","price":"0.00333007","timestamp":1639372149,"volume":"0.03330070","buyTxId":"0ae95646b14614859e5011c6998a151e381d2900","sellTxId":"2fcf2b0f0e04ed6fd599e22efa3cc69b2daeb358"}
{"index": {"_index":"spt","_id":"2263685"}}
	{"id":2263685,"type":"buy","buyer":"granddaddies","seller":"shadow346","symbol":"SPT","quantity":"10.000000","price":"0.00333008","timestamp":1639372155,"volume":"0.03330080","buyTxId":"5c1d9866a81b1e6be9c68f3071db8cd0288539b3","sellTxId":"5bd702013ca241d28261f2a4bcc0ead07d35f9dc"}
{"index": {"_index":"spt","_id":"2263907"}}
	{"id":2263907,"type":"sell","buyer":"granddaddies","seller":"vitoragnelli","symbol":"SPT","quantity":"1000.000000","price":"0.00333008","timestamp":1639375041,"volume":"3.33008000","buyTxId":"5c1d9866a81b1e6be9c68f3071db8cd0288539b3","sellTxId":"5427d1a3c8084c45bffc7867e7a508f4c898055d"}
{"index": {"_index":"spt","_id":"2264087"}}
	{"id":2264087,"type":"sell","buyer":"druidsblood","seller":"khazrakh","symbol":"SPT","quantity":"149.292183","price":"0.00333007","timestamp":1639376337,"volume":"0.49715342","buyTxId":"0ae95646b14614859e5011c6998a151e381d2900","sellTxId":"7c1431d134e5cb40b200fd04584d8986afe097ce"}
{"index": {"_index":"spt","_id":"2264089"}}
	{"id":2264089,"type":"buy","buyer":"spirits4you","seller":"laundrywoman","symbol":"SPT","quantity":"620.677125","price":"0.00358997","timestamp":1639376346,"volume":"2.22821226","buyTxId":"2b895d6503ae87394ee7e93b1450b298584dd6cf","sellTxId":"8d027bd07caefee6f8610d08d31491c0bac3623f"}
{"index": {"_index":"spt","_id":"2264280"}}
	{"id":2264280,"type":"sell","buyer":"druidsblood","seller":"mercurial9","symbol":"SPT","quantity":"294.558566","price":"0.00333007","timestamp":1639377633,"volume":"0.98090064","buyTxId":"0ae95646b14614859e5011c6998a151e381d2900","sellTxId":"7c690cb161c83131c24b49d11a20b7b6a7a10f65"}
{"index": {"_index":"spt","_id":"2264323"}}
	{"id":2264323,"type":"sell","buyer":"druidsblood","seller":"dhedge-drips","symbol":"SPT","quantity":"0.029026","price":"0.00333007","timestamp":1639377972,"volume":"0.00009666","buyTxId":"0ae95646b14614859e5011c6998a151e381d2900","sellTxId":"ed72bd1320a77bcc2916d9a6abbf34d5ba43e3d9"}
{"index": {"_index":"spt","_id":"2264460"}}
	{"id":2264460,"type":"sell","buyer":"druidsblood","seller":"chekohler","symbol":"SPT","quantity":"0.249803","price":"0.00333007","timestamp":1639378800,"volume":"0.00083186","buyTxId":"0ae95646b14614859e5011c6998a151e381d2900","sellTxId":"3288f683fa9605b0ba827bdd6b13a18dd249486c"}
{"index": {"_index":"spt","_id":"2264649"}}
	{"id":2264649,"type":"sell","buyer":"granddaddies","seller":"dswap","symbol":"SPT","quantity":"191.586989","price":"0.00333008","timestamp":1639380240,"volume":"0.63800000","buyTxId":"e8f53002616df7626d13fa9d4f91a49e29ff26bc","sellTxId":"a25b2e246463940ab0213d3fd99454c544aad010"}
{"index": {"_index":"spt","_id":"2264734"}}
	{"id":2264734,"type":"sell","buyer":"granddaddies","seller":"robmojo","symbol":"SPT","quantity":"1180.570562","price":"0.00333008","timestamp":1639380984,"volume":"3.93139442","buyTxId":"e8f53002616df7626d13fa9d4f91a49e29ff26bc","sellTxId":"e67954a654d49944501b8b85aa9a1a972e483b97"}
{"index": {"_index":"spt","_id":"2264778"}}
	{"id":2264778,"type":"buy","buyer":"barski","seller":"laundrywoman","symbol":"SPT","quantity":"822.000000","price":"0.00358997","timestamp":1639381557,"volume":"2.95095534","buyTxId":"d31e92e8b1db2e287af67d6bde2edd7866ae3995","sellTxId":"8d027bd07caefee6f8610d08d31491c0bac3623f"}
{"index": {"_index":"spt","_id":"2264809"}}
	{"id":2264809,"type":"buy","buyer":"beemd","seller":"laundrywoman","symbol":"SPT","quantity":"5279.000000","price":"0.00358997","timestamp":1639381938,"volume":"18.95145163","buyTxId":"e58c145428283cae37628b0705fd786fe087386e","sellTxId":"8d027bd07caefee6f8610d08d31491c0bac3623f"}
{"index": {"_index":"spt","_id":"2264899"}}
	{"id":2264899,"type":"buy","buyer":"barski","seller":"laundrywoman","symbol":"SPT","quantity":"170500.322875","price":"0.00358997","timestamp":1639382928,"volume":"612.09104411","buyTxId":"543403bee8589130db14371eaae081c55edf3977","sellTxId":"8d027bd07caefee6f8610d08d31491c0bac3623f"}
{"index": {"_index":"spt","_id":"2264909"}}
	{"id":2264909,"type":"buy","buyer":"barski","seller":"dhedge-drips","symbol":"SPT","quantity":"0.029026","price":"0.00358997","timestamp":1639382961,"volume":"0.00010420","buyTxId":"172ea21d05993a2abbee46c07169c8de93b35de7","sellTxId":"2686d88ecd3e3c77485ecdada3f49a719b1b581c"}
{"index": {"_index":"spt","_id":"2264910"}}
	{"id":2264910,"type":"buy","buyer":"barski","seller":"hmayak","symbol":"SPT","quantity":"2542.017572","price":"0.00358998","timestamp":1639382961,"volume":"9.12579224","buyTxId":"172ea21d05993a2abbee46c07169c8de93b35de7","sellTxId":"fb8fd3d653a1e97c59dbae6edd9c9b4e46cfc9e0"}
{"index": {"_index":"spt","_id":"2264911"}}
	{"id":2264911,"type":"buy","buyer":"barski","seller":"brofi-market","symbol":"SPT","quantity":"0.309620","price":"0.00358998","timestamp":1639382961,"volume":"0.00111153","buyTxId":"172ea21d05993a2abbee46c07169c8de93b35de7","sellTxId":"77b28fc668ff6fb98593ac4e3f7898e51cbe6c8b"}
{"index": {"_index":"spt","_id":"2264912"}}
	{"id":2264912,"type":"buy","buyer":"barski","seller":"brofi-market","symbol":"SPT","quantity":"0.161215","price":"0.00358999","timestamp":1639382961,"volume":"0.00057876","buyTxId":"172ea21d05993a2abbee46c07169c8de93b35de7","sellTxId":"5a4b3a72a75dd625260b5dafda9733df168e0c04"}
{"index": {"_index":"spt","_id":"2264913"}}
	{"id":2264913,"type":"buy","buyer":"barski","seller":"brofi-market","symbol":"SPT","quantity":"3.437893","price":"0.00358999","timestamp":1639382961,"volume":"0.01234200","buyTxId":"172ea21d05993a2abbee46c07169c8de93b35de7","sellTxId":"7ae0b02478209adf004a7cade22580162723d49d"}
{"index": {"_index":"spt","_id":"2264914"}}
	{"id":2264914,"type":"buy","buyer":"barski","seller":"dhedge-drips","symbol":"SPT","quantity":"0.024948","price":"0.00358999","timestamp":1639382961,"volume":"0.00008956","buyTxId":"172ea21d05993a2abbee46c07169c8de93b35de7","sellTxId":"720f501f065c3fcc2c41617d952861fc94add804"}
{"index": {"_index":"spt","_id":"2264915"}}
	{"id":2264915,"type":"buy","buyer":"barski","seller":"mastergerund","symbol":"SPT","quantity":"471.019726","price":"0.00359000","timestamp":1639382961,"volume":"1.69096082","buyTxId":"172ea21d05993a2abbee46c07169c8de93b35de7","sellTxId":"71f992311dc09a8b839c1cd6daf3303c31fb4093"}
{"index": {"_index":"spt","_id":"2264938"}}
	{"id":2264938,"type":"sell","buyer":"granddaddies","seller":"brofi-market","symbol":"SPT","quantity":"0.040558","price":"0.00333008","timestamp":1639383093,"volume":"0.00013506","buyTxId":"e8f53002616df7626d13fa9d4f91a49e29ff26bc","sellTxId":"dff3a29e36533dc0e95a3152c6766d59f050a233"}
{"index": {"_index":"spt","_id":"2265089"}}
	{"id":2265089,"type":"sell","buyer":"granddaddies","seller":"eforucom","symbol":"SPT","quantity":"6.186155","price":"0.00333008","timestamp":1639384299,"volume":"0.02060039","buyTxId":"e8f53002616df7626d13fa9d4f91a49e29ff26bc","sellTxId":"b8e5083507cacbb5a86b2f5b9fd6ad4e422d08ed"}
{"index": {"_index":"spt","_id":"2265329"}}
	{"id":2265329,"type":"sell","buyer":"granddaddies","seller":"chekohler","symbol":"SPT","quantity":"0.121942","price":"0.00333008","timestamp":1639386291,"volume":"0.00040608","buyTxId":"e8f53002616df7626d13fa9d4f91a49e29ff26bc","sellTxId":"cf03edbfdfc4064be573503e0d9c98da3069fa9b"}
{"index": {"_index":"spt","_id":"2265423"}}
	{"id":2265423,"type":"sell","buyer":"granddaddies","seller":"felipejoys","symbol":"SPT","quantity":"2013.000000","price":"0.00333008","timestamp":1639387122,"volume":"6.70345104","buyTxId":"e8f53002616df7626d13fa9d4f91a49e29ff26bc","sellTxId":"3d5eb70dd9dfd1e20f9c0ceaeaeac74cdd4e07d8"}
{"index": {"_index":"spt","_id":"2265504"}}
	{"id":2265504,"type":"sell","buyer":"granddaddies","seller":"dswap","symbol":"SPT","quantity":"10","price":"0.00333008","timestamp":1639387821,"volume":"0.03330080","buyTxId":"8431cc8fe41afed27b1595bbc41df90fc24796a0","sellTxId":"8d91c7232ff2432a0c8ea529de34965347fab647"}
{"index": {"_index":"spt","_id":"2265546"}}
	{"id":2265546,"type":"buy","buyer":"uthantzin","seller":"brofi-market","symbol":"SPT","quantity":"0.040558","price":"0.00358997","timestamp":1639388169,"volume":"0.00014560","buyTxId":"89db08a5e6281567036c53099e1819a915635480","sellTxId":"c3628d0e1a712ae27ebd5f8d99e5fbb634c06ee2"}
{"index": {"_index":"spt","_id":"2265547"}}
	{"id":2265547,"type":"buy","buyer":"uthantzin","seller":"laundrywoman","symbol":"SPT","quantity":"278.511750","price":"0.00358999","timestamp":1639388169,"volume":"0.99985440","buyTxId":"89db08a5e6281567036c53099e1819a915635480","sellTxId":"89e2640dee71cb0f1f55e05082d9beb59d52a94a"}
{"index": {"_index":"spt","_id":"2265554"}}
	{"id":2265554,"type":"buy","buyer":"captainquack22","seller":"laundrywoman","symbol":"SPT","quantity":"557.104615","price":"0.00358999","timestamp":1639388301,"volume":"2","buyTxId":"c3882218e5361ea73db5353c22dd9de0633b9ef1","sellTxId":"89e2640dee71cb0f1f55e05082d9beb59d52a94a"}
{"index": {"_index":"spt","_id":"2265577"}}
	{"id":2265577,"type":"sell","buyer":"granddaddies","seller":"legend96","symbol":"SPT","quantity":"87.870580","price":"0.00333008","timestamp":1639388436,"volume":"0.29261606","buyTxId":"8431cc8fe41afed27b1595bbc41df90fc24796a0","sellTxId":"b555bdf0eed4a8b6034cb87bd3e02dc1b8bdaa5b"}
{"index": {"_index":"spt","_id":"2265668"}}
	{"id":2265668,"type":"sell","buyer":"granddaddies","seller":"dswap","symbol":"SPT","quantity":"0.259406","price":"0.00333008","timestamp":1639389207,"volume":"0.00086384","buyTxId":"8431cc8fe41afed27b1595bbc41df90fc24796a0","sellTxId":"2e56d33cd4d0a331e8bace625bce22d75d90c1e6"}
{"index": {"_index":"spt","_id":"2265683"}}
	{"id":2265683,"type":"sell","buyer":"granddaddies","seller":"socialmediaseo","symbol":"SPT","quantity":"3000.000000","price":"0.00333008","timestamp":1639389327,"volume":"9.99024000","buyTxId":"8431cc8fe41afed27b1595bbc41df90fc24796a0","sellTxId":"f6ff401ca127707dac779e1dd45ae6b2621d9cb2"}
{"index": {"_index":"spt","_id":"2265771"}}
	{"id":2265771,"type":"sell","buyer":"granddaddies","seller":"mobilenoobs","symbol":"SPT","quantity":"2584.061152","price":"0.00333008","timestamp":1639389768,"volume":"8.60513036","buyTxId":"8431cc8fe41afed27b1595bbc41df90fc24796a0","sellTxId":"bbae71c08604c332f003baa708b840fe502da17d"}
{"index": {"_index":"spt","_id":"2265901"}}
	{"id":2265901,"type":"sell","buyer":"granddaddies","seller":"master-lamps","symbol":"SPT","quantity":"3.795055","price":"0.00333008","timestamp":1639391070,"volume":"0.01263784","buyTxId":"8431cc8fe41afed27b1595bbc41df90fc24796a0","sellTxId":"bf2e4ab235cfc26321bfadde0d01da0d5e7419ce"}
{"index": {"_index":"spt","_id":"2266038"}}
	{"id":2266038,"type":"buy","buyer":"evernoticethat","seller":"laundrywoman","symbol":"SPT","quantity":"130.639851","price":"0.00358999","timestamp":1639392291,"volume":"0.46899576","buyTxId":"7d3f5a0bc89482ac1bad122cd382a35a6cb06876","sellTxId":"89e2640dee71cb0f1f55e05082d9beb59d52a94a"}
{"index": {"_index":"spt","_id":"2266042"}}
	{"id":2266042,"type":"buy","buyer":"barski","seller":"laundrywoman","symbol":"SPT","quantity":"100103.000000","price":"0.00358999","timestamp":1639392336,"volume":"359.36876897","buyTxId":"b846583a79633cf2a9ff830a63a3c482f5aefdbd","sellTxId":"89e2640dee71cb0f1f55e05082d9beb59d52a94a"}
{"index": {"_index":"spt","_id":"2266372"}}
	{"id":2266372,"type":"buy","buyer":"dswap","seller":"laundrywoman","symbol":"SPT","quantity":"100.983467","price":"0.00358999","timestamp":1639394934,"volume":"0.36252964","buyTxId":"ae93d16f821147cf1ed74c78d10c9342a211e5d8","sellTxId":"89e2640dee71cb0f1f55e05082d9beb59d52a94a"}
{"index": {"_index":"spt","_id":"2266706"}}
	{"id":2266706,"type":"sell","buyer":"granddaddies","seller":"brofi-market","symbol":"SPT","quantity":"0.154873","price":"0.00333008","timestamp":1639397658,"volume":"0.00051574","buyTxId":"8431cc8fe41afed27b1595bbc41df90fc24796a0","sellTxId":"f1375d48e66fa1f72f63ad90ccf43f786347008f"}
{"index": {"_index":"spt","_id":"2266743"}}
	{"id":2266743,"type":"buy","buyer":"dswap","seller":"laundrywoman","symbol":"SPT","quantity":"307.291575","price":"0.00356999","timestamp":1639397868,"volume":"1.09702785","buyTxId":"f43b6c2b15f2d57e08a65bb13dbe684d2e3af718","sellTxId":"d506fe6183eb6e04356584d8bed62114708c4051"}
{"index": {"_index":"spt","_id":"2266826"}}
	{"id":2266826,"type":"buy","buyer":"jesterago","seller":"laundrywoman","symbol":"SPT","quantity":"69659.000000","price":"0.00356999","timestamp":1639398324,"volume":"248.68193341","buyTxId":"9a1c285a763598a4a5757a7ce17144f9255bfca7","sellTxId":"d506fe6183eb6e04356584d8bed62114708c4051"}
{"index": {"_index":"spt","_id":"2266835"}}
	{"id":2266835,"type":"buy","buyer":"dswap","seller":"laundrywoman","symbol":"SPT","quantity":"138.882741","price":"0.00356999","timestamp":1639398366,"volume":"0.49581000","buyTxId":"e2af2a335dd457c8897a5bdf8a6d2256f3abaf89","sellTxId":"d506fe6183eb6e04356584d8bed62114708c4051"}
{"index": {"_index":"spt","_id":"2266973"}}
	{"id":2266973,"type":"sell","buyer":"granddaddies","seller":"dhedge-drips","symbol":"SPT","quantity":"0.018321","price":"0.00333008","timestamp":1639399578,"volume":"0.00006101","buyTxId":"8431cc8fe41afed27b1595bbc41df90fc24796a0","sellTxId":"524a1a9824996046113a3a0c1ba708a3acd2e1eb"}
{"index": {"_index":"spt","_id":"2267476"}}
	{"id":2267476,"type":"sell","buyer":"muzehan","seller":"saachi","symbol":"SPT","quantity":"1000.000000","price":"0.00350000","timestamp":1639403070,"volume":"3.50000000","buyTxId":"e2551a22eda5e8a1de1ddb690a8d9775fa042039","sellTxId":"6a0b46c838088705702e4003618d3febb55a0353"}
{"index": {"_index":"spt","_id":"2267594"}}
	{"id":2267594,"type":"buy","buyer":"arbys","seller":"saachi","symbol":"SPT","quantity":"6000.000000","price":"0.00350000","timestamp":1639404078,"volume":"21.00000000","buyTxId":"d0e724818113a323dc8786c4d450f134142a8f2a","sellTxId":"6a0b46c838088705702e4003618d3febb55a0353"}
{"index": {"_index":"spt","_id":"2267625"}}
	{"id":2267625,"type":"sell","buyer":"granddaddies","seller":"mathfb","symbol":"SPT","quantity":"1399.019971","price":"0.00345001","timestamp":1639404381,"volume":"4.82663289","buyTxId":"d510d66c843003ae9fe87826fc3959db4f9926ee","sellTxId":"ffa67baac0ef924de75856c4b73b79a442416918"}
{"index": {"_index":"spt","_id":"2267723"}}
	{"id":2267723,"type":"sell","buyer":"granddaddies","seller":"aweee","symbol":"SPT","quantity":"24.480624","price":"0.00345001","timestamp":1639405107,"volume":"0.08445840","buyTxId":"65abd7e776b1ce011107ca8719f5bad7ef51ca22","sellTxId":"67f48fbe813c2f65c0376235f66a0682a122ee21"}
{"index": {"_index":"spt","_id":"2267727"}}
	{"id":2267727,"type":"sell","buyer":"granddaddies","seller":"luthien12","symbol":"SPT","quantity":"697.303015","price":"0.00345001","timestamp":1639405137,"volume":"2.40570237","buyTxId":"65abd7e776b1ce011107ca8719f5bad7ef51ca22","sellTxId":"6b3b48a0e892baabb8829e7192371a3b26ae642b"}
{"index": {"_index":"spt","_id":"2267904"}}
	{"id":2267904,"type":"sell","buyer":"granddaddies","seller":"yayogerardo","symbol":"SPT","quantity":"15.136319","price":"0.00345001","timestamp":1639406184,"volume":"0.05222045","buyTxId":"65abd7e776b1ce011107ca8719f5bad7ef51ca22","sellTxId":"00608e180a99e173a4deba3203a9d45bf824f303"}
{"index": {"_index":"spt","_id":"2267975"}}
	{"id":2267975,"type":"buy","buyer":"captaincryptic","seller":"brofi-market","symbol":"SPT","quantity":"0.154873","price":"0.00356999","timestamp":1639406790,"volume":"0.00055290","buyTxId":"d8e9b8c3b3e0428df19a2cfe5ea1eaa169485599","sellTxId":"2d96cd8c903eecef4dc0072f4d5b980cb52020cb"}
{"index": {"_index":"spt","_id":"2267976"}}
	{"id":2267976,"type":"buy","buyer":"captaincryptic","seller":"dhedge-drips","symbol":"SPT","quantity":"0.018321","price":"0.00356999","timestamp":1639406790,"volume":"0.00006541","buyTxId":"d8e9b8c3b3e0428df19a2cfe5ea1eaa169485599","sellTxId":"19ad207033a779463002b6d2faae68116ad74196"}
{"index": {"_index":"spt","_id":"2267977"}}
	{"id":2267977,"type":"buy","buyer":"captaincryptic","seller":"koreaminer","symbol":"SPT","quantity":"569.726900","price":"0.00357000","timestamp":1639406790,"volume":"2.03392503","buyTxId":"d8e9b8c3b3e0428df19a2cfe5ea1eaa169485599","sellTxId":"ae6fc5972c1127dc70046e80a319d5ba3875e69f"}
{"index": {"_index":"spt","_id":"2267978"}}
	{"id":2267978,"type":"buy","buyer":"captaincryptic","seller":"goyoxdz","symbol":"SPT","quantity":"1.266527","price":"0.00357000","timestamp":1639406790,"volume":"0.00452150","buyTxId":"d8e9b8c3b3e0428df19a2cfe5ea1eaa169485599","sellTxId":"f9323e4e82ec5a3cd049582c20dbc97b6aabe159"}
{"index": {"_index":"spt","_id":"2267979"}}
	{"id":2267979,"type":"buy","buyer":"captaincryptic","seller":"mastergerund","symbol":"SPT","quantity":"4428.833379","price":"0.00359000","timestamp":1639406790,"volume":"15.89951183","buyTxId":"d8e9b8c3b3e0428df19a2cfe5ea1eaa169485599","sellTxId":"71f992311dc09a8b839c1cd6daf3303c31fb4093"}
{"index": {"_index":"spt","_id":"2268080"}}
	{"id":2268080,"type":"sell","buyer":"captaindingus","seller":"theclasser1","symbol":"SPT","quantity":"113.579613","price":"0.00350000","timestamp":1639407444,"volume":"0.39752865","buyTxId":"0110609129755bfade7004afb22dcfa82cf9a58d","sellTxId":"2a944654c0b04e580896061ca1e5efcca0bdebf2"}
{"index": {"_index":"spt","_id":"2268091"}}
	{"id":2268091,"type":"sell","buyer":"granddaddies","seller":"josediccus","symbol":"SPT","quantity":"85.230352","price":"0.00350001","timestamp":1639407501,"volume":"0.29830708","buyTxId":"bb5795008b98f1e868d2c165dcd61e12ae437e69","sellTxId":"64923823966c50d0caaef4760e4e4e3d1254bcf4"}
{"index": {"_index":"spt","_id":"2268127"}}
	{"id":2268127,"type":"sell","buyer":"granddaddies","seller":"vovan8","symbol":"SPT","quantity":"127.776006","price":"0.00350001","timestamp":1639407828,"volume":"0.44721730","buyTxId":"bb5795008b98f1e868d2c165dcd61e12ae437e69","sellTxId":"a9dd237b6e576aaee60f3468a396a0f504c1708e"}
{"index": {"_index":"spt","_id":"2268346"}}
	{"id":2268346,"type":"sell","buyer":"captaindingus","seller":"reward.app","symbol":"SPT","quantity":"237.962362","price":"0.00350000","timestamp":1639409130,"volume":"0.83286826","buyTxId":"0110609129755bfade7004afb22dcfa82cf9a58d","sellTxId":"f587f5026a57030b3e9c20682c8d70fca37332d3"}
{"index": {"_index":"spt","_id":"2268347"}}
	{"id":2268347,"type":"sell","buyer":"granddaddies","seller":"reward.app","symbol":"SPT","quantity":"7148.481172","price":"0.00345001","timestamp":1639409130,"volume":"24.66233153","buyTxId":"1832509641a4d9d78e34a7e3209d64ef966de745","sellTxId":"f587f5026a57030b3e9c20682c8d70fca37332d3"}
{"index": {"_index":"spt","_id":"2268446"}}
	{"id":2268446,"type":"sell","buyer":"granddaddies","seller":"road2horizon","symbol":"SPT","quantity":"4000.000000","price":"0.00345001","timestamp":1639409589,"volume":"13.80004000","buyTxId":"1832509641a4d9d78e34a7e3209d64ef966de745","sellTxId":"4de102c13f3f0af3ef23a9e0d76bbb78798ebb67"}
{"index": {"_index":"spt","_id":"2268457"}}
	{"id":2268457,"type":"sell","buyer":"granddaddies","seller":"pogier","symbol":"SPT","quantity":"1250.000000","price":"0.00345001","timestamp":1639409619,"volume":"4.31251250","buyTxId":"1832509641a4d9d78e34a7e3209d64ef966de745","sellTxId":"fa9a23921ac4e9c81c08863c56fdf9b1680b59f9"}
{"index": {"_index":"spt","_id":"2268973"}}
	{"id":2268973,"type":"sell","buyer":"granddaddies","seller":"brofi-market","symbol":"SPT","quantity":"0.287609","price":"0.00345001","timestamp":1639412010,"volume":"0.00099225","buyTxId":"1832509641a4d9d78e34a7e3209d64ef966de745","sellTxId":"cc7bf005be4606d7ce99de4c90f8edbf36874d85"}
{"index": {"_index":"spt","_id":"2269379"}}
	{"id":2269379,"type":"buy","buyer":"samarek69","seller":"pogier","symbol":"SPT","quantity":"149.915430","price":"0.00355000","timestamp":1639413672,"volume":"0.53219978","buyTxId":"6cf64548c549321eacce4c854f34a08b00459e3d","sellTxId":"e553833d340b1d019c03770f09ac1a25c0b70432"}
{"index": {"_index":"spt","_id":"2269728"}}
	{"id":2269728,"type":"sell","buyer":"granddaddies","seller":"eforucom","symbol":"SPT","quantity":"19.052161","price":"0.00345001","timestamp":1639415313,"volume":"0.06573015","buyTxId":"c234d115914b0b31b6d2f6ac6f1982b92672f18f","sellTxId":"b7ac3b6f2a8750c54241929ced095feb0dd8126a"}
{"index": {"_index":"spt","_id":"2269745"}}
	{"id":2269745,"type":"sell","buyer":"muzehan","seller":"hiveexplorers","symbol":"SPT","quantity":"431.360829","price":"0.00345000","timestamp":1639415364,"volume":"1.48819486","buyTxId":"418811cf0cd188b0fbdb065b98d0d9d76a7798c3","sellTxId":"b33dedc6f0dd77055539ac5f5cd96781c94f7815"}
{"index": {"_index":"spt","_id":"2270124"}}
	{"id":2270124,"type":"sell","buyer":"granddaddies","seller":"carlosro","symbol":"SPT","quantity":"1364.787261","price":"0.00345001","timestamp":1639417245,"volume":"4.70852970","buyTxId":"a01d3afcccdf9898724f358dfcd5ad25d186aadd","sellTxId":"527a79530bf6657a64fb4e18f9616d6a5f604460"}
{"index": {"_index":"spt","_id":"2270286"}}
	{"id":2270286,"type":"buy","buyer":"ahmetay","seller":"pogier","symbol":"SPT","quantity":"1463.731371","price":"0.00355000","timestamp":1639418385,"volume":"5.19624637","buyTxId":"0f64576f907ebb94be96722bd2e3156ddf0a6fe7","sellTxId":"e553833d340b1d019c03770f09ac1a25c0b70432"}
{"index": {"_index":"spt","_id":"2270287"}}
	{"id":2270287,"type":"buy","buyer":"ahmetay","seller":"brofi-market","symbol":"SPT","quantity":"0.287609","price":"0.00355000","timestamp":1639418385,"volume":"0.00102101","buyTxId":"0f64576f907ebb94be96722bd2e3156ddf0a6fe7","sellTxId":"d9838a22ba426e098b47ef09d9050260341075a9"}
{"index": {"_index":"spt","_id":"2270409"}}
	{"id":2270409,"type":"buy","buyer":"dracozauberer","seller":"kojiri","symbol":"SPT","quantity":"279.329608","price":"0.00358000","timestamp":1639419264,"volume":"1","buyTxId":"a5ee92d81097f75822b57360a7e2780f5d625af1","sellTxId":"84972e9ce2ae04b363ff2f449673dad0accfb31a"}
{"index": {"_index":"spt","_id":"2270593"}}
	{"id":2270593,"type":"sell","buyer":"granddaddies","seller":"elricmoonslayer","symbol":"SPT","quantity":"0.207099","price":"0.00345001","timestamp":1639420779,"volume":"0.00071449","buyTxId":"a01d3afcccdf9898724f358dfcd5ad25d186aadd","sellTxId":"494434b2db1fd9451f796291d047be966fe64bce"}
{"index": {"_index":"spt","_id":"2270642"}}
	{"id":2270642,"type":"sell","buyer":"granddaddies","seller":"dhedge-drips","symbol":"SPT","quantity":"0.026963","price":"0.00345001","timestamp":1639421160,"volume":"0.00009302","buyTxId":"a01d3afcccdf9898724f358dfcd5ad25d186aadd","sellTxId":"2530787eebac0c78bb4b73e1b99797d3eb24d16b"}
{"index": {"_index":"spt","_id":"2270700"}}
	{"id":2270700,"type":"sell","buyer":"granddaddies","seller":"shauner","symbol":"SPT","quantity":"3006.184655","price":"0.00345001","timestamp":1639421379,"volume":"10.37136712","buyTxId":"a01d3afcccdf9898724f358dfcd5ad25d186aadd","sellTxId":"47370539d489dc6fceb16ecdecc1e37315c60481"}
{"index": {"_index":"spt","_id":"2270769"}}
	{"id":2270769,"type":"sell","buyer":"granddaddies","seller":"elricmoonslayer","symbol":"SPT","quantity":"42.040293","price":"0.00345001","timestamp":1639421688,"volume":"0.14503943","buyTxId":"a01d3afcccdf9898724f358dfcd5ad25d186aadd","sellTxId":"213e6e95e15e0191dd329b570a5e5168a86b93cc"}
{"index": {"_index":"spt","_id":"2270901"}}
	{"id":2270901,"type":"sell","buyer":"granddaddies","seller":"sentipl","symbol":"SPT","quantity":"464.372432","price":"0.00345001","timestamp":1639422843,"volume":"1.60208953","buyTxId":"a01d3afcccdf9898724f358dfcd5ad25d186aadd","sellTxId":"91363cf10abd78e986d5e0e9a2f4b508e42735e1"}
{"index": {"_index":"spt","_id":"2271252"}}
	{"id":2271252,"type":"sell","buyer":"granddaddies","seller":"urun","symbol":"SPT","quantity":"36.303151","price":"0.00345001","timestamp":1639425027,"volume":"0.12524623","buyTxId":"66c7f66d815addfc1bb1adbcab81e5eeafd92429","sellTxId":"ef55041d2d1e8d91691252e0c5da3aa6d871f8a7"}
{"index": {"_index":"spt","_id":"2271365"}}
	{"id":2271365,"type":"sell","buyer":"muzehan","seller":"hiveexplorers","symbol":"SPT","quantity":"39.460223","price":"0.00345000","timestamp":1639426035,"volume":"0.13613777","buyTxId":"418811cf0cd188b0fbdb065b98d0d9d76a7798c3","sellTxId":"103356697dc269a7a78e149f2021531bf1b2d775"}
{"index": {"_index":"spt","_id":"2271415"}}
	{"id":2271415,"type":"sell","buyer":"muzehan","seller":"brofi-market","symbol":"SPT","quantity":"0.185286","price":"0.00345000","timestamp":1639426368,"volume":"0.00063924","buyTxId":"418811cf0cd188b0fbdb065b98d0d9d76a7798c3","sellTxId":"971622ecb4a01c2c4363d70f68bf828947f0b558"}
{"index": {"_index":"spt","_id":"2271446"}}
	{"id":2271446,"type":"sell","buyer":"muzehan","seller":"chekohler","symbol":"SPT","quantity":"0.279365","price":"0.00345000","timestamp":1639426548,"volume":"0.00096381","buyTxId":"418811cf0cd188b0fbdb065b98d0d9d76a7798c3","sellTxId":"df3fb3e8cdec0cea285f7dd2fad62619bb2a852c"}
{"index": {"_index":"spt","_id":"2271506"}}
	{"id":2271506,"type":"buy","buyer":"jongolson","seller":"kojiri","symbol":"SPT","quantity":"660.670392","price":"0.00358000","timestamp":1639427136,"volume":"2.36520000","buyTxId":"d38debe25f10346b84add1b85400b4b90759e1b4","sellTxId":"84972e9ce2ae04b363ff2f449673dad0accfb31a"}
{"index": {"_index":"spt","_id":"2271507"}}
	{"id":2271507,"type":"buy","buyer":"jongolson","seller":"dhedge-drips","symbol":"SPT","quantity":"0.026963","price":"0.00358000","timestamp":1639427136,"volume":"0.00009653","buyTxId":"d38debe25f10346b84add1b85400b4b90759e1b4","sellTxId":"e7946624a0d3e7349fcaa1f5f97d69c9201ebc84"}
{"index": {"_index":"spt","_id":"2271508"}}
	{"id":2271508,"type":"buy","buyer":"jongolson","seller":"brofi-market","symbol":"SPT","quantity":"0.185286","price":"0.00358000","timestamp":1639427136,"volume":"0.00066332","buyTxId":"d38debe25f10346b84add1b85400b4b90759e1b4","sellTxId":"cbe747a759e8f954e5e08ec84cdad9f147f4d923"}
{"index": {"_index":"spt","_id":"2271509"}}
	{"id":2271509,"type":"buy","buyer":"jongolson","seller":"laundrywoman","symbol":"SPT","quantity":"339.117359","price":"0.00358999","timestamp":1639427136,"volume":"1.21742793","buyTxId":"d38debe25f10346b84add1b85400b4b90759e1b4","sellTxId":"d273af8d1905953cb7f508c90683c9cde0e05685"}
{"index": {"_index":"spt","_id":"2272172"}}
	{"id":2272172,"type":"buy","buyer":"godhatesusall","seller":"chubb149","symbol":"SPT","quantity":"94.793303","price":"0.00350000","timestamp":1639433487,"volume":"0.33177656","buyTxId":"51abf0377a5d390e6796d66292511fa1559a9742","sellTxId":"d212e74781790929d9ac550e5864d89fc512f8c8"}
{"index": {"_index":"spt","_id":"2272223"}}
	{"id":2272223,"type":"buy","buyer":"bulkathos","seller":"chubb149","symbol":"SPT","quantity":"595.547694","price":"0.00350000","timestamp":1639433805,"volume":"2.08441693","buyTxId":"56d24821797da8863269b2b408e023955909ddfc","sellTxId":"d212e74781790929d9ac550e5864d89fc512f8c8"}
{"index": {"_index":"spt","_id":"2272700"}}
	{"id":2272700,"type":"sell","buyer":"muzehan","seller":"zakludick","symbol":"SPT","quantity":"2.177417","price":"0.00345000","timestamp":1639438221,"volume":"0.00751209","buyTxId":"418811cf0cd188b0fbdb065b98d0d9d76a7798c3","sellTxId":"c6f8df9624bb31ca96dbaf1185a6d75be251a518"}
{"index": {"_index":"spt","_id":"2272781"}}
	{"id":2272781,"type":"sell","buyer":"muzehan","seller":"walkingkeys","symbol":"SPT","quantity":"259.052141","price":"0.00345000","timestamp":1639438770,"volume":"0.89372989","buyTxId":"418811cf0cd188b0fbdb065b98d0d9d76a7798c3","sellTxId":"2c8b6d8a0b671c3d329fa44864a0f972fc4ee1e1"}
{"index": {"_index":"spt","_id":"2273001"}}
	{"id":2273001,"type":"buy","buyer":"jakkal","seller":"chubb149","symbol":"SPT","quantity":"30.000000","price":"0.00350000","timestamp":1639440888,"volume":"0.10500000","buyTxId":"9518c1da6c667fb26fea392d4bbdbef9cd6e46c0","sellTxId":"d212e74781790929d9ac550e5864d89fc512f8c8"}
{"index": {"_index":"spt","_id":"2273011"}}
	{"id":2273011,"type":"sell","buyer":"muzehan","seller":"brofi-market","symbol":"SPT","quantity":"2.633470","price":"0.00345000","timestamp":1639440936,"volume":"0.00908547","buyTxId":"418811cf0cd188b0fbdb065b98d0d9d76a7798c3","sellTxId":"daf6b8066f516ec14cade283c3cdcce2edb10f66"}
{"index": {"_index":"spt","_id":"2273209"}}
	{"id":2273209,"type":"sell","buyer":"granddaddies","seller":"dhedge-drips","symbol":"SPT","quantity":"0.023508","price":"0.00345001","timestamp":1639442784,"volume":"0.00008110","buyTxId":"5eef1ed39c011e2b84383b8a15599241f3bbfdcb","sellTxId":"3a1c6a94222842502241d1499f0d496685f369f4"}
{"index": {"_index":"spt","_id":"2273419"}}
	{"id":2273419,"type":"sell","buyer":"granddaddies","seller":"chris.topher","symbol":"SPT","quantity":"980.907677","price":"0.00345001","timestamp":1639444317,"volume":"3.38414129","buyTxId":"5db51b16f31178c32b5a398f9c0cb025c6bb73f5","sellTxId":"66bda0d0ed756508c766ea97f21c7b10d44f8226"}
{"index": {"_index":"spt","_id":"2273523"}}
	{"id":2273523,"type":"sell","buyer":"granddaddies","seller":"steem82868","symbol":"SPT","quantity":"1.628134","price":"0.00345001","timestamp":1639445544,"volume":"0.00561708","buyTxId":"0ac80d5cc8df86c35ae47c134538e7d00502bf39","sellTxId":"8315a3c96bad1f4015cf700eed6fab6b8fe95972"}
{"index": {"_index":"spt","_id":"2273555"}}
	{"id":2273555,"type":"sell","buyer":"granddaddies","seller":"mba2020","symbol":"SPT","quantity":"60.228929","price":"0.00345001","timestamp":1639445994,"volume":"0.20779041","buyTxId":"0ac80d5cc8df86c35ae47c134538e7d00502bf39","sellTxId":"e0c7d29002e48390d565b092138961675ee96f1c"}
{"index": {"_index":"spt","_id":"2273728"}}
	{"id":2273728,"type":"sell","buyer":"granddaddies","seller":"hiveexplorers","symbol":"SPT","quantity":"146.092909","price":"0.00345001","timestamp":1639447131,"volume":"0.50402200","buyTxId":"0ac80d5cc8df86c35ae47c134538e7d00502bf39","sellTxId":"9691b67931086921c1ac1dfccba37763ed7a8352"}
{"index": {"_index":"spt","_id":"2273753"}}
	{"id":2273753,"type":"sell","buyer":"granddaddies","seller":"chireerocks","symbol":"SPT","quantity":"314.689970","price":"0.00345001","timestamp":1639447356,"volume":"1.08568354","buyTxId":"0ac80d5cc8df86c35ae47c134538e7d00502bf39","sellTxId":"0bf8d6055c41d66310fecde868a352a817f534e2"}
{"index": {"_index":"spt","_id":"2274126"}}
	{"id":2274126,"type":"sell","buyer":"granddaddies","seller":"eforucom","symbol":"SPT","quantity":"11.866737","price":"0.00345001","timestamp":1639450632,"volume":"0.04094036","buyTxId":"0ac80d5cc8df86c35ae47c134538e7d00502bf39","sellTxId":"53f275874448aa047d5ac83c0417c513e424c1fb"}
{"index": {"_index":"spt","_id":"2274186"}}
	{"id":2274186,"type":"sell","buyer":"granddaddies","seller":"hiveexplorers","symbol":"SPT","quantity":"96.272589","price":"0.00345001","timestamp":1639451166,"volume":"0.33214139","buyTxId":"0ac80d5cc8df86c35ae47c134538e7d00502bf39","sellTxId":"c3315f9cdb1fc2b6222938e50b8e6ffc2afdc82c"}
{"index": {"_index":"spt","_id":"2274397"}}
	{"id":2274397,"type":"sell","buyer":"granddaddies","seller":"mercurial9","symbol":"SPT","quantity":"773.822189","price":"0.00345001","timestamp":1639453374,"volume":"2.66969429","buyTxId":"0ac80d5cc8df86c35ae47c134538e7d00502bf39","sellTxId":"09e6e705f18753604be6ea3ff4fa37bd124e8700"}
{"index": {"_index":"spt","_id":"2274435"}}
	{"id":2274435,"type":"sell","buyer":"granddaddies","seller":"goldcoin","symbol":"SPT","quantity":"0.584583","price":"0.00345001","timestamp":1639453605,"volume":"0.00201682","buyTxId":"0ac80d5cc8df86c35ae47c134538e7d00502bf39","sellTxId":"9c99bb59b30365bdcdd2ae5fdf03ae9fe2bf1de7"}
