{"id":4786777,"type":"sell","buyer":"mcbot","seller":"themarkymark","symbol":"SPT","quantity":"8.455902","price":"0.00054001","timestamp":1668495090,"volume":"0.00456627","buyTxId":"8ef9011abbd6275b7b9b43b8f23a06a3598a2e55-1","sellTxId":"10bb6e7881d9ec3417c558b5a447d147e9c50423"}
{"id":4787368,"type":"sell","buyer":"mcbot","seller":"mango-juice","symbol":"SPT","quantity":"1508.936535","price":"0.00054001","timestamp":1668503187,"volume":"0.81484082","buyTxId":"c8d52e55726c34ee165822f233b589e3c1912001-1","sellTxId":"d6983b4952c0d91fa23df7b052a33b58b0fc6691"}
{"id":4787577,"type":"sell","buyer":"mcbot","seller":"alexandrzombi","symbol":"SPT","quantity":"0.223375","price":"0.00054001","timestamp":1668504675,"volume":"0.00012062","buyTxId":"52b087f6f46c77804795a7254d545b971cd28505-1","sellTxId":"a161aba19359ed85347eb00955ed405f0ae8cf8d"}
{"id":4787955,"type":"sell","buyer":"mcbot","seller":"metronet","symbol":"SPT","quantity":"2.638307","price":"0.00054001","timestamp":1668508017,"volume":"0.00142471","buyTxId":"db07eb45d31b4beaf9a2659e5d97f330eb0247e8-1","sellTxId":"b6cbdf529cd64b1b550b23f35239bc0da605c216"}
{"id":4788004,"type":"sell","buyer":"mcbot","seller":"mr50","symbol":"SPT","quantity":"0.003887","price":"0.00054001","timestamp":1668508503,"volume":"0.00000210","buyTxId":"0936a26863c2ab626edb7d07d73cfbef9c522510-1","sellTxId":"d390afe7b83ba879f999bbdd387e4d1bf7a012f4"}
{"id":4788106,"type":"sell","buyer":"mcbot","seller":"heruvim1978","symbol":"SPT","quantity":"19.446286","price":"0.00054001","timestamp":1668509295,"volume":"0.01050119","buyTxId":"578cedc0dbe008eb5e5b69739086773ea68f6fca-1","sellTxId":"c4b0aaf8958a0858f8a13fe6270ee18899cc2492"}
{"id":4788723,"type":"sell","buyer":"mcbot","seller":"samarek69","symbol":"SPT","quantity":"1.038300","price":"0.00054001","timestamp":1668514275,"volume":"0.00056069","buyTxId":"a5fb1d2e552819c6abca475335ee161c032e2ad6-1","sellTxId":"9b09d54023fe9d045b60d8e6cbe43871b6bb3e2b"}
{"id":4788752,"type":"sell","buyer":"mcbot","seller":"gadrian","symbol":"SPT","quantity":"256.959057","price":"0.00054001","timestamp":1668514476,"volume":"0.13876046","buyTxId":"a5fb1d2e552819c6abca475335ee161c032e2ad6-1","sellTxId":"20e8a12bb98ac8b62de1040aec02ae7517a12418"}
{"id":4789083,"type":"buy","buyer":"xplosive","seller":"eythorphoto","symbol":"SPT","quantity":"0.003309","price":"0.00054093","timestamp":1668516999,"volume":"0.00000179","buyTxId":"59543f4d59842927b29dadaabfb7030519e1c2fb","sellTxId":"81c4a65fec002c2b226b80484489298edba75dbe"}
{"id":4789122,"type":"sell","buyer":"mcbot","seller":"dswap","symbol":"SPT","quantity":"25.003669","price":"0.00054001","timestamp":1668517254,"volume":"0.01350223","buyTxId":"4712045e017faae048d4a781107774b174cd757b-1","sellTxId":"fb1895a0b9b0fd58c3ae2140cf4a3b3b58b8eeb2"}
{"id":4790781,"type":"sell","buyer":"mcbot","seller":"dswap","symbol":"SPT","quantity":"2207","price":"0.00065001","timestamp":1668527919,"volume":"1.43457207","buyTxId":"7bc7aa74444be2a63207d7ba5337a5dd8fc12ee9-1","sellTxId":"ffb7640acf3f573f281b8f7f9f542185c0ee8827"}
{"id":4790789,"type":"sell","buyer":"mcbot","seller":"hatdogsensei","symbol":"SPT","quantity":"42.857994","price":"0.00065001","timestamp":1668527949,"volume":"0.02785812","buyTxId":"7bc7aa74444be2a63207d7ba5337a5dd8fc12ee9-1","sellTxId":"4d1f5fb5770c52fc3327316f40d158269882900a"}
{"id":4791070,"type":"sell","buyer":"mcbot","seller":"samarek69","symbol":"SPT","quantity":"3.619715","price":"0.00065001","timestamp":1668529665,"volume":"0.00235285","buyTxId":"5f1b3eef8efa6dce10703e04514ef8996c6aac4d-1","sellTxId":"2bc8c903edd57f99c6866899a1f65a400a440d62"}
{"id":4791127,"type":"sell","buyer":"mcbot","seller":"assassyn","symbol":"SPT","quantity":"5.221352","price":"0.00065001","timestamp":1668530034,"volume":"0.00339393","buyTxId":"0fd6eb7c5863090bf5f0f5f480a6a9d4af5c704c-1","sellTxId":"62c3e2efea11d0dca41278fc4cd6189c9977b37c"}
{"id":4791168,"type":"sell","buyer":"mcbot","seller":"catomoon","symbol":"SPT","quantity":"1.206738","price":"0.00065001","timestamp":1668530223,"volume":"0.00078439","buyTxId":"bd4f60b88a807f608a6b0f2d3500ef397e017139-1","sellTxId":"b6993386e61eb7c95b66fe86aaf7212d21b9b275"}
{"id":4792006,"type":"sell","buyer":"mcbot","seller":"gank","symbol":"SPT","quantity":"2442.704699","price":"0.00065001","timestamp":1668537123,"volume":"1.58778248","buyTxId":"78449523e57d5fd4d12d45db508612bb5a03edf8-1","sellTxId":"e049cbcf71fa5c2cde39f940dc3c00aebb037838"}
{"id":4792630,"type":"sell","buyer":"mcbot","seller":"themanwithnoname","symbol":"SPT","quantity":"99.662680","price":"0.00065001","timestamp":1668541944,"volume":"0.06478174","buyTxId":"fd5020beb3d3ce9a653cad41cdccb40b39b08c40-1","sellTxId":"e193baf00a13dd1db212448d22daa386a9fb95ab"}
{"id":4793042,"type":"sell","buyer":"mcbot","seller":"walkingkeys","symbol":"SPT","quantity":"1556.967250","price":"0.00065001","timestamp":1668544446,"volume":"1.01204428","buyTxId":"0e0e3d8b4f29a877b04483fb3c805a4611193fa8-1","sellTxId":"9ff89fc8fb1fc12af54d0538ee70ffe0172b09f1"}
{"id":4794993,"type":"sell","buyer":"thewycher","seller":"carlinhusss","symbol":"SPT","quantity":"50.000000","price":"0.00065000","timestamp":1668554802,"volume":"0.03250000","buyTxId":"dbe388fc7eb31cbe1d1945333a11ea1fc3c0fd1d","sellTxId":"c14b6e0b14c25cca41169b3c3d524a2bf17e7115"}
{"id":4795032,"type":"buy","buyer":"thewycher","seller":"carlinhusss","symbol":"SPT","quantity":"5837.504166","price":"0.00054097","timestamp":1668554988,"volume":"3.15791463","buyTxId":"2de60d306f67cc5f9572ba08161ac1f4ca1aae34","sellTxId":"c14b6e0b14c25cca41169b3c3d524a2bf17e7115"}
{"id":4795171,"type":"sell","buyer":"mcbot","seller":"taskmaster4450le","symbol":"SPT","quantity":"680.463368","price":"0.00065001","timestamp":1668556239,"volume":"0.44230799","buyTxId":"d049d12a0c79d1e155389dcb4e42afddcd64cea0-1","sellTxId":"d36d0d00c9cc70380592a713449b3d8f3f124a77"}
{"id":4795290,"type":"sell","buyer":"mcbot","seller":"libertycrypto27","symbol":"SPT","quantity":"511.337326","price":"0.00065001","timestamp":1668557595,"volume":"0.33237438","buyTxId":"9ea1670cd797d9a48b8b465b7081028b4e7f511a-1","sellTxId":"b89f1b27cd74aa07a01d107fa4ce8cc91ef40c8b"}
{"id":4795549,"type":"sell","buyer":"mcbot","seller":"themarkymark","symbol":"SPT","quantity":"8.549664","price":"0.00065001","timestamp":1668560016,"volume":"0.00555737","buyTxId":"ceeee5818f288541a2d69dbb7fe309b62e1e1711-1","sellTxId":"6f5cdd9914fbb2596bee3d9c4a365991278a38aa"}
{"id":4796419,"type":"buy","buyer":"jnn10","seller":"onlydoge","symbol":"SPT","quantity":"12.553008","price":"0.00074375","timestamp":1668569235,"volume":"0.00933630","buyTxId":"2dbbd14ed49755e1d6cfad30bad14a1b4b2119ea","sellTxId":"b650523941b5edd31cf8334a616ec180a45f0035"}
{"id":4796529,"type":"sell","buyer":"mcbot","seller":"chekohler","symbol":"SPT","quantity":"4.66643","price":"0.00065004","timestamp":1668570432,"volume":"0.00303337","buyTxId":"2941553b17aef6c713ca413daf9f29fda1775edb-1","sellTxId":"9f50bbeacf21b16f3fe75c61018d76a004ecad87"}
{"id":4796579,"type":"sell","buyer":"mcbot","seller":"paulriq","symbol":"SPT","quantity":"148.148288","price":"0.00065004","timestamp":1668571101,"volume":"0.09630231","buyTxId":"fd07789d4b05abe8eec2234da770f2447458f81d-1","sellTxId":"17572d4b424dd6e05db00c8b3cb960aab3d6950d"}
{"id":4796603,"type":"sell","buyer":"thewycher","seller":"mcbot","symbol":"SPT","quantity":"39.397151","price":"0.00066000","timestamp":1668571374,"volume":"0.02600212","buyTxId":"96a79593831f7177a3f4b7ccb90e5070ea97d1a0","sellTxId":"9740198b985811592abe62dbf8b6984c575efcb0"}
{"id":4796604,"type":"sell","buyer":"mcbot","seller":"mcbot","symbol":"SPT","quantity":"0.297406","price":"0.00065004","timestamp":1668571374,"volume":"0.00019333","buyTxId":"d05d51bd4ac488e40de07418a5b1ef728ee210ff-1","sellTxId":"9740198b985811592abe62dbf8b6984c575efcb0"}
{"id":4796635,"type":"sell","buyer":"thewycher","seller":"jnn10","symbol":"SPT","quantity":"39.840348","price":"0.00066000","timestamp":1668571746,"volume":"0.02629463","buyTxId":"c3021d037af49469b6944a80021edd11070d74a6","sellTxId":"a8f02d8ec3d156ab6318b1d3743114c765a96b75"}
{"id":4796653,"type":"buy","buyer":"thewycher","seller":"jnn10","symbol":"SPT","quantity":"28.578295","price":"0.00066000","timestamp":1668571884,"volume":"0.01886167","buyTxId":"e40e95b4f3e6bc04b23ceb56af6aba0839a2b3d5","sellTxId":"a8f02d8ec3d156ab6318b1d3743114c765a96b75"}
{"id":4796707,"type":"sell","buyer":"thewycher","seller":"mcbot","symbol":"SPT","quantity":"40.665326","price":"0.00065900","timestamp":1668572322,"volume":"0.02679845","buyTxId":"d0d8933caf80545de1c1f61303334a39d46f2da7","sellTxId":"89cf10d286be140b1efc87383ab675bf01ada1bf"}
{"id":4796708,"type":"sell","buyer":"mcbot","seller":"mcbot","symbol":"SPT","quantity":"0.247728","price":"0.00065004","timestamp":1668572322,"volume":"0.00016103","buyTxId":"05098acb29158a1b262ff10af6762afe4aaf08d6-1","sellTxId":"89cf10d286be140b1efc87383ab675bf01ada1bf"}
{"id":4796754,"type":"sell","buyer":"thewycher","seller":"chel-koby","symbol":"SPT","quantity":"41.355829","price":"0.00065700","timestamp":1668572661,"volume":"0.02717078","buyTxId":"f48a0bb6a810ecea81c55e75fc2b0b3b9c9fc6f3","sellTxId":"c4b11ea52e6d73120a53f858a9487fd7e3809ed1"}
{"id":4796775,"type":"sell","buyer":"mcbot","seller":"chel-koby","symbol":"SPT","quantity":"3490.000000","price":"0.00065004","timestamp":1668572820,"volume":"2.26863960","buyTxId":"9253f9227e2380c54c3ab571c9e7d861e2be4ee0-1","sellTxId":"7de0c8d87a249682875bdba0cdf568b2f5da81fa"}
{"id":4796980,"type":"sell","buyer":"thewycher","seller":"agooddaytodie","symbol":"SPT","quantity":"70.085264","price":"0.00065600","timestamp":1668574401,"volume":"0.04597593","buyTxId":"79dd21ffa91b6dd91ebd24f82d6b0a0ad5c0226b","sellTxId":"f9d5c602901ee241a6ec45898b52a66abbb0c8fd"}
{"id":4797066,"type":"sell","buyer":"thewycher","seller":"khazrakh","symbol":"SPT","quantity":"333.751826","price":"0.00065600","timestamp":1668575313,"volume":"0.21894120","buyTxId":"79dd21ffa91b6dd91ebd24f82d6b0a0ad5c0226b","sellTxId":"57444b942d1f1ed122baba0c45b37b6adde9a2a3"}
{"id":4797350,"type":"sell","buyer":"thewycher","seller":"uveee","symbol":"SPT","quantity":"1.635529","price":"0.00065600","timestamp":1668579102,"volume":"0.00107291","buyTxId":"79dd21ffa91b6dd91ebd24f82d6b0a0ad5c0226b","sellTxId":"230f12aa5ebeb8247f1e0081119a319501d49525"}
{"id":4797479,"type":"sell","buyer":"thewycher","seller":"mawit07","symbol":"SPT","quantity":"3588.429820","price":"0.00065600","timestamp":1668580587,"volume":"2.35400996","buyTxId":"79dd21ffa91b6dd91ebd24f82d6b0a0ad5c0226b","sellTxId":"96464fc540a1c00837ea5285db70c218d4d597db"}
{"id":4797480,"type":"sell","buyer":"thewycher","seller":"mawit07","symbol":"SPT","quantity":"410.555801","price":"0.00065500","timestamp":1668580587,"volume":"0.26891405","buyTxId":"4bfe4cc8b0e36277b2c140af0ddf6c8b29cb055e","sellTxId":"96464fc540a1c00837ea5285db70c218d4d597db"}
{"id":4797481,"type":"sell","buyer":"kitsuki","seller":"mawit07","symbol":"SPT","quantity":"99.000000","price":"0.00065003","timestamp":1668580587,"volume":"0.06435297","buyTxId":"4d827c5425647612d745aaafbd5a8a1c5a95e6f5","sellTxId":"96464fc540a1c00837ea5285db70c218d4d597db"}
{"id":4797482,"type":"sell","buyer":"fighter4-freedom","seller":"mawit07","symbol":"SPT","quantity":"368.492700","price":"0.00055000","timestamp":1668580587,"volume":"0.20267099","buyTxId":"1157f3284d7134b4ff89a51ead571be77a56c186","sellTxId":"96464fc540a1c00837ea5285db70c218d4d597db"}
{"id":4797542,"type":"sell","buyer":"thewycher","seller":"pulubengdugs","symbol":"SPT","quantity":"1274.974211","price":"0.00065500","timestamp":1668581367,"volume":"0.83510811","buyTxId":"41e0600e4555af7c7b65b9df9b160a644f57d1a6","sellTxId":"d41a054872e389d343bfae2593f96181522b190b"}