{"index": {"_index":"spt","_id":"2374818"}}
	{"id":2374818,"type":"sell","buyer":"fighter4-freedom","seller":"steem82868","symbol":"SPT","quantity":"15.135975","price":"0.00261000","timestamp":1640403471,"volume":"0.03950489","buyTxId":"e8ae0a9a0762fbd6a8883dda197e6cbacbef9988","sellTxId":"52938d3679c7570065d287ba2a5115e4210a1e9a"}
{"index": {"_index":"spt","_id":"2374957"}}
	{"id":2374957,"type":"sell","buyer":"fighter4-freedom","seller":"brofi-market","symbol":"SPT","quantity":"0.439534","price":"0.00261000","timestamp":1640405595,"volume":"0.00114718","buyTxId":"e8ae0a9a0762fbd6a8883dda197e6cbacbef9988","sellTxId":"208bcf89641ec3ec8048a9473b2743a54b0b3770"}
{"index": {"_index":"spt","_id":"2375113"}}
	{"id":2375113,"type":"sell","buyer":"fighter4-freedom","seller":"themarkymark","symbol":"SPT","quantity":"97.371000","price":"0.00261000","timestamp":1640408214,"volume":"0.25413831","buyTxId":"e8ae0a9a0762fbd6a8883dda197e6cbacbef9988","sellTxId":"104c7c48f1aa37ccbab44147ed8f3756686b6650"}
{"index": {"_index":"spt","_id":"2375144"}}
	{"id":2375144,"type":"sell","buyer":"fighter4-freedom","seller":"he-index","symbol":"SPT","quantity":"0.030000","price":"0.00261000","timestamp":1640408478,"volume":"0.00007830","buyTxId":"e8ae0a9a0762fbd6a8883dda197e6cbacbef9988","sellTxId":"ae25445c4c1c06b986784bc04a5feb42f52a1fc6"}
{"index": {"_index":"spt","_id":"2375188"}}
	{"id":2375188,"type":"sell","buyer":"fighter4-freedom","seller":"chireerocks","symbol":"SPT","quantity":"16.856860","price":"0.00261000","timestamp":1640408988,"volume":"0.04399640","buyTxId":"e8ae0a9a0762fbd6a8883dda197e6cbacbef9988","sellTxId":"86063f744a3b7eb860441d2bb96797e7b39ee358"}
{"index": {"_index":"spt","_id":"2375386"}}
	{"id":2375386,"type":"buy","buyer":"emibemi","seller":"brofi-market","symbol":"SPT","quantity":"0.439534","price":"0.00268999","timestamp":1640412039,"volume":"0.00118234","buyTxId":"9930c6d8b7120e6465bf402f264198c0aa7ca476","sellTxId":"f38fca772f54cf15fc936315c4c9135bf26a8258"}
{"index": {"_index":"spt","_id":"2375387"}}
	{"id":2375387,"type":"buy","buyer":"emibemi","seller":"laundrywoman","symbol":"SPT","quantity":"13999.560466","price":"0.00268999","timestamp":1640412039,"volume":"37.65867766","buyTxId":"9930c6d8b7120e6465bf402f264198c0aa7ca476","sellTxId":"f14c0e1e0bbd132cff917397f8542c6039c9c615"}
{"index": {"_index":"spt","_id":"2375615"}}
	{"id":2375615,"type":"sell","buyer":"fighter4-freedom","seller":"dhedge-drips","symbol":"SPT","quantity":"0.041206","price":"0.00261000","timestamp":1640414781,"volume":"0.00010755","buyTxId":"e8ae0a9a0762fbd6a8883dda197e6cbacbef9988","sellTxId":"502bc1d564cf4cc31f806b0523d1e41ecf76e467"}
{"index": {"_index":"spt","_id":"2376241"}}
	{"id":2376241,"type":"sell","buyer":"fighter4-freedom","seller":"zzz.accounting","symbol":"SPT","quantity":"0.177000","price":"0.00261000","timestamp":1640422305,"volume":"0.00046197","buyTxId":"e8ae0a9a0762fbd6a8883dda197e6cbacbef9988","sellTxId":"88f8e4659652fd6c577739e0513d0fb3e89d581d"}
{"index": {"_index":"spt","_id":"2376364"}}
	{"id":2376364,"type":"buy","buyer":"chireerocks","seller":"laundrywoman","symbol":"SPT","quantity":"4949.000000","price":"0.00268999","timestamp":1640424231,"volume":"13.31276051","buyTxId":"6a79f18ee397c93881d8b558d61654385d04fcf3","sellTxId":"f14c0e1e0bbd132cff917397f8542c6039c9c615"}
{"index": {"_index":"spt","_id":"2376403"}}
	{"id":2376403,"type":"sell","buyer":"fighter4-freedom","seller":"sralim","symbol":"SPT","quantity":"1081","price":"0.00261000","timestamp":1640425047,"volume":"2.82141000","buyTxId":"e8ae0a9a0762fbd6a8883dda197e6cbacbef9988","sellTxId":"22b24543a07b1313774d1ca640250b736841f281"}
{"index": {"_index":"spt","_id":"2376617"}}
	{"id":2376617,"type":"buy","buyer":"rizagh","seller":"dhedge-drips","symbol":"SPT","quantity":"0.041206","price":"0.00268999","timestamp":1640427978,"volume":"0.00011084","buyTxId":"f013631435262578a3cfc37f18eb9ca0b81e27c8","sellTxId":"2b044735e7e807e10230cd397fcce03ac1fad9f8"}
{"index": {"_index":"spt","_id":"2376618"}}
	{"id":2376618,"type":"buy","buyer":"rizagh","seller":"laundrywoman","symbol":"SPT","quantity":"13197.033877","price":"0.00268999","timestamp":1640427978,"volume":"35.49988916","buyTxId":"f013631435262578a3cfc37f18eb9ca0b81e27c8","sellTxId":"80fee544ce97b9447b9785a6746204dbc0e1db92"}
{"index": {"_index":"spt","_id":"2376636"}}
	{"id":2376636,"type":"buy","buyer":"max-gallows","seller":"laundrywoman","symbol":"SPT","quantity":"353.352421","price":"0.00268999","timestamp":1640428293,"volume":"0.95051448","buyTxId":"250ae3a1ba7b72e49fa7883bfbe1bc25d1468a79","sellTxId":"80fee544ce97b9447b9785a6746204dbc0e1db92"}
{"index": {"_index":"spt","_id":"2376778"}}
	{"id":2376778,"type":"sell","buyer":"fighter4-freedom","seller":"oceanic357rasin","symbol":"SPT","quantity":"13.000000","price":"0.00261000","timestamp":1640430402,"volume":"0.03393000","buyTxId":"e8ae0a9a0762fbd6a8883dda197e6cbacbef9988","sellTxId":"354c7d0b0a36827a733d492ca2b62e08e4fc998d"}
{"index": {"_index":"spt","_id":"2376812"}}
	{"id":2376812,"type":"buy","buyer":"backinblackdevil","seller":"laundrywoman","symbol":"SPT","quantity":"3000.000000","price":"0.00268999","timestamp":1640430744,"volume":"8.06997000","buyTxId":"5fe79fd3b2cd43e3bb51e9b538581354b07aa98c","sellTxId":"80fee544ce97b9447b9785a6746204dbc0e1db92"}
{"index": {"_index":"spt","_id":"2377073"}}
	{"id":2377073,"type":"sell","buyer":"fighter4-freedom","seller":"brofi-market","symbol":"SPT","quantity":"0.003838","price":"0.00261000","timestamp":1640434302,"volume":"0.00001002","buyTxId":"e8ae0a9a0762fbd6a8883dda197e6cbacbef9988","sellTxId":"4c9c5ce75a1fe70995e6669db4f0476e393aac99"}
{"index": {"_index":"spt","_id":"2377837"}}
	{"id":2377837,"type":"sell","buyer":"fighter4-freedom","seller":"thahodler","symbol":"SPT","quantity":"1449.000000","price":"0.00261000","timestamp":1640442084,"volume":"3.78189000","buyTxId":"e8ae0a9a0762fbd6a8883dda197e6cbacbef9988","sellTxId":"f4ad0cd91f7454d195b24bcc45d58af3083d4542"}
{"index": {"_index":"spt","_id":"2377911"}}
	{"id":2377911,"type":"sell","buyer":"fighter4-freedom","seller":"dkid14","symbol":"SPT","quantity":"394.476318","price":"0.00261000","timestamp":1640442825,"volume":"1.02958319","buyTxId":"e8ae0a9a0762fbd6a8883dda197e6cbacbef9988","sellTxId":"f3e34804430788cb79e40ef1fb81206a7c28498c"}
{"index": {"_index":"spt","_id":"2378022"}}
	{"id":2378022,"type":"sell","buyer":"fighter4-freedom","seller":"pingeln","symbol":"SPT","quantity":"2089.000000","price":"0.00261000","timestamp":1640444016,"volume":"5.45229000","buyTxId":"e8ae0a9a0762fbd6a8883dda197e6cbacbef9988","sellTxId":"6eff4f461755f009c05e828b738dc224b94d141c"}
{"index": {"_index":"spt","_id":"2378153"}}
	{"id":2378153,"type":"sell","buyer":"fighter4-freedom","seller":"torrecoin90","symbol":"SPT","quantity":"6.764170","price":"0.00261000","timestamp":1640445321,"volume":"0.01765448","buyTxId":"e8ae0a9a0762fbd6a8883dda197e6cbacbef9988","sellTxId":"2ed13828467ff489f476e60cd5404c0b7dfa3007"}
{"index": {"_index":"spt","_id":"2378380"}}
	{"id":2378380,"type":"sell","buyer":"fighter4-freedom","seller":"hiveexplorers","symbol":"SPT","quantity":"37.377030","price":"0.00261000","timestamp":1640447841,"volume":"0.09755405","buyTxId":"e8ae0a9a0762fbd6a8883dda197e6cbacbef9988","sellTxId":"1bdf1f80d8fdfc8076962341bc5bd528135596b9"}
{"index": {"_index":"spt","_id":"2378387"}}
	{"id":2378387,"type":"buy","buyer":"bordel","seller":"laundrywoman","symbol":"SPT","quantity":"89.479403","price":"0.00268899","timestamp":1640447937,"volume":"0.24060922","buyTxId":"7a60c254d5b49735efdb01fecd86d96f0c3cd3e4","sellTxId":"e849f2bc0029232491fda7108128af927a9ab782"}
{"index": {"_index":"spt","_id":"2378442"}}
	{"id":2378442,"type":"sell","buyer":"fighter4-freedom","seller":"brofi-market","symbol":"SPT","quantity":"0.289618","price":"0.00261000","timestamp":1640448795,"volume":"0.00075590","buyTxId":"e8ae0a9a0762fbd6a8883dda197e6cbacbef9988","sellTxId":"3648d4b7e93c71ee2d2121e0f03f1e9ef65d6138"}
{"index": {"_index":"spt","_id":"2378698"}}
	{"id":2378698,"type":"sell","buyer":"fighter4-freedom","seller":"catomoon","symbol":"SPT","quantity":"5.207922","price":"0.00261000","timestamp":1640451126,"volume":"0.01359268","buyTxId":"e8ae0a9a0762fbd6a8883dda197e6cbacbef9988","sellTxId":"e8c51cdff9250514d1d20349278815dae05375f8"}
{"index": {"_index":"spt","_id":"2378822"}}
	{"id":2378822,"type":"sell","buyer":"fighter4-freedom","seller":"eforucom","symbol":"SPT","quantity":"3.099848","price":"0.00261000","timestamp":1640452092,"volume":"0.00809060","buyTxId":"e8ae0a9a0762fbd6a8883dda197e6cbacbef9988","sellTxId":"e6e9364113fe2f51fc89a110cab508c7bea60fb7"}
{"index": {"_index":"spt","_id":"2378892"}}
	{"id":2378892,"type":"sell","buyer":"fighter4-freedom","seller":"cwow2","symbol":"SPT","quantity":"2.747936","price":"0.00261000","timestamp":1640452572,"volume":"0.00717211","buyTxId":"e8ae0a9a0762fbd6a8883dda197e6cbacbef9988","sellTxId":"eb26b1d96f3da0d359bf80bbb37aa02c8bf18f40"}
{"index": {"_index":"spt","_id":"2379059"}}
	{"id":2379059,"type":"sell","buyer":"fighter4-freedom","seller":"xabi","symbol":"SPT","quantity":"936.977385","price":"0.00261000","timestamp":1640453943,"volume":"2.44551097","buyTxId":"e8ae0a9a0762fbd6a8883dda197e6cbacbef9988","sellTxId":"e75d785f52c720de8d9ed77cff5744605dcb37fc"}
{"index": {"_index":"spt","_id":"2379156"}}
	{"id":2379156,"type":"sell","buyer":"fighter4-freedom","seller":"felipejoys","symbol":"SPT","quantity":"2118.973119","price":"0.00261000","timestamp":1640454819,"volume":"5.53051984","buyTxId":"e8ae0a9a0762fbd6a8883dda197e6cbacbef9988","sellTxId":"b9b1b4a5257aa7d00b043fc99885e395c2f112c3"}
{"index": {"_index":"spt","_id":"2379238"}}
	{"id":2379238,"type":"sell","buyer":"fighter4-freedom","seller":"shauner","symbol":"SPT","quantity":"1873.495632","price":"0.00261000","timestamp":1640455827,"volume":"4.88982360","buyTxId":"e8ae0a9a0762fbd6a8883dda197e6cbacbef9988","sellTxId":"6c9f6ee5b067390613e3b447da72175966940511"}
{"index": {"_index":"spt","_id":"2379440"}}
	{"id":2379440,"type":"sell","buyer":"fighter4-freedom","seller":"dhedge-drips","symbol":"SPT","quantity":"0.027511","price":"0.00261000","timestamp":1640457963,"volume":"0.00007180","buyTxId":"e8ae0a9a0762fbd6a8883dda197e6cbacbef9988","sellTxId":"51782df15d7f19c4ebcd8364ad80379a0157eec0"}
{"index": {"_index":"spt","_id":"2379457"}}
	{"id":2379457,"type":"sell","buyer":"fighter4-freedom","seller":"nrg","symbol":"SPT","quantity":"605.436926","price":"0.00261000","timestamp":1640457984,"volume":"1.58019038","buyTxId":"e8ae0a9a0762fbd6a8883dda197e6cbacbef9988","sellTxId":"dd7fdc5a80303111e526c007a28bdd26c9bb8360-11"}
{"index": {"_index":"spt","_id":"2379584"}}
	{"id":2379584,"type":"buy","buyer":"captainquack22","seller":"laundrywoman","symbol":"SPT","quantity":"49.852162","price":"0.00268889","timestamp":1640458989,"volume":"0.13404698","buyTxId":"174b7d1398df0d29c566737b069699bb389b7dbc","sellTxId":"8f203a194ad68b3d8550982b3e7386e0c94eb041"}
{"index": {"_index":"spt","_id":"2379941"}}
	{"id":2379941,"type":"sell","buyer":"fighter4-freedom","seller":"brofi-market","symbol":"SPT","quantity":"0.028555","price":"0.00261000","timestamp":1640463129,"volume":"0.00007453","buyTxId":"e8ae0a9a0762fbd6a8883dda197e6cbacbef9988","sellTxId":"95ecad8d17474885a86841eac5024764560fcbd7"}
{"index": {"_index":"spt","_id":"2380118"}}
	{"id":2380118,"type":"sell","buyer":"fighter4-freedom","seller":"hiveexplorers","symbol":"SPT","quantity":"221.208109","price":"0.00261000","timestamp":1640465568,"volume":"0.57735316","buyTxId":"e8ae0a9a0762fbd6a8883dda197e6cbacbef9988","sellTxId":"3165383c872b46f8353b4d03bea174c0edceaa3e"}
{"index": {"_index":"spt","_id":"2380168"}}
	{"id":2380168,"type":"sell","buyer":"fighter4-freedom","seller":"ahmetay","symbol":"SPT","quantity":"1948.285002","price":"0.00261000","timestamp":1640465871,"volume":"5.08502386","buyTxId":"e8ae0a9a0762fbd6a8883dda197e6cbacbef9988","sellTxId":"c4232e0b78baf3a4e1215296f2c32aa4f21b0597"}
{"index": {"_index":"spt","_id":"2380459"}}
	{"id":2380459,"type":"buy","buyer":"bordel","seller":"laundrywoman","symbol":"SPT","quantity":"45.754900","price":"0.00268889","timestamp":1640469201,"volume":"0.12302989","buyTxId":"0c12f36955cbd1a1b2ac2718de1e4fffc31d3083","sellTxId":"8f203a194ad68b3d8550982b3e7386e0c94eb041"}
{"index": {"_index":"spt","_id":"2380600"}}
	{"id":2380600,"type":"sell","buyer":"fighter4-freedom","seller":"xanonymouse","symbol":"SPT","quantity":"252.456161","price":"0.00261000","timestamp":1640471034,"volume":"0.65891058","buyTxId":"e8ae0a9a0762fbd6a8883dda197e6cbacbef9988","sellTxId":"1d99282f7198f03c338340d65ab2125db31c6557"}
{"index": {"_index":"spt","_id":"2380696"}}
	{"id":2380696,"type":"sell","buyer":"fighter4-freedom","seller":"he-index","symbol":"SPT","quantity":"0.003000","price":"0.00261000","timestamp":1640472486,"volume":"0.00000783","buyTxId":"e8ae0a9a0762fbd6a8883dda197e6cbacbef9988","sellTxId":"ac8d76a2218edbd7988a9591bafb8d69f1eca762"}
{"index": {"_index":"spt","_id":"2380732"}}
	{"id":2380732,"type":"sell","buyer":"fighter4-freedom","seller":"cccf","symbol":"SPT","quantity":"2.329000","price":"0.00261000","timestamp":1640472864,"volume":"0.00607869","buyTxId":"e8ae0a9a0762fbd6a8883dda197e6cbacbef9988","sellTxId":"bb3b1a6290cabb62c381f4aea6083ac282ecbc37"}
{"index": {"_index":"spt","_id":"2380836"}}
	{"id":2380836,"type":"buy","buyer":"druidsblood","seller":"laundrywoman","symbol":"SPT","quantity":"9700.000000","price":"0.00268889","timestamp":1640474085,"volume":"26.08223300","buyTxId":"1d0d838038cdd18180a8e210723fde7f741c3baa","sellTxId":"8f203a194ad68b3d8550982b3e7386e0c94eb041"}
{"index": {"_index":"spt","_id":"2381070"}}
	{"id":2381070,"type":"buy","buyer":"jongolson","seller":"laundrywoman","symbol":"SPT","quantity":"1000.000000","price":"0.00268889","timestamp":1640476560,"volume":"2.68889000","buyTxId":"c7ce2d393e68df32791548f98f4424efb9b3b951","sellTxId":"8f203a194ad68b3d8550982b3e7386e0c94eb041"}
{"index": {"_index":"spt","_id":"2381136"}}
	{"id":2381136,"type":"sell","buyer":"fighter4-freedom","seller":"mightyrocklee","symbol":"SPT","quantity":"350.996781","price":"0.00261000","timestamp":1640477298,"volume":"0.91610160","buyTxId":"e8ae0a9a0762fbd6a8883dda197e6cbacbef9988","sellTxId":"d7cd8ffee357f330ce8c2ca666382a57fae34200"}
{"index": {"_index":"spt","_id":"2381176"}}
	{"id":2381176,"type":"buy","buyer":"ianballantine","seller":"laundrywoman","symbol":"SPT","quantity":"500.000000","price":"0.00268889","timestamp":1640477661,"volume":"1.34444500","buyTxId":"ed9daf3797f0a3b4ae6df29b18c2a32fadb2a7f3","sellTxId":"8f203a194ad68b3d8550982b3e7386e0c94eb041"}
{"index": {"_index":"spt","_id":"2381193"}}
	{"id":2381193,"type":"sell","buyer":"fighter4-freedom","seller":"brofi-market","symbol":"SPT","quantity":"2.844598","price":"0.00261000","timestamp":1640477718,"volume":"0.00742440","buyTxId":"e8ae0a9a0762fbd6a8883dda197e6cbacbef9988","sellTxId":"faea7f5377b5d556b945a672e521ad246b725376"}
{"index": {"_index":"spt","_id":"2381501"}}
	{"id":2381501,"type":"sell","buyer":"fighter4-freedom","seller":"dhedge-drips","symbol":"SPT","quantity":"0.004842","price":"0.00261000","timestamp":1640479593,"volume":"0.00001264","buyTxId":"e8ae0a9a0762fbd6a8883dda197e6cbacbef9988","sellTxId":"bebabc6dc2d0cc7ed43981d3e72f5fe026c70e31"}
{"index": {"_index":"spt","_id":"2381562"}}
	{"id":2381562,"type":"buy","buyer":"captainquack22","seller":"laundrywoman","symbol":"SPT","quantity":"53.999728","price":"0.00268888","timestamp":1640480148,"volume":"0.14519879","buyTxId":"3d184aeae80566fed58aa72b1bef8da09c4b6761","sellTxId":"a96cbf63f9013fa0325f1fc25ab2ea036d2b4cd2"}
{"index": {"_index":"spt","_id":"2381746"}}
	{"id":2381746,"type":"sell","buyer":"fighter4-freedom","seller":"otage","symbol":"SPT","quantity":"134.943234","price":"0.00261000","timestamp":1640482092,"volume":"0.35220184","buyTxId":"e8ae0a9a0762fbd6a8883dda197e6cbacbef9988","sellTxId":"8961f2bb54838f494ca6836d80229a40cee97bb2"}
{"index": {"_index":"spt","_id":"2382380"}}
	{"id":2382380,"type":"buy","buyer":"tokenpimp","seller":"laundrywoman","symbol":"SPT","quantity":"50000.000000","price":"0.00268888","timestamp":1640489349,"volume":"134.44400000","buyTxId":"4e325b3be74cedfb034cf487e84a01189285d515","sellTxId":"a96cbf63f9013fa0325f1fc25ab2ea036d2b4cd2"}
