{"index": {"_index":"spt","_id":"4007128"}}
	{"id":4007128,"type":"buy","buyer":"knowledge-seeker","seller":"onlydoge","symbol":"SPT","quantity":"750.000000","price":"0.00176000","timestamp":1658976210,"volume":"1.32000000","buyTxId":"946da7377c44fa5b22c67dd6b7fbd677a7426488","sellTxId":"ad03cf0433525e7c786243316d3d509de77fd586"}
{"index": {"_index":"spt","_id":"4007130"}}
	{"id":4007130,"type":"buy","buyer":"knowledge-seeker","seller":"tobetada","symbol":"SPT","quantity":"1360.000000","price":"0.00176980","timestamp":1658976261,"volume":"2.40692800","buyTxId":"8fc6d8db9394798e972029c6765da06107829903","sellTxId":"f5264ec221d526b3c38b0961450a0598789e0634"}
{"index": {"_index":"spt","_id":"4007407"}}
	{"id":4007407,"type":"sell","buyer":"thewycher","seller":"bitcoinflood","symbol":"SPT","quantity":"85.386675","price":"0.00145000","timestamp":1658979882,"volume":"0.12381068","buyTxId":"73ec76c66940f9c2b9c27a58d95736154c611b48","sellTxId":"1a4d0f8f587b8c79c836c1d8d78d6e58a6cb999d"}
{"index": {"_index":"spt","_id":"4007600"}}
	{"id":4007600,"type":"sell","buyer":"multifurcate","seller":"mango-juice","symbol":"SPT","quantity":"486.095746","price":"0.00145100","timestamp":1658982639,"volume":"0.70532493","buyTxId":"6cff02922d6f11bf6de989a7a15640c16a3a8487","sellTxId":"4f63a6c6c2296ff38c0bf46da6e647cc2052c870"}
{"index": {"_index":"spt","_id":"4007650"}}
	{"id":4007650,"type":"sell","buyer":"multifurcate","seller":"themarkymark","symbol":"SPT","quantity":"4.932643","price":"0.00145100","timestamp":1658983494,"volume":"0.00715726","buyTxId":"6cff02922d6f11bf6de989a7a15640c16a3a8487","sellTxId":"3f0a2f8e502803d23ea50933e7c039452def266b"}
{"index": {"_index":"spt","_id":"4007711"}}
	{"id":4007711,"type":"buy","buyer":"pjansen","seller":"muzehan","symbol":"SPT","quantity":"1000.000000","price":"0.00170000","timestamp":1658984361,"volume":"1.7000","buyTxId":"1407bb64cf7e52f6aa9862ab6d07f1331e9ed772","sellTxId":"6e4d8a0247b492d9d1e22a9c447340942c8a1787"}
{"index": {"_index":"spt","_id":"4007825"}}
	{"id":4007825,"type":"sell","buyer":"multifurcate","seller":"tanzil2024","symbol":"SPT","quantity":"3268.676551","price":"0.00146100","timestamp":1658986455,"volume":"4.77553644","buyTxId":"00109636c4ef535c3cc6c878c5bca3bc30c5e08e","sellTxId":"83ae43bb21369d3cf483727cefbe0b62a16ba789"}
{"index": {"_index":"spt","_id":"4007968"}}
	{"id":4007968,"type":"sell","buyer":"multifurcate","seller":"mightyrocklee","symbol":"SPT","quantity":"816.325211","price":"0.00147100","timestamp":1658988825,"volume":"1.20081439","buyTxId":"7dffef7150411dce8a2a72b22f6d38412f2a25ad","sellTxId":"1a4277d47506c57419e9942ad995b152caaa5ffa"}
{"index": {"_index":"spt","_id":"4007972"}}
	{"id":4007972,"type":"sell","buyer":"multifurcate","seller":"amafable07","symbol":"SPT","quantity":"69.511787","price":"0.00147100","timestamp":1658988924,"volume":"0.10225184","buyTxId":"7dffef7150411dce8a2a72b22f6d38412f2a25ad","sellTxId":"4b34f61c4c7304ec00935c765f9477a4281d6cca"}
{"index": {"_index":"spt","_id":"4007979"}}
	{"id":4007979,"type":"sell","buyer":"multifurcate","seller":"emanginasal","symbol":"SPT","quantity":"92.526084","price":"0.00147100","timestamp":1658989023,"volume":"0.13610587","buyTxId":"7dffef7150411dce8a2a72b22f6d38412f2a25ad","sellTxId":"7a92574af7615c194e7898517865c9c213e769c3"}
{"index": {"_index":"spt","_id":"4007984"}}
	{"id":4007984,"type":"buy","buyer":"dr3am03","seller":"saachi","symbol":"SPT","quantity":"175.000000","price":"0.00175000","timestamp":1658989101,"volume":"0.30625000","buyTxId":"531e278110ba343f1c06165e819818c65cd69478","sellTxId":"081a6d33e3524296f0a8d58a32303e11dc27c2ff"}
{"index": {"_index":"spt","_id":"4007985"}}
	{"id":4007985,"type":"buy","buyer":"dr3am03","seller":"tobetada","symbol":"SPT","quantity":"361.477824","price":"0.00176980","timestamp":1658989101,"volume":"0.63974345","buyTxId":"531e278110ba343f1c06165e819818c65cd69478","sellTxId":"f5264ec221d526b3c38b0961450a0598789e0634"}
{"index": {"_index":"spt","_id":"4007986"}}
	{"id":4007986,"type":"buy","buyer":"dr3am03","seller":"dubble","symbol":"SPT","quantity":"47.841314","price":"0.00176980","timestamp":1658989101,"volume":"0.08466956","buyTxId":"531e278110ba343f1c06165e819818c65cd69478","sellTxId":"8e5a427a627fa993b0c8a6a87008f80125fc58d5"}
{"index": {"_index":"spt","_id":"4007987"}}
	{"id":4007987,"type":"buy","buyer":"dr3am03","seller":"kingdada","symbol":"SPT","quantity":"6.730761","price":"0.00176980","timestamp":1658989101,"volume":"0.01191210","buyTxId":"531e278110ba343f1c06165e819818c65cd69478","sellTxId":"bbba65f2448e7bc6b987e4a43379faf590a605fd"}
{"index": {"_index":"spt","_id":"4007988"}}
	{"id":4007988,"type":"buy","buyer":"dr3am03","seller":"shinkurisu","symbol":"SPT","quantity":"0.659814","price":"0.00176980","timestamp":1658989101,"volume":"0.00116774","buyTxId":"531e278110ba343f1c06165e819818c65cd69478","sellTxId":"51742d30e25e321f367e2aec5fa8c59d2dbd1b27"}
{"index": {"_index":"spt","_id":"4007989"}}
	{"id":4007989,"type":"buy","buyer":"dr3am03","seller":"noblebright","symbol":"SPT","quantity":"3074.917004","price":"0.00176980","timestamp":1658989101,"volume":"5.44198811","buyTxId":"531e278110ba343f1c06165e819818c65cd69478","sellTxId":"ed8826baa77471a6cb0ac064f506ad665df78d7c"}
{"index": {"_index":"spt","_id":"4007990"}}
	{"id":4007990,"type":"buy","buyer":"dr3am03","seller":"ukyron3","symbol":"SPT","quantity":"1772.715482","price":"0.00186980","timestamp":1658989101,"volume":"3.31462341","buyTxId":"531e278110ba343f1c06165e819818c65cd69478","sellTxId":"d0f890f245f7e274a46a24e25e6de7f098c1b773"}
{"index": {"_index":"spt","_id":"4008176"}}
	{"id":4008176,"type":"sell","buyer":"pjansen","seller":"captainquack22","symbol":"SPT","quantity":"410","price":"0.00150423","timestamp":1658991294,"volume":"0.61673430","buyTxId":"dd5b1e74fbe209f3bc810d8c3b71829c5f990a43","sellTxId":"dba5829286ce844aab4b2de1fe3c94870737c5e1"}
{"index": {"_index":"spt","_id":"4008229"}}
	{"id":4008229,"type":"sell","buyer":"pjansen","seller":"holdeck","symbol":"SPT","quantity":"0.017635","price":"0.00151433","timestamp":1658991930,"volume":"0.00002671","buyTxId":"ca0184121794dc1006bd3ef81212bf6462ab934b","sellTxId":"cca8429f6c6572322951d1e47c6e202e4aebf157"}
{"index": {"_index":"spt","_id":"4008308"}}
	{"id":4008308,"type":"sell","buyer":"pjansen","seller":"hatdogsensei","symbol":"SPT","quantity":"249.969631","price":"0.00154112","timestamp":1658993295,"volume":"0.38523320","buyTxId":"671f075b9b66304be8c40017da9fa7497f50903d","sellTxId":"b85583b83bd08333bc86ebf66cc0b921972801c7"}
{"index": {"_index":"spt","_id":"4008359"}}
	{"id":4008359,"type":"sell","buyer":"pjansen","seller":"alexandrzombi","symbol":"SPT","quantity":"0.000008","price":"0.00160001","timestamp":1658994204,"volume":"0.00000001","buyTxId":"c90acda193a038c1beca3e6c6ee6ad250d4fc94c","sellTxId":"d2532e82f7528c7d4ed1bd241583e3ed35c3e76c"}
{"index": {"_index":"spt","_id":"4008551"}}
	{"id":4008551,"type":"sell","buyer":"pjansen","seller":"haileejean","symbol":"SPT","quantity":"378.589045","price":"0.00162616","timestamp":1658995512,"volume":"0.61564636","buyTxId":"ca5a8f96df81063f02b53cfdb84942c5ac04c64f","sellTxId":"d84f2d01a72be8ae7474d5912118796067fb9681"}
{"index": {"_index":"spt","_id":"4008675"}}
	{"id":4008675,"type":"sell","buyer":"pjansen","seller":"costanza","symbol":"SPT","quantity":"4000.000000","price":"0.00166808","timestamp":1658997906,"volume":"6.67232000","buyTxId":"4451951f47695a59e73bc67154862e06a5cb770d","sellTxId":"a4005268631bf391574ccc6107b9d956753b09fa"}
{"index": {"_index":"spt","_id":"4008676"}}
	{"id":4008676,"type":"sell","buyer":"multifurcate","seller":"costanza","symbol":"SPT","quantity":"28547.478082","price":"0.00166807","timestamp":1658997906,"volume":"47.61919176","buyTxId":"bd2dd8e917dd5f100f12b066f0355d2e98c18fa3","sellTxId":"a4005268631bf391574ccc6107b9d956753b09fa"}
{"index": {"_index":"spt","_id":"4008736"}}
	{"id":4008736,"type":"sell","buyer":"pjansen","seller":"wlffreitas","symbol":"SPT","quantity":"3149.440262","price":"0.00166202","timestamp":1658998842,"volume":"5.23443270","buyTxId":"f0b1afcdb227554f806f9a271ae8641f92ee0d63","sellTxId":"05488117cca9769407aeffd8196bb65767526b94"}
{"index": {"_index":"spt","_id":"4009206"}}
	{"id":4009206,"type":"sell","buyer":"pjansen","seller":"stea90","symbol":"SPT","quantity":"931.522969","price":"0.00169001","timestamp":1659006315,"volume":"1.57428313","buyTxId":"a979600cfc093d45a148c86f0a07c733d52482e3","sellTxId":"3af372089e3e101a3201aec1ac7be45d4789d30f"}
{"index": {"_index":"spt","_id":"4009251"}}
	{"id":4009251,"type":"sell","buyer":"pjansen","seller":"quickdrawchev","symbol":"SPT","quantity":"262.030021","price":"0.00169001","timestamp":1659007026,"volume":"0.44283336","buyTxId":"2b8175b4c8316bca083d90a19bc2fbd124bea346","sellTxId":"9dc48aa824ef0d099d5059c4aff4b9d95a5278e5"}
{"index": {"_index":"spt","_id":"4009256"}}
	{"id":4009256,"type":"sell","buyer":"onlydoge","seller":"sketchygamerguy","symbol":"SPT","quantity":"7238.988830","price":"0.00170000","timestamp":1659007161,"volume":"12.30628101","buyTxId":"b5f3fe4fe391dfe4fe7b595fca3fc815d205a38e","sellTxId":"fe6c826e5e4cb92557a4dfe019cd758f89808f91"}
{"index": {"_index":"spt","_id":"4009419"}}
	{"id":4009419,"type":"sell","buyer":"pjansen","seller":"brucegryllis","symbol":"SPT","quantity":"27.396399","price":"0.00170001","timestamp":1659008223,"volume":"0.04657415","buyTxId":"872c0bb967f65c96fbd33db53a6122b51c507e45","sellTxId":"2f26573ab7c66260cd32b6fca645072baf35c9f4"}
{"index": {"_index":"spt","_id":"4009512"}}
	{"id":4009512,"type":"sell","buyer":"pjansen","seller":"hetty-rowan","symbol":"SPT","quantity":"1916.884685","price":"0.00170001","timestamp":1659009699,"volume":"3.25872313","buyTxId":"c16556d01a920c9d539b50c3d2ffede10b73d6aa","sellTxId":"74d2ffa623da9aeb8d635664588db2f10126360e"}
{"index": {"_index":"spt","_id":"4009757"}}
	{"id":4009757,"type":"sell","buyer":"multifurcate","seller":"andy4475","symbol":"SPT","quantity":"18.222753","price":"0.00162928","timestamp":1659012354,"volume":"0.02968997","buyTxId":"6d9d69c62dcecf62611f42d54254c0a99339b638","sellTxId":"e2d4821294890e5590fa0726e537030c581f87ab"}
{"index": {"_index":"spt","_id":"4009795"}}
	{"id":4009795,"type":"sell","buyer":"pjansen","seller":"ukyron3","symbol":"SPT","quantity":"174.445479","price":"0.00163232","timestamp":1659012600,"volume":"0.28475084","buyTxId":"8687809f83a96676136489bb3ae4cc360d8f28e6","sellTxId":"3d0796f7fbe4d525f741934c616d5bbe0f2cfe39"}
{"index": {"_index":"spt","_id":"4009845"}}
	{"id":4009845,"type":"buy","buyer":"dbooster","seller":"onlydoge","symbol":"SPT","quantity":"500.000000","price":"0.00189000","timestamp":1659013308,"volume":"0.94500000","buyTxId":"0fa1fa9a4a920b4219bd013ff9d5fcee13a7e55f","sellTxId":"be445e464d3c26428fbeedc16d22023cd35d8fe1"}
{"index": {"_index":"spt","_id":"4010048"}}
	{"id":4010048,"type":"buy","buyer":"borgito","seller":"onlydoge","symbol":"SPT","quantity":"654.000000","price":"0.00189000","timestamp":1659015621,"volume":"1.23606000","buyTxId":"7d7182d3f47d4cf384e355517f0433068dde2a76","sellTxId":"be445e464d3c26428fbeedc16d22023cd35d8fe1"}
{"index": {"_index":"spt","_id":"4010289"}}
	{"id":4010289,"type":"sell","buyer":"pjansen","seller":"captainquack22","symbol":"SPT","quantity":"37","price":"0.00165354","timestamp":1659017514,"volume":"0.06118098","buyTxId":"acbc8e21e92573df429b23791b2735628cdeadc4","sellTxId":"0d3fc3d5af1955ff3ed0988f5b8d23cd66807d55"}
{"index": {"_index":"spt","_id":"4010382"}}
	{"id":4010382,"type":"sell","buyer":"pjansen","seller":"achim03","symbol":"SPT","quantity":"5000.000000","price":"0.00167071","timestamp":1659018777,"volume":"8.35355000","buyTxId":"29435b3844b61f25501f253e0ba8e349f0c2d9bf","sellTxId":"d0e8f0bad20ad2f4a36d6c61a6c83b9dc0905191"}
{"index": {"_index":"spt","_id":"4010645"}}
	{"id":4010645,"type":"sell","buyer":"multifurcate","seller":"victor-alexander","symbol":"SPT","quantity":"18.952463","price":"0.00168585","timestamp":1659021012,"volume":"0.03195101","buyTxId":"caa9c17ea1bc2c725c5f1292419df22bfc7a7b34","sellTxId":"3691e9ce57d4b6887b8445458d209cf2a25bf89a"}
{"index": {"_index":"spt","_id":"4010657"}}
	{"id":4010657,"type":"sell","buyer":"pjansen","seller":"melkor85","symbol":"SPT","quantity":"133.677429","price":"0.00168687","timestamp":1659021147,"volume":"0.22549644","buyTxId":"30f206216eda5123fedb51d92fc23c139af61641","sellTxId":"83aaf59fde8b2444acd4f10657b3672f08cc7471"}
{"index": {"_index":"spt","_id":"4010898"}}
	{"id":4010898,"type":"buy","buyer":"costanza","seller":"onlydoge","symbol":"SPT","quantity":"1.000000","price":"0.00189000","timestamp":1659023280,"volume":"0.00189000","buyTxId":"67ae7920db554ac8ec5a206d8cee4cacc106e5e5","sellTxId":"be445e464d3c26428fbeedc16d22023cd35d8fe1"}
{"index": {"_index":"spt","_id":"4011028"}}
	{"id":4011028,"type":"sell","buyer":"pjansen","seller":"khazrakh","symbol":"SPT","quantity":"937.918371","price":"0.00164607","timestamp":1659024384,"volume":"1.54387929","buyTxId":"5e12a5b57cc2692197dc9bd2df1fb986f4a38ebb","sellTxId":"f4a32d313bd872ce95b959f355f6d51a02f86849"}
{"index": {"_index":"spt","_id":"4011067"}}
	{"id":4011067,"type":"sell","buyer":"pjansen","seller":"dev4","symbol":"SPT","quantity":"5000.000000","price":"0.00165112","timestamp":1659024738,"volume":"8.25560000","buyTxId":"66740ab91111410eb6f8803c3c9933289af8fe8c","sellTxId":"235233e33f9577bb3de01df4c6344922651b5fdf"}
{"index": {"_index":"spt","_id":"4011068"}}
	{"id":4011068,"type":"sell","buyer":"multifurcate","seller":"dev4","symbol":"SPT","quantity":"6000.000000","price":"0.00165111","timestamp":1659024738,"volume":"9.90666000","buyTxId":"9b1af6e68b188fcfcb9c5329eacfe3337ae990a3","sellTxId":"235233e33f9577bb3de01df4c6344922651b5fdf"}
{"index": {"_index":"spt","_id":"4011169"}}
	{"id":4011169,"type":"sell","buyer":"pjansen","seller":"yonilkar","symbol":"SPT","quantity":"3397.563385","price":"0.00166829","timestamp":1659026022,"volume":"5.66812102","buyTxId":"a638b505ce5d50a8594d0f3fc31d4ab10aa33fc2","sellTxId":"fb2bc55e6fc00c86b28d8398dc90389a6413f435"}
{"index": {"_index":"spt","_id":"4011542"}}
	{"id":4011542,"type":"buy","buyer":"multifurcate","seller":"evernoticethat","symbol":"SPT","quantity":"1832.509556","price":"0.00169859","timestamp":1659029073,"volume":"3.11268241","buyTxId":"a54aecbea8637055b8da8ecd804d69fecdebf097","sellTxId":"a11f9318ae44caf3b32ecd4562251ca1fc9a7a07"}
{"index": {"_index":"spt","_id":"4011549"}}
	{"id":4011549,"type":"buy","buyer":"khunjuice","seller":"master-lamps","symbol":"SPT","quantity":"0.575072","price":"0.00188999","timestamp":1659029118,"volume":"0.00108688","buyTxId":"5e36d9686e9b3874b5c26b25641b7deec41cd8a9","sellTxId":"f263659cccf0674ed626574271cb5ab16167490d"}
{"index": {"_index":"spt","_id":"4011550"}}
	{"id":4011550,"type":"buy","buyer":"khunjuice","seller":"onlydoge","symbol":"SPT","quantity":"6083.413758","price":"0.00189000","timestamp":1659029118,"volume":"11.49765200","buyTxId":"5e36d9686e9b3874b5c26b25641b7deec41cd8a9","sellTxId":"be445e464d3c26428fbeedc16d22023cd35d8fe1"}
{"index": {"_index":"spt","_id":"4011642"}}
	{"id":4011642,"type":"buy","buyer":"jongolson","seller":"onlydoge","symbol":"SPT","quantity":"0.575072","price":"0.00189000","timestamp":1659030435,"volume":"0.00108689","buyTxId":"1bf924e00ec93880c9de29e04a09977340bc90a6","sellTxId":"be445e464d3c26428fbeedc16d22023cd35d8fe1"}
{"index": {"_index":"spt","_id":"4011643"}}
	{"id":4011643,"type":"buy","buyer":"jongolson","seller":"blitzzzz","symbol":"SPT","quantity":"484.676492","price":"0.00189999","timestamp":1659030435,"volume":"0.92088049","buyTxId":"1bf924e00ec93880c9de29e04a09977340bc90a6","sellTxId":"f84bec3f8479a9d64d4d30272387237b32b9aac6"}
{"index": {"_index":"spt","_id":"4011644"}}
	{"id":4011644,"type":"buy","buyer":"jongolson","seller":"imno","symbol":"SPT","quantity":"281.094384","price":"0.00190000","timestamp":1659030435,"volume":"0.53407933","buyTxId":"1bf924e00ec93880c9de29e04a09977340bc90a6","sellTxId":"097e04a866dbe14443fbd5d68a289672c4a192f5"}
{"index": {"_index":"spt","_id":"4011645"}}
	{"id":4011645,"type":"buy","buyer":"jongolson","seller":"alexandrzombi","symbol":"SPT","quantity":"0.000020","price":"0.00190000","timestamp":1659030435,"volume":"0.00000004","buyTxId":"1bf924e00ec93880c9de29e04a09977340bc90a6","sellTxId":"d54adb8506aeb06619ad06d1882f505627de745a"}
{"index": {"_index":"spt","_id":"4011646"}}
	{"id":4011646,"type":"buy","buyer":"jongolson","seller":"thecuriousfool","symbol":"SPT","quantity":"233.654032","price":"0.00190000","timestamp":1659030435,"volume":"0.44394266","buyTxId":"1bf924e00ec93880c9de29e04a09977340bc90a6","sellTxId":"460091bdd58e0a468a8c5a6ed9c1775627f134dd"}
{"index": {"_index":"spt","_id":"4011694"}}
	{"id":4011694,"type":"sell","buyer":"pjansen","seller":"teteuzinho","symbol":"SPT","quantity":"2518.818285","price":"0.00166425","timestamp":1659030786,"volume":"4.19194333","buyTxId":"e43aa64c443096ba972824b24458d4cfe931ef84","sellTxId":"faf4201547db9a5c3a3808cee43a701640fcb0b0"}
{"index": {"_index":"spt","_id":"4011747"}}
	{"id":4011747,"type":"buy","buyer":"multifurcate","seller":"loboguara","symbol":"SPT","quantity":"144.732661","price":"0.00166829","timestamp":1659031269,"volume":"0.24145605","buyTxId":"1c1bcdff524cc5d51ffbed67af0705a223fafe29","sellTxId":"0851a1551cb469aba7adb5922f027df45a3f9b66"}
{"index": {"_index":"spt","_id":"4011828"}}
	{"id":4011828,"type":"sell","buyer":"pjansen","seller":"dswap","symbol":"SPT","quantity":"82.580258","price":"0.00168707","timestamp":1659032076,"volume":"0.13931868","buyTxId":"56491f58205b864dc068afec87978817b15856f7","sellTxId":"396bc1370c7595bf37d05dd02078874f90c670cd"}
{"index": {"_index":"spt","_id":"4012304"}}
	{"id":4012304,"type":"sell","buyer":"multifurcate","seller":"dr3am03","symbol":"SPT","quantity":"5439.342199","price":"0.00169201","timestamp":1659035253,"volume":"9.20342139","buyTxId":"6d6e75f937d47540fe9f72f818e2e28ec66e7d7f","sellTxId":"6a6fd7387dc14d4aa5c87424a151eae8899e908f"}
{"index": {"_index":"spt","_id":"4012439"}}
	{"id":4012439,"type":"sell","buyer":"pjansen","seller":"socialmediaseo","symbol":"SPT","quantity":"39.326894","price":"0.00169505","timestamp":1659036399,"volume":"0.06666105","buyTxId":"4c46e1bb82c58ef0a6a5a7a83af1d6962a4b4330","sellTxId":"e1fb598d99789f6ff2111377e208ed193fa6e9f3"}
{"index": {"_index":"spt","_id":"4012469"}}
	{"id":4012469,"type":"sell","buyer":"pjansen","seller":"holdeck","symbol":"SPT","quantity":"36.378943","price":"0.00169505","timestamp":1659036729,"volume":"0.06166413","buyTxId":"39140f692461ba643183f394c8db10c7675d99e3","sellTxId":"5ed8519c46d92af4680ad652bfbb5521a8ab9fa8"}
{"index": {"_index":"spt","_id":"4012538"}}
	{"id":4012538,"type":"sell","buyer":"pjansen","seller":"lipe100dedos","symbol":"SPT","quantity":"37.122607","price":"0.00171001","timestamp":1659037608,"volume":"0.06348003","buyTxId":"09b6c2a66d161488ecd219be09b2cdc70bfd8e45","sellTxId":"02936618883b16530c68b7ec596dccf7509b9ec7"}
{"index": {"_index":"spt","_id":"4012588"}}
	{"id":4012588,"type":"sell","buyer":"pjansen","seller":"catomoon","symbol":"SPT","quantity":"122.334850","price":"0.00171001","timestamp":1659038169,"volume":"0.20919382","buyTxId":"dfd74891843e65d69f6a4ee99782019a3714c062","sellTxId":"2828dc4b85cb10ab1fd57daa81c9aafdee8cbbe9"}
{"index": {"_index":"spt","_id":"4012589"}}
	{"id":4012589,"type":"sell","buyer":"pjansen","seller":"liuke96player","symbol":"SPT","quantity":"203.685542","price":"0.00171001","timestamp":1659038190,"volume":"0.34830431","buyTxId":"dfd74891843e65d69f6a4ee99782019a3714c062","sellTxId":"6d97b4ce612034f36ee3f668e70171fa7df790a4"}
{"index": {"_index":"spt","_id":"4012645"}}
	{"id":4012645,"type":"sell","buyer":"pjansen","seller":"thranax","symbol":"SPT","quantity":"3767.971604","price":"0.00172001","timestamp":1659038841,"volume":"6.48094884","buyTxId":"8eb00128ec2bd7b756f49f34491ad6244342ccaa","sellTxId":"f335d48c14bd3770ded8e285706b207585d595c7"}
{"index": {"_index":"spt","_id":"4012753"}}
	{"id":4012753,"type":"sell","buyer":"pjansen","seller":"durlan","symbol":"SPT","quantity":"24.76566","price":"0.00172001","timestamp":1659039663,"volume":"0.04259718","buyTxId":"44b968cd9d52cb499cd7f9621b82887e85f24723","sellTxId":"31b71feadd5082ff58d74151656e38c33d70dfa4"}
{"index": {"_index":"spt","_id":"4012923"}}
	{"id":4012923,"type":"sell","buyer":"onlydoge","seller":"gadrian","symbol":"SPT","quantity":"296.495744","price":"0.00173000","timestamp":1659041886,"volume":"0.51293764","buyTxId":"2fc222266d7a3194e266dc88116ec14a8220a5dd","sellTxId":"a90c0355496df2ff8468b2e6237530753f251b25"}
{"index": {"_index":"spt","_id":"4012938"}}
	{"id":4012938,"type":"buy","buyer":"c0s1","seller":"thecuriousfool","symbol":"SPT","quantity":"1645.500715","price":"0.00190000","timestamp":1659042027,"volume":"3.12645136","buyTxId":"83be9b8acca54201ed939cfb71c2f0d9b96bd026","sellTxId":"460091bdd58e0a468a8c5a6ed9c1775627f134dd"}
{"index": {"_index":"spt","_id":"4012939"}}
	{"id":4012939,"type":"buy","buyer":"c0s1","seller":"muzehan","symbol":"SPT","quantity":"84.499285","price":"0.00190000","timestamp":1659042027,"volume":"0.16054864","buyTxId":"83be9b8acca54201ed939cfb71c2f0d9b96bd026","sellTxId":"a4681a57cefc6dcae671687d0febb01271081013"}
{"index": {"_index":"spt","_id":"4013055"}}
	{"id":4013055,"type":"sell","buyer":"onlydoge","seller":"andy4475","symbol":"SPT","quantity":"18.843018","price":"0.00173000","timestamp":1659043383,"volume":"0.03259842","buyTxId":"2fc222266d7a3194e266dc88116ec14a8220a5dd","sellTxId":"345eacc25ada7c7c4fbd93939ac552a4790e5392"}
{"index": {"_index":"spt","_id":"4013213"}}
	{"id":4013213,"type":"buy","buyer":"pjansen","seller":"droida","symbol":"SPT","quantity":"3.497318","price":"0.00173002","timestamp":1659045543,"volume":"0.00605043","buyTxId":"b8fef0cb4cff4d473dda2fe416ca73747efba0cc","sellTxId":"59e3b6a8e0233d3dfc70d55035e352ff9bf085f2"}
{"index": {"_index":"spt","_id":"4013214"}}
	{"id":4013214,"type":"buy","buyer":"pjansen","seller":"curator50","symbol":"SPT","quantity":"0.102177","price":"0.00173003","timestamp":1659045543,"volume":"0.00017677","buyTxId":"b8fef0cb4cff4d473dda2fe416ca73747efba0cc","sellTxId":"265669a95688a33101bc3fb0384cb36bc740eda5"}
{"index": {"_index":"spt","_id":"4013411"}}
	{"id":4013411,"type":"sell","buyer":"onlydoge","seller":"anikekirsten","symbol":"SPT","quantity":"3.117277","price":"0.00173000","timestamp":1659047862,"volume":"0.00539289","buyTxId":"2fc222266d7a3194e266dc88116ec14a8220a5dd","sellTxId":"70e6c02ae516099151eb786ffaed93fcde246866"}
{"index": {"_index":"spt","_id":"4013460"}}
	{"id":4013460,"type":"sell","buyer":"onlydoge","seller":"splinter100dedos","symbol":"SPT","quantity":"96.716711","price":"0.00173000","timestamp":1659048684,"volume":"0.16731991","buyTxId":"2fc222266d7a3194e266dc88116ec14a8220a5dd","sellTxId":"3b6d0f24a007c2604a6bd30104e29bfa0dc3a197"}
{"index": {"_index":"spt","_id":"4013676"}}
	{"id":4013676,"type":"sell","buyer":"onlydoge","seller":"chubb149","symbol":"SPT","quantity":"2358.764822","price":"0.00173000","timestamp":1659051594,"volume":"4.08066314","buyTxId":"2fc222266d7a3194e266dc88116ec14a8220a5dd","sellTxId":"f6696f5bc735f806e50118678ce4487579c2dda9"}
{"index": {"_index":"spt","_id":"4013888"}}
	{"id":4013888,"type":"sell","buyer":"onlydoge","seller":"alexandrzombi","symbol":"SPT","quantity":"0.000008","price":"0.00173000","timestamp":1659054264,"volume":"0.00000001","buyTxId":"2fc222266d7a3194e266dc88116ec14a8220a5dd","sellTxId":"5af5e8718f1ac5d4b2e6492a6f444be95e62232e"}
{"index": {"_index":"spt","_id":"4013987"}}
	{"id":4013987,"type":"sell","buyer":"onlydoge","seller":"eijibr","symbol":"SPT","quantity":"1297.459039","price":"0.00173000","timestamp":1659055509,"volume":"2.24460414","buyTxId":"2fc222266d7a3194e266dc88116ec14a8220a5dd","sellTxId":"7310fe4c804a5d6ce245f0a976ce8c79d0255f27"}
{"index": {"_index":"spt","_id":"4014439"}}
	{"id":4014439,"type":"sell","buyer":"onlydoge","seller":"themarkymark","symbol":"SPT","quantity":"6.754773","price":"0.00173000","timestamp":1659060300,"volume":"0.01168576","buyTxId":"2fc222266d7a3194e266dc88116ec14a8220a5dd","sellTxId":"2a69282aba4ae5d63cb30d04969b4c48216aaede"}
{"index": {"_index":"spt","_id":"4014595"}}
	{"id":4014595,"type":"sell","buyer":"onlydoge","seller":"kephler","symbol":"SPT","quantity":"6.732715","price":"0.00173000","timestamp":1659062403,"volume":"0.01164760","buyTxId":"2fc222266d7a3194e266dc88116ec14a8220a5dd","sellTxId":"b73afebd41318cfbcdc2fbd467fbd285acac25af"}
