{"id":7959745,"type":"sell","buyer":"mxnsmxn","seller":"assassyn","symbol":"SPT","quantity":"0.002324","price":"0.00051327","timestamp":1701939612,"volume":"0.00000119","buyTxId":"97ffc2088e5ac3064e741b3924224001ecd8567f-3","sellTxId":"0c63cf26dd5f80b8936bc37c17d3cd2148a7fb11-2"}
{"id":7960130,"type":"sell","buyer":"mxnsmxn","seller":"phanty","symbol":"SPT","quantity":"76.542836","price":"0.00051526","timestamp":1701945114,"volume":"0.03943946","buyTxId":"18dc544f7336f0f2bb2d00b2c345f137a56c5318-3","sellTxId":"b4055f9891bc7e4c138638694e0fdc9353c8625c"}
{"id":7960652,"type":"sell","buyer":"god0","seller":"elfino28","symbol":"SPT","quantity":"749.310290","price":"0.00051340","timestamp":1701952578,"volume":"0.38469590","buyTxId":"52ff2fc6cca946129350198d28518b0025d60f19-0","sellTxId":"bb73c8c1e9e817f37bcc2c575617ecd54b38564b"}
{"id":7960653,"type":"sell","buyer":"mxnsmxn","seller":"elfino28","symbol":"SPT","quantity":"8042.314649","price":"0.00051330","timestamp":1701952578,"volume":"4.12812011","buyTxId":"8c4339db26c8bb430eed6c3a3724a78a04697145-3","sellTxId":"bb73c8c1e9e817f37bcc2c575617ecd54b38564b"}
{"id":7960658,"type":"buy","buyer":"pepentropy","seller":"megamariano","symbol":"SPT","quantity":"354.226274","price":"0.00053128","timestamp":1701952662,"volume":"0.18819333","buyTxId":"1168ac1e33aec7dea907dda8acb08309b860c817","sellTxId":"4b128d5049b625362280836a6e78d0b1fde9cce1"}
{"id":7960659,"type":"sell","buyer":"pepentropy","seller":"god0","symbol":"SPT","quantity":"645.773726","price":"0.00055000","timestamp":1701952662,"volume":"0.35517555","buyTxId":"1168ac1e33aec7dea907dda8acb08309b860c817","sellTxId":"0371b674dfd1f04a31b3f5489e882b353a5f9196-1"}
{"id":7960861,"type":"sell","buyer":"mxnsmxn","seller":"xplosive","symbol":"SPT","quantity":"124.332908","price":"0.00051059","timestamp":1701954780,"volume":"0.06348314","buyTxId":"657fea6569838d6e52850cd02d86a6c5a8de42b9-3","sellTxId":"58cf20b09b86549ad7b0cfa11b2686928d0dd7ad"}
{"id":7961214,"type":"sell","buyer":"mxnsmxn","seller":"go-kyo","symbol":"SPT","quantity":"49.268336","price":"0.00050881","timestamp":1701958083,"volume":"0.02506822","buyTxId":"b871489df630e893bcdfbc4b6918b10891909e74-3","sellTxId":"7604ef4b06b43b8cbe3c7d98163af062f6e6da86"}
{"id":7961258,"type":"sell","buyer":"mxnsmxn","seller":"rimurutempest","symbol":"SPT","quantity":"4282.034010","price":"0.00050881","timestamp":1701958647,"volume":"2.17874172","buyTxId":"b871489df630e893bcdfbc4b6918b10891909e74-3","sellTxId":"2e4a0a91545ca120a36fabd5be265a13399e0bfb"}
{"id":7962166,"type":"sell","buyer":"mxnsmxn","seller":"braaiboy","symbol":"SPT","quantity":"0.194213","price":"0.00050939","timestamp":1701966717,"volume":"0.00009893","buyTxId":"b0b1cda53ed6c2f8fb14f2998363b2e673951673-3","sellTxId":"307cee27411d90b53d223973e356364fa1b77ee0"}
{"id":7962739,"type":"sell","buyer":"mxnsmxn","seller":"resiliencia","symbol":"SPT","quantity":"153.964218","price":"0.00050939","timestamp":1701973431,"volume":"0.07842783","buyTxId":"2a71baf8ed4cfa3475e2561d319c2cb57ced81e7-3","sellTxId":"67b92b7ee346b703831be7c939ebfb705e1efccb"}
{"id":7963086,"type":"sell","buyer":"mxnsmxn","seller":"zallin.spt","symbol":"SPT","quantity":"201.93","price":"0.00050947","timestamp":1701977157,"volume":"0.10287728","buyTxId":"85dd87581e902250d52729947d8fbed9421ed453-3","sellTxId":"06f4c2075d779d95d7f95e7cb96b0eacfd8e6d2f"}
{"id":7963091,"type":"sell","buyer":"mxnsmxn","seller":"zallin.spt","symbol":"SPT","quantity":"38.288","price":"0.00050947","timestamp":1701977220,"volume":"0.01950659","buyTxId":"85dd87581e902250d52729947d8fbed9421ed453-3","sellTxId":"5b8f0cc4077d654d2be757edd66a6be8d6935fec"}
{"id":7963094,"type":"sell","buyer":"mxnsmxn","seller":"zallin.spt","symbol":"SPT","quantity":"108.566","price":"0.00050947","timestamp":1701977310,"volume":"0.05531112","buyTxId":"85dd87581e902250d52729947d8fbed9421ed453-3","sellTxId":"f8e5b7a964c2a6948eb11ee93a6f8a4ffa94e0a2"}
{"id":7963103,"type":"sell","buyer":"mxnsmxn","seller":"zallin.spt","symbol":"SPT","quantity":"421.132","price":"0.00050947","timestamp":1701977388,"volume":"0.21455412","buyTxId":"85dd87581e902250d52729947d8fbed9421ed453-3","sellTxId":"df41b134173fc4013e416f6e42ee3f556c0f0021"}
{"id":7963271,"type":"sell","buyer":"mxnsmxn","seller":"krakonos","symbol":"SPT","quantity":"28.754440","price":"0.00050947","timestamp":1701979347,"volume":"0.01464952","buyTxId":"85dd87581e902250d52729947d8fbed9421ed453-3","sellTxId":"5c493ccd574d971567e91bcdbfa56de94ee560c1"}
{"id":7963364,"type":"sell","buyer":"mxnsmxn","seller":"dswap","symbol":"SPT","quantity":"952.736107","price":"0.00050947","timestamp":1701980331,"volume":"0.48539046","buyTxId":"85dd87581e902250d52729947d8fbed9421ed453-3","sellTxId":"a594e11110bdc5b9a98e774be21bcb65e67891d8"}
{"id":7963677,"type":"sell","buyer":"mxnsmxn","seller":"notaboutme","symbol":"SPT","quantity":"2678.907663","price":"0.00050648","timestamp":1701983928,"volume":"1.35681315","buyTxId":"ac8609058e1040e65e024cb9d962c96b5da4a483-3","sellTxId":"9f77806781b14ecabaf5c26a787f220245151b9b"}
{"id":7963896,"type":"sell","buyer":"mxnsmxn","seller":"kryptof","symbol":"SPT","quantity":"141.833063","price":"0.00051008","timestamp":1701986031,"volume":"0.07234621","buyTxId":"838bdba39757ad10fd089b55002be1b3ed13d55b-3","sellTxId":"e91ba2cb32d9f9ba5c89dc364fca2efbe9009e47"}
{"id":7964076,"type":"sell","buyer":"mxnsmxn","seller":"elikast","symbol":"SPT","quantity":"3.140000","price":"0.00050717","timestamp":1701987630,"volume":"0.00159251","buyTxId":"b095c1a16ca7487ba084b9400007806e08a80a11-3","sellTxId":"df519f3bde17c532a5ca8d0b0d65ca54f4371de7"}
{"id":7964416,"type":"sell","buyer":"mxnsmxn","seller":"mad-runner","symbol":"SPT","quantity":"623.393982","price":"0.00050909","timestamp":1701991542,"volume":"0.31736364","buyTxId":"c0f49b92ced99b7a3ff784d0307a0844b62edf34-3","sellTxId":"d7ff45ca2b0c319739fd4c04538fbcab5b8f3b97"}
{"id":7965392,"type":"sell","buyer":"mxnsmxn","seller":"eddiespino","symbol":"SPT","quantity":"2613.448789","price":"0.00050552","timestamp":1702009851,"volume":"1.32115063","buyTxId":"347f16b17e6e0b244f4e3e4a3a76b0b6daa10f93-3","sellTxId":"552b89f23bb3d35768a82a2c3aaaf26b242d9284"}
{"id":7965603,"type":"sell","buyer":"mxnsmxn","seller":"alokkumar121","symbol":"SPT","quantity":"10100.000000","price":"0.00051572","timestamp":1702014405,"volume":"5.20877200","buyTxId":"6e3627a0362ce2b62678388563731f4fd6f210ae-3","sellTxId":"bfb0fdbeff28ee050fbe2ff12107aef4bc7b4940"}
{"id":7965605,"type":"sell","buyer":"newageinv","seller":"alokkumar121","symbol":"SPT","quantity":"6316.101916","price":"0.00049998","timestamp":1702014423,"volume":"3.15792464","buyTxId":"10302a9affb5451383aff068762f6e1cb1724d04","sellTxId":"15393889191034df32f48c8d9ec7cf208b3e70e4"}
{"id":7965655,"type":"sell","buyer":"mxnsmxn","seller":"reeta0119","symbol":"SPT","quantity":"4708.691480","price":"0.00051483","timestamp":1702014864,"volume":"2.42417563","buyTxId":"0bf5b09c294351418205b2521179811d2e5ea3b5-2","sellTxId":"11026d736beeb2ee8290dad08093ffdab557040a"}
{"id":7966057,"type":"sell","buyer":"mxnsmxn","seller":"samarek69","symbol":"SPT","quantity":"33.328941","price":"0.00051514","timestamp":1702022421,"volume":"0.01716907","buyTxId":"96f40d025856864763c75d09b2f2a55ba63a7a2f-3","sellTxId":"131f83108f0d584fab83441553d592ab1059acd6"}
{"id":7966067,"type":"sell","buyer":"mxnsmxn","seller":"tradingideas","symbol":"SPT","quantity":"123.866394","price":"0.00051514","timestamp":1702022529,"volume":"0.06380853","buyTxId":"96f40d025856864763c75d09b2f2a55ba63a7a2f-3","sellTxId":"aba4868cb3f03efd0d762dc884169bf4a2e467d3"}
{"id":7966068,"type":"sell","buyer":"mxnsmxn","seller":"relf87","symbol":"SPT","quantity":"595.797023","price":"0.00051514","timestamp":1702022541,"volume":"0.30691888","buyTxId":"96f40d025856864763c75d09b2f2a55ba63a7a2f-3","sellTxId":"b646c5eb6de593becb2580323b56d3fc3b939711"}
{"id":7966178,"type":"sell","buyer":"mxnsmxn","seller":"mightyrocklee","symbol":"SPT","quantity":"26.821757","price":"0.00051514","timestamp":1702024506,"volume":"0.01381696","buyTxId":"96f40d025856864763c75d09b2f2a55ba63a7a2f-3","sellTxId":"1ea427576f085cf838cb015b2f8bc40078f2b776"}
{"id":7966180,"type":"sell","buyer":"mxnsmxn","seller":"phanty","symbol":"SPT","quantity":"64.435810","price":"0.00051514","timestamp":1702024635,"volume":"0.03319346","buyTxId":"96f40d025856864763c75d09b2f2a55ba63a7a2f-3","sellTxId":"3b438d52a8b44eeed9b28186e138aabd97957071"}