{"index": {"_index":"spt","_id":"3328032"}}
	{"id":3328032,"type":"buy","buyer":"dswap","seller":"laundrywoman","symbol":"SPT","quantity":"88.823299","price":"0.00226790","timestamp":1651463289,"volume":"0.20144236","buyTxId":"12edd9c008136402f9da79b2e0bfb3734a3f7279","sellTxId":"2838d345637a41ca53300442616dee009bf2cd06"}
{"index": {"_index":"spt","_id":"3328348"}}
	{"id":3328348,"type":"sell","buyer":"thewycher","seller":"elenkar","symbol":"SPT","quantity":"0.812590","price":"0.00200311","timestamp":1651467981,"volume":"0.00162771","buyTxId":"441ed8ab7aee523154435e2f7dfbc137312dbd8b","sellTxId":"c70b7ed4e6a53a01c91cfcf6314c8fea88b400a6"}
{"index": {"_index":"spt","_id":"3328394"}}
	{"id":3328394,"type":"sell","buyer":"thewycher","seller":"nathu1","symbol":"SPT","quantity":"499.187409","price":"0.00200311","timestamp":1651468320,"volume":"0.99992729","buyTxId":"441ed8ab7aee523154435e2f7dfbc137312dbd8b","sellTxId":"56a85e64b27012674dd41b066a6e0bfc3bc3814f"}
{"index": {"_index":"spt","_id":"3328395"}}
	{"id":3328395,"type":"sell","buyer":"thewycher","seller":"nathu1","symbol":"SPT","quantity":"30.812591","price":"0.00200311","timestamp":1651468320,"volume":"0.06172101","buyTxId":"82988c0e6d2607260f1b16d02fe6319a365ea63e","sellTxId":"56a85e64b27012674dd41b066a6e0bfc3bc3814f"}
{"index": {"_index":"spt","_id":"3328435"}}
	{"id":3328435,"type":"sell","buyer":"thewycher","seller":"rileykat","symbol":"SPT","quantity":"6.448695","price":"0.00200311","timestamp":1651469049,"volume":"0.01291745","buyTxId":"82988c0e6d2607260f1b16d02fe6319a365ea63e","sellTxId":"c0a508cc40b172ce02fe6915db6cd2909d151efb"}
{"index": {"_index":"spt","_id":"3328902"}}
	{"id":3328902,"type":"sell","buyer":"groentje","seller":"mango-juice","symbol":"SPT","quantity":"249.885817","price":"0.00205000","timestamp":1651474257,"volume":"0.51226592","buyTxId":"e736792724e4906ae3b0d0184b0980f590df9d2e","sellTxId":"59f85b615a52346d19f8a9955e8c88e589510abc"}
{"index": {"_index":"spt","_id":"3329262"}}
	{"id":3329262,"type":"sell","buyer":"groentje","seller":"haseeb-asif-khan","symbol":"SPT","quantity":"59.935188","price":"0.00205000","timestamp":1651480128,"volume":"0.12286714","buyTxId":"e736792724e4906ae3b0d0184b0980f590df9d2e","sellTxId":"5fd52172681afb070fbc7b541c63da98b5673140"}
{"index": {"_index":"spt","_id":"3330714"}}
	{"id":3330714,"type":"sell","buyer":"groentje","seller":"dannewton","symbol":"SPT","quantity":"26.839388","price":"0.00205000","timestamp":1651497183,"volume":"0.05502075","buyTxId":"e736792724e4906ae3b0d0184b0980f590df9d2e","sellTxId":"aa502487a2322a79f7000ae43f6a98665673f223"}
{"index": {"_index":"spt","_id":"3330993"}}
	{"id":3330993,"type":"sell","buyer":"groentje","seller":"dusk88","symbol":"SPT","quantity":"6.319548","price":"0.00205000","timestamp":1651501245,"volume":"0.01295507","buyTxId":"e736792724e4906ae3b0d0184b0980f590df9d2e","sellTxId":"3f339e2b5716d724229454d11fdd0afedef3e43c"}
{"index": {"_index":"spt","_id":"3331071"}}
	{"id":3331071,"type":"sell","buyer":"groentje","seller":"captainquack22","symbol":"SPT","quantity":"22.020059","price":"0.00205000","timestamp":1651501752,"volume":"0.04514112","buyTxId":"e736792724e4906ae3b0d0184b0980f590df9d2e","sellTxId":"05dec498f63dce831dd03aa173ff7f5b4853aed4"}
{"index": {"_index":"spt","_id":"3331072"}}
	{"id":3331072,"type":"sell","buyer":"thewycher","seller":"captainquack22","symbol":"SPT","quantity":"308.979941","price":"0.00200311","timestamp":1651501752,"volume":"0.61892081","buyTxId":"82988c0e6d2607260f1b16d02fe6319a365ea63e","sellTxId":"05dec498f63dce831dd03aa173ff7f5b4853aed4"}
{"index": {"_index":"spt","_id":"3331380"}}
	{"id":3331380,"type":"sell","buyer":"thewycher","seller":"chireerocks","symbol":"SPT","quantity":"110.501802","price":"0.00200311","timestamp":1651504428,"volume":"0.22134726","buyTxId":"82988c0e6d2607260f1b16d02fe6319a365ea63e","sellTxId":"5dbfcef51ca754d9ec696b3e48fa9a569a435f5a"}
{"index": {"_index":"spt","_id":"3331576"}}
	{"id":3331576,"type":"sell","buyer":"thewycher","seller":"diegomanrique","symbol":"SPT","quantity":"43.256970","price":"0.00200311","timestamp":1651506072,"volume":"0.08664847","buyTxId":"82988c0e6d2607260f1b16d02fe6319a365ea63e","sellTxId":"e8cb1e7e88d17ba0ffbc65c672a712cf1e7680d3"}
{"index": {"_index":"spt","_id":"3331577"}}
	{"id":3331577,"type":"sell","buyer":"thewycher","seller":"diegomanrique","symbol":"SPT","quantity":"111.024648","price":"0.00200311","timestamp":1651506072,"volume":"0.22239458","buyTxId":"f385a354a7181b5e69655c599d0fa5c7defaa7fa","sellTxId":"e8cb1e7e88d17ba0ffbc65c672a712cf1e7680d3"}
{"index": {"_index":"spt","_id":"3331801"}}
	{"id":3331801,"type":"buy","buyer":"thewycher","seller":"jnn10","symbol":"SPT","quantity":"98.510773","price":"0.00200312","timestamp":1651507917,"volume":"0.19732890","buyTxId":"205fd5bd4cedb446ad9d4e343191f0d5570d2cca","sellTxId":"6942512523057d9ba43df978e8d63484bb7691a7"}
{"index": {"_index":"spt","_id":"3331832"}}
	{"id":3331832,"type":"buy","buyer":"thewycher","seller":"jnn10","symbol":"SPT","quantity":"103.235417","price":"0.00200312","timestamp":1651507998,"volume":"0.20679293","buyTxId":"a1bc96ff5d81f49fa9ce5176ee57933d7a4dc1b8","sellTxId":"6942512523057d9ba43df978e8d63484bb7691a7"}
{"index": {"_index":"spt","_id":"3331843"}}
	{"id":3331843,"type":"buy","buyer":"thewycher","seller":"jnn10","symbol":"SPT","quantity":"108.185605","price":"0.00200312","timestamp":1651508094,"volume":"0.21670875","buyTxId":"112192cbd12a28ae50b94a81038b108f117761fe","sellTxId":"6942512523057d9ba43df978e8d63484bb7691a7"}
{"index": {"_index":"spt","_id":"3331857"}}
	{"id":3331857,"type":"buy","buyer":"thewycher","seller":"jnn10","symbol":"SPT","quantity":"507.988647","price":"0.00200312","timestamp":1651508181,"volume":"1.01756222","buyTxId":"1a937198255cbe43ae3d04720daea548caa64bfb","sellTxId":"6942512523057d9ba43df978e8d63484bb7691a7"}
{"index": {"_index":"spt","_id":"3331863"}}
	{"id":3331863,"type":"buy","buyer":"thewycher","seller":"jnn10","symbol":"SPT","quantity":"532.303885","price":"0.00200312","timestamp":1651508283,"volume":"1.06626856","buyTxId":"1a76120af5e306d9570b5f808f00c9e3e2c59e13","sellTxId":"6942512523057d9ba43df978e8d63484bb7691a7"}
{"index": {"_index":"spt","_id":"3331866"}}
	{"id":3331866,"type":"buy","buyer":"thewycher","seller":"jnn10","symbol":"SPT","quantity":"146.545195","price":"0.00200312","timestamp":1651508376,"volume":"0.29354761","buyTxId":"af2b2ed3c3b8868b81d7024b9b489f913cee832f","sellTxId":"6942512523057d9ba43df978e8d63484bb7691a7"}
{"index": {"_index":"spt","_id":"3332663"}}
	{"id":3332663,"type":"sell","buyer":"groentje","seller":"cryptomonkeez","symbol":"SPT","quantity":"10.133206","price":"0.00205000","timestamp":1651515960,"volume":"0.02077307","buyTxId":"06a2665fb474e2cfbd02ec47d511fa6269ea8228","sellTxId":"2e4f014601f4e1028a799f5429546424ede9dadf"}
{"index": {"_index":"spt","_id":"3332918"}}
	{"id":3332918,"type":"buy","buyer":"jongolson","seller":"jnn10","symbol":"SPT","quantity":"0.195076","price":"0.00205002","timestamp":1651517925,"volume":"0.00039991","buyTxId":"4ee62d9c5168c90344b667a9f3248bbae7a76397","sellTxId":"f90c03c6b0e4a722e67a2b77793ea6e4b8245ace"}
{"index": {"_index":"spt","_id":"3332919"}}
	{"id":3332919,"type":"buy","buyer":"jongolson","seller":"master-lamps","symbol":"SPT","quantity":"0.019830","price":"0.00226760","timestamp":1651517925,"volume":"0.00004497","buyTxId":"4ee62d9c5168c90344b667a9f3248bbae7a76397","sellTxId":"ae0431bcaf7647c3f90d3bb5f832fa2caec3e715"}
{"index": {"_index":"spt","_id":"3332920"}}
	{"id":3332920,"type":"buy","buyer":"jongolson","seller":"underlock","symbol":"SPT","quantity":"919.260361","price":"0.00226786","timestamp":1651517925,"volume":"2.08475380","buyTxId":"4ee62d9c5168c90344b667a9f3248bbae7a76397","sellTxId":"64e449b1656a6be264d94a572490f84b03f1400c"}
{"index": {"_index":"spt","_id":"3332921"}}
	{"id":3332921,"type":"buy","buyer":"jongolson","seller":"underlock","symbol":"SPT","quantity":"80.524733","price":"0.00226788","timestamp":1651517925,"volume":"0.18262043","buyTxId":"4ee62d9c5168c90344b667a9f3248bbae7a76397","sellTxId":"261ca3c8a33f237b72aec980b47df1fdabbc86d0"}
{"index": {"_index":"spt","_id":"3332959"}}
	{"id":3332959,"type":"sell","buyer":"groentje","seller":"transcript-junky","symbol":"SPT","quantity":"354.866794","price":"0.00205000","timestamp":1651518465,"volume":"0.72747693","buyTxId":"06a2665fb474e2cfbd02ec47d511fa6269ea8228","sellTxId":"91789e8b301b96a8664dd7cd398d3d398fc19521"}
{"index": {"_index":"spt","_id":"3333014"}}
	{"id":3333014,"type":"sell","buyer":"thewycher","seller":"transcript-junky","symbol":"SPT","quantity":"388.975351","price":"0.00200311","timestamp":1651518819,"volume":"0.77916042","buyTxId":"f385a354a7181b5e69655c599d0fa5c7defaa7fa","sellTxId":"65a95380ce46638d805ee8cca5f42a7c0600a553"}
{"index": {"_index":"spt","_id":"3333015"}}
	{"id":3333015,"type":"sell","buyer":"thewycher","seller":"transcript-junky","symbol":"SPT","quantity":"499.999999","price":"0.00200311","timestamp":1651518819,"volume":"1.00155500","buyTxId":"8348a03a33af594f8fa2573f5f1506730979713b","sellTxId":"65a95380ce46638d805ee8cca5f42a7c0600a553"}
{"index": {"_index":"spt","_id":"3333016"}}
	{"id":3333016,"type":"sell","buyer":"thewycher","seller":"transcript-junky","symbol":"SPT","quantity":"499.999999","price":"0.00200311","timestamp":1651518819,"volume":"1.00155500","buyTxId":"66010747bc3fce144d6e7e5895bc323e99e5745e","sellTxId":"65a95380ce46638d805ee8cca5f42a7c0600a553"}
{"index": {"_index":"spt","_id":"3333017"}}
	{"id":3333017,"type":"sell","buyer":"thewycher","seller":"transcript-junky","symbol":"SPT","quantity":"499.999999","price":"0.00200311","timestamp":1651518819,"volume":"1.00155500","buyTxId":"0941b4ec89308003f219b83442e8370e3420b8ee","sellTxId":"65a95380ce46638d805ee8cca5f42a7c0600a553"}
{"index": {"_index":"spt","_id":"3333018"}}
	{"id":3333018,"type":"sell","buyer":"thewycher","seller":"transcript-junky","symbol":"SPT","quantity":"499.999999","price":"0.00200311","timestamp":1651518819,"volume":"1.00155500","buyTxId":"b56f9dd257b666242ccbac7266ce945a540f63ef","sellTxId":"65a95380ce46638d805ee8cca5f42a7c0600a553"}
{"index": {"_index":"spt","_id":"3333019"}}
	{"id":3333019,"type":"sell","buyer":"thewycher","seller":"transcript-junky","symbol":"SPT","quantity":"499.999999","price":"0.00200311","timestamp":1651518819,"volume":"1.00155500","buyTxId":"0d9c51a8e2311ca466c8f9c5efb885d13599d7ee","sellTxId":"65a95380ce46638d805ee8cca5f42a7c0600a553"}
{"index": {"_index":"spt","_id":"3333020"}}
	{"id":3333020,"type":"sell","buyer":"thewycher","seller":"transcript-junky","symbol":"SPT","quantity":"499.999999","price":"0.00200311","timestamp":1651518819,"volume":"1.00155500","buyTxId":"c1d2f73a8b027e8e872b093ea921e360bf1e7583","sellTxId":"65a95380ce46638d805ee8cca5f42a7c0600a553"}
{"index": {"_index":"spt","_id":"3333021"}}
	{"id":3333021,"type":"sell","buyer":"thewycher","seller":"transcript-junky","symbol":"SPT","quantity":"499.999999","price":"0.00200311","timestamp":1651518819,"volume":"1.00155500","buyTxId":"fda8929fe6946d4202562f6bc7471ab4ff0c01e5","sellTxId":"65a95380ce46638d805ee8cca5f42a7c0600a553"}
{"index": {"_index":"spt","_id":"3333022"}}
	{"id":3333022,"type":"sell","buyer":"thewycher","seller":"transcript-junky","symbol":"SPT","quantity":"499.999999","price":"0.00200311","timestamp":1651518819,"volume":"1.00155500","buyTxId":"1704e54bc260bece477c5605899dee7bec7bad63","sellTxId":"65a95380ce46638d805ee8cca5f42a7c0600a553"}
{"index": {"_index":"spt","_id":"3333023"}}
	{"id":3333023,"type":"sell","buyer":"thewycher","seller":"transcript-junky","symbol":"SPT","quantity":"150.967165","price":"0.00200311","timestamp":1651518819,"volume":"0.30240384","buyTxId":"3d8b02b45edaed5f43e9beafe12a2f0c4f1b31de","sellTxId":"65a95380ce46638d805ee8cca5f42a7c0600a553"}
{"index": {"_index":"spt","_id":"3333107"}}
	{"id":3333107,"type":"sell","buyer":"thewycher","seller":"catomoon","symbol":"SPT","quantity":"4.365825","price":"0.00200311","timestamp":1651519590,"volume":"0.00874523","buyTxId":"3d8b02b45edaed5f43e9beafe12a2f0c4f1b31de","sellTxId":"45b296e8b2bedd3bf7b0cd644153f8e57a13c579"}
{"index": {"_index":"spt","_id":"3333438"}}
	{"id":3333438,"type":"sell","buyer":"groentje","seller":"epicur0","symbol":"SPT","quantity":"219.436717","price":"0.00205000","timestamp":1651522197,"volume":"0.44984527","buyTxId":"638c1f5161090637e1f99b2488f1c45f425856af","sellTxId":"3b436584a143740fb30710d7f16cdb8b962a1a96"}
{"index": {"_index":"spt","_id":"3333965"}}
	{"id":3333965,"type":"sell","buyer":"groentje","seller":"bokica80","symbol":"SPT","quantity":"63.146305","price":"0.00205000","timestamp":1651527783,"volume":"0.12944993","buyTxId":"638c1f5161090637e1f99b2488f1c45f425856af","sellTxId":"b3e36351560e108c2eccc6cebfe009ffbca51d57"}
{"index": {"_index":"spt","_id":"3334131"}}
	{"id":3334131,"type":"sell","buyer":"groentje","seller":"he-index","symbol":"SPT","quantity":"0.068000","price":"0.00205000","timestamp":1651529826,"volume":"0.00013940","buyTxId":"638c1f5161090637e1f99b2488f1c45f425856af","sellTxId":"b7c8c4951e143635466a3fe2cbc03d21b015b661"}
{"index": {"_index":"spt","_id":"3334147"}}
	{"id":3334147,"type":"sell","buyer":"groentje","seller":"thisisawesome","symbol":"SPT","quantity":"0.290793","price":"0.00205000","timestamp":1651529967,"volume":"0.00059613","buyTxId":"638c1f5161090637e1f99b2488f1c45f425856af","sellTxId":"4f25b92c7fc48daa3f4a806c80d455fe1187c937"}
{"index": {"_index":"spt","_id":"3334419"}}
	{"id":3334419,"type":"sell","buyer":"groentje","seller":"alexandrzombi","symbol":"SPT","quantity":"0.579894","price":"0.00205000","timestamp":1651533324,"volume":"0.00118878","buyTxId":"638c1f5161090637e1f99b2488f1c45f425856af","sellTxId":"b7793fa42fed0b70f481834b4be4d820ed5ae3f7"}
{"index": {"_index":"spt","_id":"3334435"}}
	{"id":3334435,"type":"buy","buyer":"dswap","seller":"underlock","symbol":"SPT","quantity":"84.940927","price":"0.00226788","timestamp":1651533390,"volume":"0.19263583","buyTxId":"1972b1b04214b9b04f6dce01056c9a3f2287928c","sellTxId":"261ca3c8a33f237b72aec980b47df1fdabbc86d0"}
{"index": {"_index":"spt","_id":"3334498"}}
	{"id":3334498,"type":"sell","buyer":"groentje","seller":"fernandojosecep","symbol":"SPT","quantity":"0.693855","price":"0.00205000","timestamp":1651534275,"volume":"0.00142240","buyTxId":"638c1f5161090637e1f99b2488f1c45f425856af","sellTxId":"c8c7b5ac0b151c0a0cdd81ff10209c8fa1a252d7"}
{"index": {"_index":"spt","_id":"3334986"}}
	{"id":3334986,"type":"sell","buyer":"groentje","seller":"bitcoinflood","symbol":"SPT","quantity":"80.784436","price":"0.00205000","timestamp":1651541112,"volume":"0.16560809","buyTxId":"638c1f5161090637e1f99b2488f1c45f425856af","sellTxId":"041b96e90810d63429b6ddc93101bd76a7ff3b56"}
{"index": {"_index":"spt","_id":"3335034"}}
	{"id":3335034,"type":"sell","buyer":"thewycher","seller":"nathu1","symbol":"SPT","quantity":"34.000000","price":"0.00200311","timestamp":1651541790,"volume":"0.06810574","buyTxId":"3d8b02b45edaed5f43e9beafe12a2f0c4f1b31de","sellTxId":"6a3178f42330564755f6a6035ab640902e914ac4"}
{"index": {"_index":"spt","_id":"3335044"}}
	{"id":3335044,"type":"sell","buyer":"thewycher","seller":"nathu1","symbol":"SPT","quantity":"138.000000","price":"0.00200311","timestamp":1651541895,"volume":"0.27642918","buyTxId":"3d8b02b45edaed5f43e9beafe12a2f0c4f1b31de","sellTxId":"8dbec708908c860e6f800e7e85d1907a39b28b94"}
{"index": {"_index":"spt","_id":"3335099"}}
	{"id":3335099,"type":"sell","buyer":"thewycher","seller":"eythorphoto","symbol":"SPT","quantity":"71.087501","price":"0.00200311","timestamp":1651542327,"volume":"0.14239608","buyTxId":"3d8b02b45edaed5f43e9beafe12a2f0c4f1b31de","sellTxId":"d2333c69479b6bee88882e794204823823d1f5d1"}
{"index": {"_index":"spt","_id":"3335289"}}
	{"id":3335289,"type":"sell","buyer":"thewycher","seller":"shiftrox","symbol":"SPT","quantity":"101.579508","price":"0.00200311","timestamp":1651543701,"volume":"0.20347493","buyTxId":"3d8b02b45edaed5f43e9beafe12a2f0c4f1b31de","sellTxId":"5e61ac0329c5a528d8ed97121f1e36f5ecdcc48a"}
{"index": {"_index":"spt","_id":"3335290"}}
	{"id":3335290,"type":"sell","buyer":"thewycher","seller":"shiftrox","symbol":"SPT","quantity":"27.619225","price":"0.00200311","timestamp":1651543701,"volume":"0.05532435","buyTxId":"be3d6c0be93163688c33f222ee7a88f31db14970","sellTxId":"5e61ac0329c5a528d8ed97121f1e36f5ecdcc48a"}
{"index": {"_index":"spt","_id":"3335363"}}
	{"id":3335363,"type":"buy","buyer":"blitzzzz","seller":"bitcoinflood","symbol":"SPT","quantity":"27.074520","price":"0.00205000","timestamp":1651544097,"volume":"0.05550277","buyTxId":"4a677cdfa2eb5f3667b7b79bee0a49f12545b157","sellTxId":"041b96e90810d63429b6ddc93101bd76a7ff3b56"}
{"index": {"_index":"spt","_id":"3335445"}}
	{"id":3335445,"type":"sell","buyer":"thewycher","seller":"sephiwolf","symbol":"SPT","quantity":"472.380774","price":"0.00200311","timestamp":1651544907,"volume":"0.94623065","buyTxId":"be3d6c0be93163688c33f222ee7a88f31db14970","sellTxId":"87fb16e545144d0e7324fb3ad098ea6638b0660d"}
{"index": {"_index":"spt","_id":"3335446"}}
	{"id":3335446,"type":"sell","buyer":"thewycher","seller":"sephiwolf","symbol":"SPT","quantity":"499.999999","price":"0.00200311","timestamp":1651544907,"volume":"1.00155500","buyTxId":"51f542b3f7bd2b3e5f650e6379c2bfde24607039","sellTxId":"87fb16e545144d0e7324fb3ad098ea6638b0660d"}
{"index": {"_index":"spt","_id":"3335447"}}
	{"id":3335447,"type":"sell","buyer":"thewycher","seller":"sephiwolf","symbol":"SPT","quantity":"499.999999","price":"0.00200311","timestamp":1651544907,"volume":"1.00155500","buyTxId":"d34ee956ba01c63f574cd4281d3c588130ab33ca","sellTxId":"87fb16e545144d0e7324fb3ad098ea6638b0660d"}
{"index": {"_index":"spt","_id":"3335448"}}
	{"id":3335448,"type":"sell","buyer":"thewycher","seller":"sephiwolf","symbol":"SPT","quantity":"499.999999","price":"0.00200311","timestamp":1651544907,"volume":"1.00155500","buyTxId":"7aa79753ea8a52c78051a786b3a67f2c92a7bc9f","sellTxId":"87fb16e545144d0e7324fb3ad098ea6638b0660d"}
{"index": {"_index":"spt","_id":"3335449"}}
	{"id":3335449,"type":"sell","buyer":"thewycher","seller":"sephiwolf","symbol":"SPT","quantity":"188.914026","price":"0.00200311","timestamp":1651544907,"volume":"0.37841557","buyTxId":"1d49d45b5f86b87416c1915c2124e1560c0da30c","sellTxId":"87fb16e545144d0e7324fb3ad098ea6638b0660d"}
{"index": {"_index":"spt","_id":"3335515"}}
	{"id":3335515,"type":"buy","buyer":"dbooster","seller":"blitzzzz","symbol":"SPT","quantity":"54.512597","price":"0.00226787","timestamp":1651545480,"volume":"0.12362748","buyTxId":"c0f9b1b91515cf0cd85f4d330957e17bad021261","sellTxId":"a28e14846af73275572c44fe8fbf1cc9d687cb2b"}
{"index": {"_index":"spt","_id":"3335532"}}
	{"id":3335532,"type":"sell","buyer":"thewycher","seller":"dracozauberer","symbol":"SPT","quantity":"300","price":"0.00200311","timestamp":1651545765,"volume":"0.60093300","buyTxId":"1d49d45b5f86b87416c1915c2124e1560c0da30c","sellTxId":"2f51a158bdb2505643078c7446ef8b24ecd4b7ef"}
{"index": {"_index":"spt","_id":"3335533"}}
	{"id":3335533,"type":"buy","buyer":"dbooster","seller":"underlock","symbol":"SPT","quantity":"450.000000","price":"0.00226788","timestamp":1651545789,"volume":"1.02054600","buyTxId":"4f6f418bee0023ef4944d93b29ebae1b4ab296d0","sellTxId":"261ca3c8a33f237b72aec980b47df1fdabbc86d0"}
{"index": {"_index":"spt","_id":"3335554"}}
	{"id":3335554,"type":"buy","buyer":"amuchtar","seller":"underlock","symbol":"SPT","quantity":"249.534340","price":"0.00226788","timestamp":1651546068,"volume":"0.56591394","buyTxId":"b11da25adfe00ece4441db6320f05496f177a0dd","sellTxId":"261ca3c8a33f237b72aec980b47df1fdabbc86d0"}
{"index": {"_index":"spt","_id":"3335593"}}
	{"id":3335593,"type":"sell","buyer":"amuchtar","seller":"thewycher","symbol":"SPT","quantity":"300.000000","price":"0.00226788","timestamp":1651546557,"volume":"0.68036400","buyTxId":"b11da25adfe00ece4441db6320f05496f177a0dd","sellTxId":"3366248fdcc7efcc04f021049d160db5bd4a78c0"}
