{"index": {"_index":"spt","_id":"3275299"}}
	{"id":3275299,"type":"sell","buyer":"thewycher","seller":"jnn10","symbol":"SPT","quantity":"0.054286","price":"0.00196852","timestamp":1650858216,"volume":"0.00010686","buyTxId":"7e14ff1cd826b7364642398f8aa8ad442cafe04b","sellTxId":"86f243126fd8bb99db0ff46c1e6e2d40e8222bcb"}
{"index": {"_index":"spt","_id":"3275399"}}
	{"id":3275399,"type":"sell","buyer":"thewycher","seller":"bitcoinflood","symbol":"SPT","quantity":"62.625673","price":"0.00196852","timestamp":1650859953,"volume":"0.12327989","buyTxId":"7e14ff1cd826b7364642398f8aa8ad442cafe04b","sellTxId":"7e8abad0862daf03c0f542a79b0b0e3271aaa90d"}
{"index": {"_index":"spt","_id":"3275665"}}
	{"id":3275665,"type":"buy","buyer":"dswap","seller":"uyobong","symbol":"SPT","quantity":"6.935818","price":"0.00220000","timestamp":1650864555,"volume":"0.01525880","buyTxId":"7fcc567d03ecb918852c15c9deb76153c0f132bc","sellTxId":"f8a883dfd25de1e62ad20b1b53e44e44f00c592b"}
{"index": {"_index":"spt","_id":"3275732"}}
	{"id":3275732,"type":"sell","buyer":"thewycher","seller":"sephiwolf","symbol":"SPT","quantity":"437.320040","price":"0.00196852","timestamp":1650865731,"volume":"0.86087325","buyTxId":"7e14ff1cd826b7364642398f8aa8ad442cafe04b","sellTxId":"af7846d4db20d160f0063aeddfefcf80597cd7f8"}
{"index": {"_index":"spt","_id":"3275733"}}
	{"id":3275733,"type":"sell","buyer":"thewycher","seller":"sephiwolf","symbol":"SPT","quantity":"499.999999","price":"0.00196852","timestamp":1650865731,"volume":"0.98426000","buyTxId":"0df15c74b4c53f5b80c8bca957cff6efce9fde02","sellTxId":"af7846d4db20d160f0063aeddfefcf80597cd7f8"}
{"index": {"_index":"spt","_id":"3275734"}}
	{"id":3275734,"type":"sell","buyer":"thewycher","seller":"sephiwolf","symbol":"SPT","quantity":"328.459872","price":"0.00196852","timestamp":1650865731,"volume":"0.64657983","buyTxId":"4e52bf4dc6c700f7565de08761f4132f73f50d7e","sellTxId":"af7846d4db20d160f0063aeddfefcf80597cd7f8"}
{"index": {"_index":"spt","_id":"3276093"}}
	{"id":3276093,"type":"sell","buyer":"thewycher","seller":"captainquack22","symbol":"SPT","quantity":"122","price":"0.00196852","timestamp":1650869940,"volume":"0.24015944","buyTxId":"53944bae3d58bf02ec5032af84a45608098ff1a6","sellTxId":"b49a949dad3e8cf7c9d66d1d9378d4197009ca2a"}
{"index": {"_index":"spt","_id":"3276261"}}
	{"id":3276261,"type":"sell","buyer":"thewycher","seller":"elenkar","symbol":"SPT","quantity":"0.543954","price":"0.00196852","timestamp":1650871677,"volume":"0.00107078","buyTxId":"53944bae3d58bf02ec5032af84a45608098ff1a6","sellTxId":"f7c5aefd951478edf321a06daa8fc61c70951c1c"}
{"index": {"_index":"spt","_id":"3276393"}}
	{"id":3276393,"type":"sell","buyer":"thewycher","seller":"anderssinho","symbol":"SPT","quantity":"0.289000","price":"0.00196852","timestamp":1650873396,"volume":"0.00056890","buyTxId":"53944bae3d58bf02ec5032af84a45608098ff1a6","sellTxId":"69fe844a232fa3e83a446af03e781590b54493fc"}
{"index": {"_index":"spt","_id":"3276844"}}
	{"id":3276844,"type":"buy","buyer":"darmianto5","seller":"master-lamps","symbol":"SPT","quantity":"1.125000","price":"0.00219999","timestamp":1650881592,"volume":"0.00247499","buyTxId":"2387619278a08156875b604292617df8bf1e3cff","sellTxId":"7e4315a7da61cfd2f9b5c44cf4d40110322f9051"}
{"index": {"_index":"spt","_id":"3276845"}}
	{"id":3276845,"type":"buy","buyer":"darmianto5","seller":"uyobong","symbol":"SPT","quantity":"61.064182","price":"0.00220000","timestamp":1650881592,"volume":"0.13434120","buyTxId":"2387619278a08156875b604292617df8bf1e3cff","sellTxId":"f8a883dfd25de1e62ad20b1b53e44e44f00c592b"}
{"index": {"_index":"spt","_id":"3276846"}}
	{"id":3276846,"type":"buy","buyer":"darmianto5","seller":"forsakensushi","symbol":"SPT","quantity":"36.828034","price":"0.00220000","timestamp":1650881592,"volume":"0.08102167","buyTxId":"2387619278a08156875b604292617df8bf1e3cff","sellTxId":"10b3dd85693ab594d1037a2196975067f364526c"}
{"index": {"_index":"spt","_id":"3276847"}}
	{"id":3276847,"type":"buy","buyer":"darmianto5","seller":"forsakensushi","symbol":"SPT","quantity":"14.065189","price":"0.00220000","timestamp":1650881592,"volume":"0.03094342","buyTxId":"2387619278a08156875b604292617df8bf1e3cff","sellTxId":"4fbc102a3ffb1c63c741e07e7586ea18236aed90"}
{"index": {"_index":"spt","_id":"3276862"}}
	{"id":3276862,"type":"buy","buyer":"darmianto5","seller":"kitsuki","symbol":"SPT","quantity":"900.000000","price":"0.00228400","timestamp":1650881907,"volume":"2.05560000","buyTxId":"fe387896932465f4b20fb95396d6c71ed0d46fc2","sellTxId":"e19cb3715ef82473dccdce6059e7a5a5058dbd15"}
{"index": {"_index":"spt","_id":"3276957"}}
	{"id":3276957,"type":"sell","buyer":"darmianto5","seller":"nathu1","symbol":"SPT","quantity":"120.000000","price":"0.00228400","timestamp":1650882891,"volume":"0.27408000","buyTxId":"fe387896932465f4b20fb95396d6c71ed0d46fc2","sellTxId":"9a4891ba870fe7a2a0b2581aa45c777a2cb92839"}
{"index": {"_index":"spt","_id":"3276972"}}
	{"id":3276972,"type":"sell","buyer":"darmianto5","seller":"dswap","symbol":"SPT","quantity":"8980.000000","price":"0.00228400","timestamp":1650883092,"volume":"20.51032000","buyTxId":"fe387896932465f4b20fb95396d6c71ed0d46fc2","sellTxId":"112780a12c61df9071600e5fe25e20f09cb3e045"}
{"index": {"_index":"spt","_id":"3276973"}}
	{"id":3276973,"type":"sell","buyer":"multifurcate","seller":"dswap","symbol":"SPT","quantity":"21131.000000","price":"0.00197000","timestamp":1650883092,"volume":"41.62807000","buyTxId":"d30f109cb3e4cea47b33148508bb174d5b56ed02","sellTxId":"112780a12c61df9071600e5fe25e20f09cb3e045"}
{"index": {"_index":"spt","_id":"3277053"}}
	{"id":3277053,"type":"sell","buyer":"multifurcate","seller":"marvinix","symbol":"SPT","quantity":"3","price":"0.00198100","timestamp":1650884763,"volume":"0.00594300","buyTxId":"a86e3be4e696eaacff03aa8efff15cf9cf221b51","sellTxId":"fe19461c220c0f8df5c0987d3209d74a6f42640f"}
{"index": {"_index":"spt","_id":"3277098"}}
	{"id":3277098,"type":"sell","buyer":"thewycher","seller":"cynano","symbol":"SPT","quantity":"166.461785","price":"0.00198101","timestamp":1650885408,"volume":"0.32976246","buyTxId":"5174ef94d89da9be60d88e8ad2b60bc0b9ae932c","sellTxId":"22612c22a9c2ea71d7776f68d8388270c109505c"}
{"index": {"_index":"spt","_id":"3277388"}}
	{"id":3277388,"type":"sell","buyer":"thewycher","seller":"mawit07","symbol":"SPT","quantity":"333.538214","price":"0.00198101","timestamp":1650889401,"volume":"0.66074254","buyTxId":"5174ef94d89da9be60d88e8ad2b60bc0b9ae932c","sellTxId":"091c13cfb8a25055eb719775048b6bdeef989c47"}
{"index": {"_index":"spt","_id":"3277389"}}
	{"id":3277389,"type":"sell","buyer":"thewycher","seller":"mawit07","symbol":"SPT","quantity":"499.999999","price":"0.00198101","timestamp":1650889401,"volume":"0.99050500","buyTxId":"4f812a48704e9ec933719613d8e217f4f9e98de5","sellTxId":"091c13cfb8a25055eb719775048b6bdeef989c47"}
{"index": {"_index":"spt","_id":"3277390"}}
	{"id":3277390,"type":"sell","buyer":"thewycher","seller":"mawit07","symbol":"SPT","quantity":"499.999999","price":"0.00198101","timestamp":1650889401,"volume":"0.99050500","buyTxId":"c3f7096071a823b6b2b4aa459d4ec7ed1d81ad51","sellTxId":"091c13cfb8a25055eb719775048b6bdeef989c47"}
{"index": {"_index":"spt","_id":"3277391"}}
	{"id":3277391,"type":"sell","buyer":"thewycher","seller":"mawit07","symbol":"SPT","quantity":"499.999999","price":"0.00198101","timestamp":1650889401,"volume":"0.99050500","buyTxId":"0d58daea615f6ca11617e8509f4896decba5ad9e","sellTxId":"091c13cfb8a25055eb719775048b6bdeef989c47"}
{"index": {"_index":"spt","_id":"3277392"}}
	{"id":3277392,"type":"sell","buyer":"thewycher","seller":"mawit07","symbol":"SPT","quantity":"499.999999","price":"0.00198101","timestamp":1650889401,"volume":"0.99050500","buyTxId":"d121657fdd025e642ec6ee3d63c7942d0bea04c7","sellTxId":"091c13cfb8a25055eb719775048b6bdeef989c47"}
{"index": {"_index":"spt","_id":"3277393"}}
	{"id":3277393,"type":"sell","buyer":"thewycher","seller":"mawit07","symbol":"SPT","quantity":"499.999999","price":"0.00198101","timestamp":1650889401,"volume":"0.99050500","buyTxId":"6cbaa2ccf559379a17dffa6586a1ecdee534ecb1","sellTxId":"091c13cfb8a25055eb719775048b6bdeef989c47"}
{"index": {"_index":"spt","_id":"3277394"}}
	{"id":3277394,"type":"sell","buyer":"thewycher","seller":"mawit07","symbol":"SPT","quantity":"5.857805","price":"0.00198101","timestamp":1650889401,"volume":"0.01160437","buyTxId":"82577909adba2458c77f77ced3714bd50e74c85c","sellTxId":"091c13cfb8a25055eb719775048b6bdeef989c47"}
{"index": {"_index":"spt","_id":"3277534"}}
	{"id":3277534,"type":"sell","buyer":"thewycher","seller":"bilpcoinbot","symbol":"SPT","quantity":"2.537582","price":"0.00198101","timestamp":1650890502,"volume":"0.00502698","buyTxId":"3bf334ba25dfbe339a3bf00fa6675a87a9be2f00","sellTxId":"97080563db6a1c9395cd8563380dab22622d49a1"}
{"index": {"_index":"spt","_id":"3277603"}}
	{"id":3277603,"type":"buy","buyer":"dede99","seller":"yameen","symbol":"SPT","quantity":"27.665780","price":"0.00219000","timestamp":1650891138,"volume":"0.06058806","buyTxId":"11f37e000f8aef79d50e7e6bb4e743f06e613aef","sellTxId":"eefe9c3df4d7f8dd7b537dd3f594c83e976089c6"}
{"index": {"_index":"spt","_id":"3277604"}}
	{"id":3277604,"type":"buy","buyer":"dede99","seller":"saachi","symbol":"SPT","quantity":"506.000000","price":"0.00220000","timestamp":1650891138,"volume":"1.11320000","buyTxId":"11f37e000f8aef79d50e7e6bb4e743f06e613aef","sellTxId":"f598b702a693a9816cf33680e58916fb1a77aa93"}
{"index": {"_index":"spt","_id":"3277605"}}
	{"id":3277605,"type":"buy","buyer":"dede99","seller":"laundrywoman","symbol":"SPT","quantity":"9552.161727","price":"0.00228495","timestamp":1650891138,"volume":"21.82621194","buyTxId":"11f37e000f8aef79d50e7e6bb4e743f06e613aef","sellTxId":"1d1eadb4fb3b97c66454b23d2059f21326b79a46"}
{"index": {"_index":"spt","_id":"3277617"}}
	{"id":3277617,"type":"buy","buyer":"syarrf","seller":"laundrywoman","symbol":"SPT","quantity":"1346.776135","price":"0.00228495","timestamp":1650891273,"volume":"3.07731613","buyTxId":"fd67db8c17c30936ec3d57a23e75c5fb9db6d5ba","sellTxId":"1d1eadb4fb3b97c66454b23d2059f21326b79a46"}
{"index": {"_index":"spt","_id":"3277684"}}
	{"id":3277684,"type":"sell","buyer":"multifurcate","seller":"mango-juice","symbol":"SPT","quantity":"1782.817207","price":"0.00198305","timestamp":1650892314,"volume":"3.53541566","buyTxId":"25382fe6309ea7ba517275c4477e5fa103cd62b1","sellTxId":"4f8d62757bcf3dd5340e62ff0becaa241c455269"}
{"index": {"_index":"spt","_id":"3277782"}}
	{"id":3277782,"type":"sell","buyer":"thewycher","seller":"dswap","symbol":"SPT","quantity":"0.259409","price":"0.00198306","timestamp":1650893865,"volume":"0.00051442","buyTxId":"91fb8f6f2824d5d7a0f3c0de234b031a5b0c63e5","sellTxId":"5857388fdd9be3c265c3a62e4902644e0fcf33a8"}
{"index": {"_index":"spt","_id":"3278123"}}
	{"id":3278123,"type":"buy","buyer":"kauffdiggity","seller":"laundrywoman","symbol":"SPT","quantity":"32823.475349","price":"0.00228495","timestamp":1650897363,"volume":"75","buyTxId":"98244fc05c6e2795670b95ef3fbc0f7f69b75148","sellTxId":"1d1eadb4fb3b97c66454b23d2059f21326b79a46"}
{"index": {"_index":"spt","_id":"3278234"}}
	{"id":3278234,"type":"buy","buyer":"hannes-stoffel","seller":"laundrywoman","symbol":"SPT","quantity":"899.326541","price":"0.00228495","timestamp":1650898587,"volume":"2.05491618","buyTxId":"268c70f43a303aee39b0964d318e85a9e5db1cbc","sellTxId":"1d1eadb4fb3b97c66454b23d2059f21326b79a46"}
{"index": {"_index":"spt","_id":"3278256"}}
	{"id":3278256,"type":"sell","buyer":"thewycher","seller":"chireerocks","symbol":"SPT","quantity":"73.970731","price":"0.00198306","timestamp":1650899091,"volume":"0.14668840","buyTxId":"91fb8f6f2824d5d7a0f3c0de234b031a5b0c63e5","sellTxId":"6efb7cc52d899247eb065ed6199e32ff23112475"}
{"index": {"_index":"spt","_id":"3278514"}}
	{"id":3278514,"type":"sell","buyer":"thewycher","seller":"pat1x","symbol":"SPT","quantity":"0.224395","price":"0.00198306","timestamp":1650902583,"volume":"0.00044499","buyTxId":"91fb8f6f2824d5d7a0f3c0de234b031a5b0c63e5","sellTxId":"4cef825a8e925f6f90610a8255b66a40467f8081"}
{"index": {"_index":"spt","_id":"3278585"}}
	{"id":3278585,"type":"buy","buyer":"psychkrhoz","seller":"tabs1250","symbol":"SPT","quantity":"32.136443","price":"0.00228495","timestamp":1650903270,"volume":"0.07343017","buyTxId":"d8c5257b83473162c92a4448d541b7ca4d89ff12","sellTxId":"63e4d914e064a19dadf8cdacafac16fbb8795ff9"}
{"index": {"_index":"spt","_id":"3278586"}}
	{"id":3278586,"type":"buy","buyer":"psychkrhoz","seller":"kitsuki","symbol":"SPT","quantity":"1200.000000","price":"0.00228595","timestamp":1650903270,"volume":"2.74314000","buyTxId":"d8c5257b83473162c92a4448d541b7ca4d89ff12","sellTxId":"0c90b6644cb8c988790ebb188f205ec86aefcb58"}
{"index": {"_index":"spt","_id":"3278587"}}
	{"id":3278587,"type":"buy","buyer":"psychkrhoz","seller":"kitsuki","symbol":"SPT","quantity":"954.689288","price":"0.00228595","timestamp":1650903270,"volume":"2.18237198","buyTxId":"d8c5257b83473162c92a4448d541b7ca4d89ff12","sellTxId":"f53dde0ba46038e79b506c879c53486825ba6449"}
{"index": {"_index":"spt","_id":"3278826"}}
	{"id":3278826,"type":"buy","buyer":"jongolson","seller":"giacomone","symbol":"SPT","quantity":"0.248922","price":"0.00198307","timestamp":1650906105,"volume":"0.00049363","buyTxId":"7f8f8eee942bc6fbf8610d6a24cd94d8f418259e","sellTxId":"a1258613837d4b35a0153c12d4b5a4af71bc49c2"}
{"index": {"_index":"spt","_id":"3278827"}}
	{"id":3278827,"type":"buy","buyer":"jongolson","seller":"kitsuki","symbol":"SPT","quantity":"245.310712","price":"0.00228595","timestamp":1650906105,"volume":"0.56076802","buyTxId":"7f8f8eee942bc6fbf8610d6a24cd94d8f418259e","sellTxId":"f53dde0ba46038e79b506c879c53486825ba6449"}
{"index": {"_index":"spt","_id":"3278828"}}
	{"id":3278828,"type":"buy","buyer":"jongolson","seller":"laundrywoman","symbol":"SPT","quantity":"754.440366","price":"0.00228597","timestamp":1650906105,"volume":"1.72462804","buyTxId":"7f8f8eee942bc6fbf8610d6a24cd94d8f418259e","sellTxId":"263e9b14e189b902a4249d107d7d795ac035c534"}
{"index": {"_index":"spt","_id":"3278998"}}
	{"id":3278998,"type":"sell","buyer":"thewycher","seller":"cccf","symbol":"SPT","quantity":"6.597016","price":"0.00198306","timestamp":1650907227,"volume":"0.01308228","buyTxId":"91fb8f6f2824d5d7a0f3c0de234b031a5b0c63e5","sellTxId":"cbe68b037e6dd20b79a46c5228c061dfa7740a2c"}
{"index": {"_index":"spt","_id":"3279651"}}
	{"id":3279651,"type":"sell","buyer":"multifurcate","seller":"catomoon","symbol":"SPT","quantity":"4.395545","price":"0.00200099","timestamp":1650911964,"volume":"0.00879544","buyTxId":"5388a73914af738170d456f48401dbe4089e87a3","sellTxId":"798fa76d619d6e62602d7201695f1448367ff63f"}
{"index": {"_index":"spt","_id":"3279705"}}
	{"id":3279705,"type":"sell","buyer":"multifurcate","seller":"princekappa","symbol":"SPT","quantity":"5.242280","price":"0.00200099","timestamp":1650912468,"volume":"0.01048975","buyTxId":"5388a73914af738170d456f48401dbe4089e87a3","sellTxId":"0f81d2bedf9c14fcd9de9377a79b1eb336fdb3f3"}
{"index": {"_index":"spt","_id":"3279999"}}
	{"id":3279999,"type":"sell","buyer":"kitsuki","seller":"bearbear613","symbol":"SPT","quantity":"30.959000","price":"0.00200499","timestamp":1650914649,"volume":"0.06207249","buyTxId":"479a46e09c3cd86706f6a3ec6322391475b18b45","sellTxId":"174011ddf8c5df735f47edb520836a3cc26008ad"}
{"index": {"_index":"spt","_id":"3280022"}}
	{"id":3280022,"type":"buy","buyer":"axelx12","seller":"exator","symbol":"SPT","quantity":"104.690307","price":"0.00220000","timestamp":1650914889,"volume":"0.23031868","buyTxId":"441721cdd94b8a3c06f2d73b128c6e303c59507c","sellTxId":"11a7df849bdcc0e1c11f90f78cf17ec75dd932fc"}
{"index": {"_index":"spt","_id":"3280023"}}
	{"id":3280023,"type":"buy","buyer":"axelx12","seller":"kitsuki","symbol":"SPT","quantity":"235.238579","price":"0.00228595","timestamp":1650914889,"volume":"0.53774363","buyTxId":"441721cdd94b8a3c06f2d73b128c6e303c59507c","sellTxId":"a9c4c379edc257f579317e4ca4e5d6db45418347"}
{"index": {"_index":"spt","_id":"3280344"}}
	{"id":3280344,"type":"sell","buyer":"sbi-tokens","seller":"holdeck","symbol":"SPT","quantity":"2.743469","price":"0.00210000","timestamp":1650917979,"volume":"0.00576128","buyTxId":"294e2115b15eae4ce9f92a0a28ea33fc85cf8f1b","sellTxId":"b0e278ba9e23b6c04bbc32b8982215ef9b9a4e0a"}
{"index": {"_index":"spt","_id":"3280407"}}
	{"id":3280407,"type":"sell","buyer":"sbi-tokens","seller":"resiliencia","symbol":"SPT","quantity":"86.241964","price":"0.00210000","timestamp":1650918585,"volume":"0.18110812","buyTxId":"294e2115b15eae4ce9f92a0a28ea33fc85cf8f1b","sellTxId":"3616a0f65e31c3412e872e27b813db23d840aae0"}
{"index": {"_index":"spt","_id":"3280428"}}
	{"id":3280428,"type":"sell","buyer":"sbi-tokens","seller":"bokica80","symbol":"SPT","quantity":"15.425115","price":"0.00210000","timestamp":1650918834,"volume":"0.03239274","buyTxId":"294e2115b15eae4ce9f92a0a28ea33fc85cf8f1b","sellTxId":"542362692cb3a29ac1b6be896118c62a2806ff28"}
{"index": {"_index":"spt","_id":"3280864"}}
	{"id":3280864,"type":"buy","buyer":"rileykat","seller":"kitsuki","symbol":"SPT","quantity":"800.000000","price":"0.00219798","timestamp":1650923412,"volume":"1.75838400","buyTxId":"15d4ee03073a2a080996cdc6970e91742caa6784","sellTxId":"58b4ff870a4c61982a5f860664b2af2dd3df9a64"}
{"index": {"_index":"spt","_id":"3280865"}}
	{"id":3280865,"type":"buy","buyer":"rileykat","seller":"photosnap","symbol":"SPT","quantity":"176.249923","price":"0.00219800","timestamp":1650923412,"volume":"0.38739733","buyTxId":"15d4ee03073a2a080996cdc6970e91742caa6784","sellTxId":"d100b3e3c1f867efed9acba37b445748f5aa1f13"}
{"index": {"_index":"spt","_id":"3280866"}}
	{"id":3280866,"type":"buy","buyer":"rileykat","seller":"laundrywoman","symbol":"SPT","quantity":"24601.035761","price":"0.00219900","timestamp":1650923412,"volume":"54.09767764","buyTxId":"15d4ee03073a2a080996cdc6970e91742caa6784","sellTxId":"e56103ca64c58192ac4accd51a71a0626df0b7ba"}
{"index": {"_index":"spt","_id":"3281099"}}
	{"id":3281099,"type":"sell","buyer":"sbi-tokens","seller":"thisisawesome","symbol":"SPT","quantity":"0.224739","price":"0.00210000","timestamp":1650925674,"volume":"0.00047195","buyTxId":"294e2115b15eae4ce9f92a0a28ea33fc85cf8f1b","sellTxId":"ea64e8bbe88b8fd0af275452bf7fcd34e67f5fc5"}
{"index": {"_index":"spt","_id":"3281328"}}
	{"id":3281328,"type":"sell","buyer":"sbi-tokens","seller":"papowich","symbol":"SPT","quantity":"0.117048","price":"0.00210000","timestamp":1650927741,"volume":"0.00024580","buyTxId":"294e2115b15eae4ce9f92a0a28ea33fc85cf8f1b","sellTxId":"8a16aaeed4d60f008c84ea9c71d2354af4f02a36"}
{"index": {"_index":"spt","_id":"3281579"}}
	{"id":3281579,"type":"sell","buyer":"sbi-tokens","seller":"powerpaul","symbol":"SPT","quantity":"8.937997","price":"0.00210000","timestamp":1650929628,"volume":"0.01876979","buyTxId":"294e2115b15eae4ce9f92a0a28ea33fc85cf8f1b","sellTxId":"b16fc0f979c6c8375335b1c1e900ac9c8cdee112"}
{"index": {"_index":"spt","_id":"3281856"}}
	{"id":3281856,"type":"sell","buyer":"sbi-tokens","seller":"bitcoinflood","symbol":"SPT","quantity":"83.382542","price":"0.00210000","timestamp":1650932901,"volume":"0.17510334","buyTxId":"294e2115b15eae4ce9f92a0a28ea33fc85cf8f1b","sellTxId":"03bbb4c755013506a061411781a337a9729b7b44"}
{"index": {"_index":"spt","_id":"3281980"}}
	{"id":3281980,"type":"sell","buyer":"sbi-tokens","seller":"lipe100dedos","symbol":"SPT","quantity":"949.927126","price":"0.00210000","timestamp":1650934977,"volume":"1.99484696","buyTxId":"294e2115b15eae4ce9f92a0a28ea33fc85cf8f1b","sellTxId":"44c9611bee43b6965acf0ab99e5299fda6037a15"}
{"index": {"_index":"spt","_id":"3282280"}}
	{"id":3282280,"type":"sell","buyer":"kitsuki","seller":"thecuriousfool","symbol":"SPT","quantity":"5.656558","price":"0.00200711","timestamp":1650938295,"volume":"0.01135333","buyTxId":"d26bdfa19e1124819e35795be127f76895d11f7e","sellTxId":"4c2e51427a1ca7d95a3afcfc3279dbed72ba4f9b"}
{"index": {"_index":"spt","_id":"3282432"}}
	{"id":3282432,"type":"buy","buyer":"kitsuki","seller":"lipe100dedos","symbol":"SPT","quantity":"229.931206","price":"0.00208209","timestamp":1650940029,"volume":"0.47873746","buyTxId":"4ee7e44feffea048da41d56efe11d96bf5ee9170","sellTxId":"44c9611bee43b6965acf0ab99e5299fda6037a15"}
