{"index": {"_index":"spt","_id":"2391740"}}
	{"id":2391740,"type":"sell","buyer":"rizagh","seller":"bitcoinflood","symbol":"SPT","quantity":"149.998259","price":"0.00230000","timestamp":1640577303,"volume":"0.34499600","buyTxId":"9a8fde756222fc0de315e4dc3e69db19f8c40dfc","sellTxId":"bac3ef20293904a66a728be034f96d432ad203d2"}
{"index": {"_index":"spt","_id":"2391799"}}
	{"id":2391799,"type":"sell","buyer":"trenloco","seller":"brofi-market","symbol":"SPT","quantity":"0.012654","price":"0.00250000","timestamp":1640578284,"volume":"0.00003164","buyTxId":"b7a434dc8ea986329c09d0f3dafb346b2b816157","sellTxId":"218d2f2cd56641d0993ab53d27fe028dcd6994bb"}
{"index": {"_index":"spt","_id":"2391851"}}
	{"id":2391851,"type":"sell","buyer":"trenloco","seller":"ahmetay","symbol":"SPT","quantity":"4902.016430","price":"0.00250000","timestamp":1640579127,"volume":"12.25504108","buyTxId":"b7a434dc8ea986329c09d0f3dafb346b2b816157","sellTxId":"3edefda0235612bf3d6f7b0fbd75ef9f1f6deaf7"}
{"index": {"_index":"spt","_id":"2391875"}}
	{"id":2391875,"type":"sell","buyer":"trenloco","seller":"ahmetay","symbol":"SPT","quantity":"5097.970916","price":"0.00250000","timestamp":1640579301,"volume":"12.74492729","buyTxId":"b7a434dc8ea986329c09d0f3dafb346b2b816157","sellTxId":"0f5dd0e4dea06926fdbd4ab48bc463595cef5b5f"}
{"index": {"_index":"spt","_id":"2391876"}}
	{"id":2391876,"type":"sell","buyer":"rizagh","seller":"ahmetay","symbol":"SPT","quantity":"327.979114","price":"0.00230000","timestamp":1640579301,"volume":"0.75435196","buyTxId":"9a8fde756222fc0de315e4dc3e69db19f8c40dfc","sellTxId":"0f5dd0e4dea06926fdbd4ab48bc463595cef5b5f"}
{"index": {"_index":"spt","_id":"2391885"}}
	{"id":2391885,"type":"sell","buyer":"rizagh","seller":"ahmetay","symbol":"SPT","quantity":"5971.531466","price":"0.00230000","timestamp":1640579421,"volume":"13.73452237","buyTxId":"9a8fde756222fc0de315e4dc3e69db19f8c40dfc","sellTxId":"5b7a4033e71f226fd6418714da97b23515a54eb6"}
{"index": {"_index":"spt","_id":"2392025"}}
	{"id":2392025,"type":"sell","buyer":"rizagh","seller":"he-index","symbol":"SPT","quantity":"0.034000","price":"0.00230000","timestamp":1640581263,"volume":"0.00007820","buyTxId":"9a8fde756222fc0de315e4dc3e69db19f8c40dfc","sellTxId":"b877eafc0eb7e0c50c3eafc1a8674009017d4011"}
{"index": {"_index":"spt","_id":"2392046"}}
	{"id":2392046,"type":"sell","buyer":"rizagh","seller":"themarkymark","symbol":"SPT","quantity":"38.905000","price":"0.00230000","timestamp":1640581614,"volume":"0.08948150","buyTxId":"9a8fde756222fc0de315e4dc3e69db19f8c40dfc","sellTxId":"f778376da250b344ce7a77741e5ccac080907d30"}
{"index": {"_index":"spt","_id":"2392174"}}
	{"id":2392174,"type":"sell","buyer":"rizagh","seller":"pablodare2","symbol":"SPT","quantity":"4.115520","price":"0.00230000","timestamp":1640583804,"volume":"0.00946570","buyTxId":"9a8fde756222fc0de315e4dc3e69db19f8c40dfc","sellTxId":"b4a66f01888fcd05d1000795bc1f2ffa57f0935a"}
{"index": {"_index":"spt","_id":"2392339"}}
	{"id":2392339,"type":"sell","buyer":"rizagh","seller":"mightyrocklee","symbol":"SPT","quantity":"890.125815","price":"0.00230000","timestamp":1640585514,"volume":"2.04728937","buyTxId":"9a8fde756222fc0de315e4dc3e69db19f8c40dfc","sellTxId":"fb37e1bb5a51f01a31e52211ff8e60d2848d87ab"}
{"index": {"_index":"spt","_id":"2392522"}}
	{"id":2392522,"type":"sell","buyer":"rizagh","seller":"tedus","symbol":"SPT","quantity":"1390","price":"0.00230000","timestamp":1640587194,"volume":"3.19700000","buyTxId":"9a8fde756222fc0de315e4dc3e69db19f8c40dfc","sellTxId":"b12f98dfb4bbef682e3526c4ce2638accda69125"}
{"index": {"_index":"spt","_id":"2392555"}}
	{"id":2392555,"type":"sell","buyer":"rizagh","seller":"dhedge-drips","symbol":"SPT","quantity":"0.001186","price":"0.00230000","timestamp":1640587554,"volume":"0.00000273","buyTxId":"9a8fde756222fc0de315e4dc3e69db19f8c40dfc","sellTxId":"f811f045265086e0c7382beb84d52eab532ca20c"}
{"index": {"_index":"spt","_id":"2393240"}}
	{"id":2393240,"type":"sell","buyer":"rizagh","seller":"zzz.accounting","symbol":"SPT","quantity":"0.033000","price":"0.00230000","timestamp":1640594637,"volume":"0.00007590","buyTxId":"9a8fde756222fc0de315e4dc3e69db19f8c40dfc","sellTxId":"5bab72f05fd2aa3d90a639349fa15f3c0a5d5e2d"}
{"index": {"_index":"spt","_id":"2393856"}}
	{"id":2393856,"type":"sell","buyer":"rizagh","seller":"revisesociology","symbol":"SPT","quantity":"8.677606","price":"0.00230000","timestamp":1640601903,"volume":"0.01995849","buyTxId":"9a8fde756222fc0de315e4dc3e69db19f8c40dfc","sellTxId":"e406f0041f910cb851da6b69a23363477607f8b2"}
{"index": {"_index":"spt","_id":"2393857"}}
	{"id":2393857,"type":"sell","buyer":"granddaddies","seller":"revisesociology","symbol":"SPT","quantity":"19991.322394","price":"0.00200001","timestamp":1640601903,"volume":"39.98284470","buyTxId":"8de3af9fc1045e8ef8d9aed9b6b6a2698118de7f","sellTxId":"e406f0041f910cb851da6b69a23363477607f8b2"}
{"index": {"_index":"spt","_id":"2394222"}}
	{"id":2394222,"type":"sell","buyer":"granddaddies","seller":"brizahd","symbol":"SPT","quantity":"42.483868","price":"0.00200001","timestamp":1640605668,"volume":"0.08496816","buyTxId":"3c268c1e2e19647a1bf8f54877b378ec825f5515","sellTxId":"8fc24835e86c93f1f3148fea164b9f904b6213e0"}
{"index": {"_index":"spt","_id":"2394622"}}
	{"id":2394622,"type":"buy","buyer":"holovision.cash","seller":"laundrywoman","symbol":"SPT","quantity":"50.000000","price":"0.00249998","timestamp":1640610042,"volume":"0.12499900","buyTxId":"76909ac4608a485393be2bb452fcf641d383c19c","sellTxId":"bc08f8648d54c7ec10fc09067460f75f1f1f6c0f"}
{"index": {"_index":"spt","_id":"2394667"}}
	{"id":2394667,"type":"sell","buyer":"granddaddies","seller":"netre","symbol":"SPT","quantity":"1256.992610","price":"0.00210001","timestamp":1640610450,"volume":"2.63969705","buyTxId":"12255d28416aed72319848f247b9f9c4e4a3d916","sellTxId":"2ef5086de609cbbfd2c3db33ef4f71b1f52ef29e"}
{"index": {"_index":"spt","_id":"2394921"}}
	{"id":2394921,"type":"sell","buyer":"granddaddies","seller":"unlockmaster13","symbol":"SPT","quantity":"2.116257","price":"0.00210001","timestamp":1640612685,"volume":"0.00444416","buyTxId":"12255d28416aed72319848f247b9f9c4e4a3d916","sellTxId":"71549596cbd309bd4d098ad522114788df05e968"}
{"index": {"_index":"spt","_id":"2395435"}}
	{"id":2395435,"type":"buy","buyer":"captainquack22","seller":"laundrywoman","symbol":"SPT","quantity":"70.003080","price":"0.00249989","timestamp":1640616543,"volume":"0.175","buyTxId":"e949f0694015d8aa2a6612353e153d1f1a15351a","sellTxId":"80283fabddd71812c3d211e4d1ea7895823399c6"}
{"index": {"_index":"spt","_id":"2395589"}}
	{"id":2395589,"type":"sell","buyer":"granddaddies","seller":"hiveexplorers","symbol":"SPT","quantity":"198.295167","price":"0.00210001","timestamp":1640617794,"volume":"0.41642183","buyTxId":"12255d28416aed72319848f247b9f9c4e4a3d916","sellTxId":"f05bbdcf7f752505f10a7f698fca4b0c3a566190"}
{"index": {"_index":"spt","_id":"2395612"}}
	{"id":2395612,"type":"sell","buyer":"granddaddies","seller":"chireerocks","symbol":"SPT","quantity":"17.259117","price":"0.00210001","timestamp":1640618004,"volume":"0.03624432","buyTxId":"12255d28416aed72319848f247b9f9c4e4a3d916","sellTxId":"2b9ad880404355cbf1141efb8f87fd03231790d3"}
{"index": {"_index":"spt","_id":"2395633"}}
	{"id":2395633,"type":"sell","buyer":"granddaddies","seller":"emma001","symbol":"SPT","quantity":"1160.856636","price":"0.00210001","timestamp":1640618178,"volume":"2.43781054","buyTxId":"12255d28416aed72319848f247b9f9c4e4a3d916","sellTxId":"cfaf5eb10ff53c0e5fd17a657047cca6a272faf2"}
{"index": {"_index":"spt","_id":"2396094"}}
	{"id":2396094,"type":"sell","buyer":"granddaddies","seller":"brofi-market","symbol":"SPT","quantity":"0.369394","price":"0.00210001","timestamp":1640621460,"volume":"0.00077573","buyTxId":"12255d28416aed72319848f247b9f9c4e4a3d916","sellTxId":"ac71fcc693cd29e0b1d5c550f7e8514da55990df"}
{"index": {"_index":"spt","_id":"2396385"}}
	{"id":2396385,"type":"sell","buyer":"granddaddies","seller":"nrg","symbol":"SPT","quantity":"922.832112","price":"0.00210001","timestamp":1640623449,"volume":"1.93795666","buyTxId":"12255d28416aed72319848f247b9f9c4e4a3d916","sellTxId":"ef49d4fa2f9be17f72d2d6d09190f6b86353caef-12"}
{"index": {"_index":"spt","_id":"2396482"}}
	{"id":2396482,"type":"sell","buyer":"granddaddies","seller":"catomoon","symbol":"SPT","quantity":"6.520241","price":"0.00210001","timestamp":1640624028,"volume":"0.01369257","buyTxId":"12255d28416aed72319848f247b9f9c4e4a3d916","sellTxId":"4e3287959fc00b2712d25ccb4044b84b301f7a0f"}
{"index": {"_index":"spt","_id":"2396658"}}
	{"id":2396658,"type":"sell","buyer":"granddaddies","seller":"eforucom","symbol":"SPT","quantity":"3.313130","price":"0.00210001","timestamp":1640624853,"volume":"0.00695761","buyTxId":"12255d28416aed72319848f247b9f9c4e4a3d916","sellTxId":"ea0cb5f523bb5ae133ca693f0f2c5f798494664d"}
{"index": {"_index":"spt","_id":"2397380"}}
	{"id":2397380,"type":"sell","buyer":"granddaddies","seller":"nftland89","symbol":"SPT","quantity":"61.009253","price":"0.00210001","timestamp":1640629776,"volume":"0.12812004","buyTxId":"12255d28416aed72319848f247b9f9c4e4a3d916","sellTxId":"68bf2baa5943c56be92a781cada4a8f43c8fdef3"}
{"index": {"_index":"spt","_id":"2397432"}}
	{"id":2397432,"type":"sell","buyer":"contesmn","seller":"collectorofchaos","symbol":"SPT","quantity":"100.000000","price":"0.00248000","timestamp":1640630043,"volume":"0.24800000","buyTxId":"1e345af8614fdfc9e079555eb63c53d355950902","sellTxId":"2197689e45ef678dcfc9b087c468edd2557ffada"}
{"index": {"_index":"spt","_id":"2397445"}}
	{"id":2397445,"type":"sell","buyer":"granddaddies","seller":"shauner","symbol":"SPT","quantity":"2181.678828","price":"0.00210001","timestamp":1640630142,"volume":"4.58154736","buyTxId":"12255d28416aed72319848f247b9f9c4e4a3d916","sellTxId":"49c8e490597400e74a03ab41ef5af03111aea3b6"}
{"index": {"_index":"spt","_id":"2397494"}}
	{"id":2397494,"type":"sell","buyer":"granddaddies","seller":"dhedge-drips","symbol":"SPT","quantity":"0.034143","price":"0.00210001","timestamp":1640630760,"volume":"0.00007170","buyTxId":"12255d28416aed72319848f247b9f9c4e4a3d916","sellTxId":"df46e90edc463b640ef5f12763910450a9bd5ada"}
{"index": {"_index":"spt","_id":"2397745"}}
	{"id":2397745,"type":"sell","buyer":"granddaddies","seller":"jjb777","symbol":"SPT","quantity":"223.875000","price":"0.00210001","timestamp":1640633346,"volume":"0.47013974","buyTxId":"12255d28416aed72319848f247b9f9c4e4a3d916","sellTxId":"63039d637932cc12fa323f7a2e460f6957bc7556"}
{"index": {"_index":"spt","_id":"2397809"}}
	{"id":2397809,"type":"sell","buyer":"granddaddies","seller":"aftersound","symbol":"SPT","quantity":"6.757658","price":"0.00210001","timestamp":1640634048,"volume":"0.01419115","buyTxId":"12255d28416aed72319848f247b9f9c4e4a3d916","sellTxId":"01d43a7011d24489b9d336b624b5f310580af162"}
{"index": {"_index":"spt","_id":"2397868"}}
	{"id":2397868,"type":"buy","buyer":"jongolson","seller":"laundrywoman","symbol":"SPT","quantity":"1000.000000","price":"0.00247999","timestamp":1640634630,"volume":"2.47999000","buyTxId":"7867c9a8fd960bf2654a8d7898c84ff99131cc48","sellTxId":"e6aff349baaad9563a39129876b2cbf649d2f6cb"}
{"index": {"_index":"spt","_id":"2397952"}}
	{"id":2397952,"type":"sell","buyer":"granddaddies","seller":"fedesox","symbol":"SPT","quantity":"1471.818546","price":"0.00210001","timestamp":1640635734,"volume":"3.09083366","buyTxId":"12255d28416aed72319848f247b9f9c4e4a3d916","sellTxId":"bd52453f258b0ba0cd4327122ce47ebdeeff4cf8"}
{"index": {"_index":"spt","_id":"2397994"}}
	{"id":2397994,"type":"buy","buyer":"druidsblood","seller":"laundrywoman","symbol":"SPT","quantity":"6000.000000","price":"0.00247899","timestamp":1640636046,"volume":"14.87394000","buyTxId":"b9bc44e64f69054251f852ae5a3aa4a991ae1da7","sellTxId":"25757021a40f44630c9c54b824e01b854c125f48"}
{"index": {"_index":"spt","_id":"2398017"}}
	{"id":2398017,"type":"sell","buyer":"granddaddies","seller":"thebugiq","symbol":"SPT","quantity":"12500.000000","price":"0.00210004","timestamp":1640636271,"volume":"26.25050000","buyTxId":"8ca69f8ce0ce2ee048b963bb7ecca7050088a2ca","sellTxId":"77832080e8d16d9d59b0f6c9307b882594483b71"}
{"index": {"_index":"spt","_id":"2398073"}}
	{"id":2398073,"type":"sell","buyer":"granddaddies","seller":"dswap","symbol":"SPT","quantity":"813.95156","price":"0.00210004","timestamp":1640636808,"volume":"1.70933083","buyTxId":"8ca69f8ce0ce2ee048b963bb7ecca7050088a2ca","sellTxId":"c16e9fbf9c9e18413fdf328970e92b6a51e44223"}
{"index": {"_index":"spt","_id":"2398386"}}
	{"id":2398386,"type":"sell","buyer":"granddaddies","seller":"chekohler","symbol":"SPT","quantity":"0.818535","price":"0.00210004","timestamp":1640639388,"volume":"0.00171896","buyTxId":"8ca69f8ce0ce2ee048b963bb7ecca7050088a2ca","sellTxId":"8485d32fef74430921231e0d729a8fbc19e525a2"}
{"index": {"_index":"spt","_id":"2398412"}}
	{"id":2398412,"type":"buy","buyer":"bananofarmer","seller":"laundrywoman","symbol":"SPT","quantity":"463.600000","price":"0.00247899","timestamp":1640639571,"volume":"1.14925976","buyTxId":"a708472f6d2040a5828c1961c3b8a0b80c75fb00","sellTxId":"25757021a40f44630c9c54b824e01b854c125f48"}
{"index": {"_index":"spt","_id":"2398653"}}
	{"id":2398653,"type":"sell","buyer":"granddaddies","seller":"hiveexplorers","symbol":"SPT","quantity":"67.042321","price":"0.00210051","timestamp":1640640852,"volume":"0.14082307","buyTxId":"a9b10c9986301d13cae749bb397b62b5faa32e19","sellTxId":"3c3953471baf43bf7ed9f26ba5d21f68f69454df"}
{"index": {"_index":"spt","_id":"2398806"}}
	{"id":2398806,"type":"sell","buyer":"granddaddies","seller":"scholaris","symbol":"SPT","quantity":"2866.990396","price":"0.00210051","timestamp":1640642253,"volume":"6.02214200","buyTxId":"a9b10c9986301d13cae749bb397b62b5faa32e19","sellTxId":"eaee407a89cf922d77274a9cba0eee0bf5d0bad2"}
{"index": {"_index":"spt","_id":"2398901"}}
	{"id":2398901,"type":"buy","buyer":"emibemi","seller":"laundrywoman","symbol":"SPT","quantity":"30000.000000","price":"0.00247899","timestamp":1640642994,"volume":"74.36970000","buyTxId":"f9565122a95a86555a40f7dec4a465ea9b36756b","sellTxId":"25757021a40f44630c9c54b824e01b854c125f48"}
{"index": {"_index":"spt","_id":"2399154"}}
	{"id":2399154,"type":"sell","buyer":"granddaddies","seller":"sharkthelion","symbol":"SPT","quantity":"729.760024","price":"0.00210051","timestamp":1640645316,"volume":"1.53286823","buyTxId":"a9b10c9986301d13cae749bb397b62b5faa32e19","sellTxId":"8e6bc093690491593a8ce5e6e6664564308ccbe6"}
{"index": {"_index":"spt","_id":"2399201"}}
	{"id":2399201,"type":"sell","buyer":"granddaddies","seller":"dswap","symbol":"SPT","quantity":"2488","price":"0.00210051","timestamp":1640645829,"volume":"5.22606888","buyTxId":"a9b10c9986301d13cae749bb397b62b5faa32e19","sellTxId":"aac11e324530544d9c510ef0a04c0fe117c15e8c"}
{"index": {"_index":"spt","_id":"2399297"}}
	{"id":2399297,"type":"sell","buyer":"granddaddies","seller":"theclasser1","symbol":"SPT","quantity":"83.446721","price":"0.00210051","timestamp":1640646705,"volume":"0.17528067","buyTxId":"a9b10c9986301d13cae749bb397b62b5faa32e19","sellTxId":"16ca150351667636f3ebd77dccc831f095ba4c98"}
{"index": {"_index":"spt","_id":"2399702"}}
	{"id":2399702,"type":"sell","buyer":"granddaddies","seller":"brofi-market","symbol":"SPT","quantity":"2.629897","price":"0.00210051","timestamp":1640650473,"volume":"0.00552412","buyTxId":"ba191ad3450a204ff9d7a2a89778f0e7f124713b","sellTxId":"78ec6ce93051417300937c5deed4b389031bbc62"}
{"index": {"_index":"spt","_id":"2399969"}}
	{"id":2399969,"type":"sell","buyer":"torran","seller":"dhedge-drips","symbol":"SPT","quantity":"0.004069","price":"0.00220000","timestamp":1640652375,"volume":"0.00000895","buyTxId":"92c2f10efa99db35a40c9aeb83ae35801fee1698","sellTxId":"0e29d024ffb3cc5e2c41303e17e6a0b4e4b62e5a"}
{"index": {"_index":"spt","_id":"2400061"}}
	{"id":2400061,"type":"sell","buyer":"torran","seller":"brizahd","symbol":"SPT","quantity":"3800.000000","price":"0.00220000","timestamp":1640653272,"volume":"8.36000000","buyTxId":"92c2f10efa99db35a40c9aeb83ae35801fee1698","sellTxId":"8c9cef0a783cfe58121f7eacbbdae3098dc5f8e1"}
{"index": {"_index":"spt","_id":"2400102"}}
	{"id":2400102,"type":"sell","buyer":"torran","seller":"mba2020","symbol":"SPT","quantity":"78.389882","price":"0.00220000","timestamp":1640653794,"volume":"0.17245774","buyTxId":"92c2f10efa99db35a40c9aeb83ae35801fee1698","sellTxId":"7b19c7935412e5b04894ca5bc761afa7b71e080e"}
{"index": {"_index":"spt","_id":"2400105"}}
	{"id":2400105,"type":"sell","buyer":"torran","seller":"dswap","symbol":"SPT","quantity":"34.090909","price":"0.00220000","timestamp":1640653845,"volume":"0.07500000","buyTxId":"92c2f10efa99db35a40c9aeb83ae35801fee1698","sellTxId":"879e7c34360a38cac0d7e84963e51b5a86a726d0"}
{"index": {"_index":"spt","_id":"2400220"}}
	{"id":2400220,"type":"sell","buyer":"torran","seller":"hiveexplorers","symbol":"SPT","quantity":"84.429154","price":"0.00220000","timestamp":1640654877,"volume":"0.18574414","buyTxId":"92c2f10efa99db35a40c9aeb83ae35801fee1698","sellTxId":"1355647ece6fd8064ee6084816f9be9148188a2c"}
{"index": {"_index":"spt","_id":"2400221"}}
	{"id":2400221,"type":"sell","buyer":"torran","seller":"mightyrocklee","symbol":"SPT","quantity":"988.432065","price":"0.00220000","timestamp":1640654898,"volume":"2.17455054","buyTxId":"92c2f10efa99db35a40c9aeb83ae35801fee1698","sellTxId":"e4708d2cc633c651545c1d7f8e4e6f376b6544c6"}
{"index": {"_index":"spt","_id":"2400254"}}
	{"id":2400254,"type":"sell","buyer":"torran","seller":"chris.topher","symbol":"SPT","quantity":"14.653921","price":"0.00220000","timestamp":1640655159,"volume":"0.03223863","buyTxId":"92c2f10efa99db35a40c9aeb83ae35801fee1698","sellTxId":"bd49a56ed21928650a0d363e0007cd95e5ca27e6"}
{"index": {"_index":"spt","_id":"2400334"}}
	{"id":2400334,"type":"sell","buyer":"granddaddies","seller":"desro","symbol":"SPT","quantity":"595.542422","price":"0.00210051","timestamp":1640655735,"volume":"1.25094281","buyTxId":"ba191ad3450a204ff9d7a2a89778f0e7f124713b","sellTxId":"7c3dc660caa5ff1a4aeb2e84e321822240b55f9c"}
{"index": {"_index":"spt","_id":"2400451"}}
	{"id":2400451,"type":"buy","buyer":"dswap","seller":"chris.topher","symbol":"SPT","quantity":"1.316322","price":"0.00220000","timestamp":1640656590,"volume":"0.00289591","buyTxId":"6fd7d0e04ab372feae99a497e6b42fad66d31f78","sellTxId":"bd49a56ed21928650a0d363e0007cd95e5ca27e6"}
{"index": {"_index":"spt","_id":"2400476"}}
	{"id":2400476,"type":"sell","buyer":"granddaddies","seller":"mspbro","symbol":"SPT","quantity":"653.346922","price":"0.00210051","timestamp":1640656815,"volume":"1.37236174","buyTxId":"603ca27555f04c7eb7757a0456035aef078772dc","sellTxId":"78d07fe2344bb4f60ccebba5d664d3de9ec08481"}
{"index": {"_index":"spt","_id":"2400758"}}
	{"id":2400758,"type":"sell","buyer":"granddaddies","seller":"themarkymark","symbol":"SPT","quantity":"26.895000","price":"0.00210051","timestamp":1640659857,"volume":"0.05649322","buyTxId":"603ca27555f04c7eb7757a0456035aef078772dc","sellTxId":"b8304954226c8bfa14a45e4544aab7aa53fe9575"}
{"index": {"_index":"spt","_id":"2400793"}}
	{"id":2400793,"type":"sell","buyer":"granddaddies","seller":"dogebaby","symbol":"SPT","quantity":"460.700000","price":"0.00210051","timestamp":1640660433,"volume":"0.96770496","buyTxId":"603ca27555f04c7eb7757a0456035aef078772dc","sellTxId":"fb9816ae02d7679196fe4d0a31eb946800b421a9"}
{"index": {"_index":"spt","_id":"2400852"}}
	{"id":2400852,"type":"buy","buyer":"ahmetay","seller":"chris.topher","symbol":"SPT","quantity":"318.069230","price":"0.00220000","timestamp":1640661144,"volume":"0.69975231","buyTxId":"97ca9d7166436123ca98b97e77df060982a0d7df","sellTxId":"bd49a56ed21928650a0d363e0007cd95e5ca27e6"}
{"index": {"_index":"spt","_id":"2400869"}}
	{"id":2400869,"type":"sell","buyer":"granddaddies","seller":"jos3lider","symbol":"SPT","quantity":"838.000000","price":"0.00210051","timestamp":1640661486,"volume":"1.76022738","buyTxId":"603ca27555f04c7eb7757a0456035aef078772dc","sellTxId":"3c53dededf8edb6a0a611e74415b53099acee990"}
