{"index": {"_index":"spt","_id":"3868875"}}
	{"id":3868875,"type":"sell","buyer":"glimpsytips.dex","seller":"bitcoinflood","symbol":"SPT","quantity":"1.000000","price":"0.00168000","timestamp":1657330191,"volume":"0.00168000","buyTxId":"3896ef93b41308696c25ec818a74eec2ea3667cb","sellTxId":"f1c19fbf620aaf07efbe285ebfde31fc10965484"}
{"index": {"_index":"spt","_id":"3868917"}}
	{"id":3868917,"type":"sell","buyer":"baconface","seller":"bitcoinflood","symbol":"SPT","quantity":"1.951265","price":"0.00162532","timestamp":1657331064,"volume":"0.00317143","buyTxId":"3f7dfb7995944255cd700ecbad4a206ab53eec56","sellTxId":"beb4a18e1c7402e1f969bf4ed4f9d5358061dd4a"}
{"index": {"_index":"spt","_id":"3868927"}}
	{"id":3868927,"type":"sell","buyer":"glimpsytips.dex","seller":"bitcoinflood","symbol":"SPT","quantity":"1.000000","price":"0.00162000","timestamp":1657331205,"volume":"0.00162000","buyTxId":"9073f54302a7ff4b9ca4632bcbee356e44a31afc","sellTxId":"9f6a4097136c81f5bec1b557a6bfb91824d1016b"}
{"index": {"_index":"spt","_id":"3868976"}}
	{"id":3868976,"type":"buy","buyer":"jongolson","seller":"mightyrocklee","symbol":"SPT","quantity":"451.872319","price":"0.00168601","timestamp":1657332054,"volume":"0.76186125","buyTxId":"88ba7e6269236337846854093decdf992f682241","sellTxId":"2893d134892b4a81fee82b01e919ed04b20bfa2a"}
{"index": {"_index":"spt","_id":"3868977"}}
	{"id":3868977,"type":"buy","buyer":"jongolson","seller":"glimpsytips.dex","symbol":"SPT","quantity":"1.000000","price":"0.00168900","timestamp":1657332054,"volume":"0.00168900","buyTxId":"88ba7e6269236337846854093decdf992f682241","sellTxId":"231c2376c29823f21db216fe7d503126c8618451"}
{"index": {"_index":"spt","_id":"3868978"}}
	{"id":3868978,"type":"buy","buyer":"jongolson","seller":"glimpsytips.dex","symbol":"SPT","quantity":"150.000000","price":"0.00168999","timestamp":1657332054,"volume":"0.25349850","buyTxId":"88ba7e6269236337846854093decdf992f682241","sellTxId":"40d754e61893b8cfa955013a286264b1171f045c"}
{"index": {"_index":"spt","_id":"3868979"}}
	{"id":3868979,"type":"buy","buyer":"jongolson","seller":"onlydoge","symbol":"SPT","quantity":"397.127681","price":"0.00169000","timestamp":1657332054,"volume":"0.67114578","buyTxId":"88ba7e6269236337846854093decdf992f682241","sellTxId":"cad018603e9656beeea668d6132158c21f7b246b"}
{"index": {"_index":"spt","_id":"3869058"}}
	{"id":3869058,"type":"sell","buyer":"multifurcate","seller":"sephiwolf","symbol":"SPT","quantity":"2490.621956","price":"0.00161000","timestamp":1657333203,"volume":"4.00990135","buyTxId":"fc3b54286e3528feabe4377eaa08e2278872667d","sellTxId":"9b8f9fc8190ba2c26bbe48aa5a76ab606bf851a8"}
{"index": {"_index":"spt","_id":"3869093"}}
	{"id":3869093,"type":"sell","buyer":"multifurcate","seller":"jiabazai","symbol":"SPT","quantity":"27.005125","price":"0.00161000","timestamp":1657333713,"volume":"0.04347825","buyTxId":"fc3b54286e3528feabe4377eaa08e2278872667d","sellTxId":"d88b6dfba65bd3d3065c596954892cb59254de86"}
{"index": {"_index":"spt","_id":"3869100"}}
	{"id":3869100,"type":"buy","buyer":"pjansen","seller":"onlydoge","symbol":"SPT","quantity":"6287.766890","price":"0.00169000","timestamp":1657333785,"volume":"10.62632604","buyTxId":"04b6451de5a690bd155d2f661ee45a5873883865","sellTxId":"cad018603e9656beeea668d6132158c21f7b246b"}
{"index": {"_index":"spt","_id":"3869101"}}
	{"id":3869101,"type":"buy","buyer":"pjansen","seller":"glimpsytips.dex","symbol":"SPT","quantity":"0.990503","price":"0.00169001","timestamp":1657333785,"volume":"0.00167396","buyTxId":"04b6451de5a690bd155d2f661ee45a5873883865","sellTxId":"cd8d2209b58d21bdfb5a641c74425b5222a49a79"}
{"index": {"_index":"spt","_id":"3869258"}}
	{"id":3869258,"type":"sell","buyer":"multifurcate","seller":"mango-juice","symbol":"SPT","quantity":"4143.440276","price":"0.00162100","timestamp":1657336389,"volume":"6.71651669","buyTxId":"e00f9b5b53230f1d40e97e14b762ba2e99a7dd49","sellTxId":"d5b1517a59a4c4230d87348b5c8ef3b914134a49"}
{"index": {"_index":"spt","_id":"3869317"}}
	{"id":3869317,"type":"sell","buyer":"multifurcate","seller":"bitcoinflood","symbol":"SPT","quantity":"81.920910","price":"0.00162100","timestamp":1657337061,"volume":"0.13279380","buyTxId":"e00f9b5b53230f1d40e97e14b762ba2e99a7dd49","sellTxId":"59849d9520fc28bbcbb4cf5dd9984ced138324c1"}
{"index": {"_index":"spt","_id":"3869441"}}
	{"id":3869441,"type":"sell","buyer":"multifurcate","seller":"vitor5060","symbol":"SPT","quantity":"931.688289","price":"0.00163100","timestamp":1657340091,"volume":"1.51958360","buyTxId":"201920cbe8c7c4c71b008425b52488a9e4f11d8e","sellTxId":"dbfeb7b291265c80e5625f64290f19236f9d8f3f"}
{"index": {"_index":"spt","_id":"3869640"}}
	{"id":3869640,"type":"sell","buyer":"multifurcate","seller":"dswap","symbol":"SPT","quantity":"1600","price":"0.00162100","timestamp":1657343778,"volume":"2.59360000","buyTxId":"738c5096c3f6915c7781c196ed1be14003c6a4fc","sellTxId":"f83561648c1d150406c7264a69a96765e3c81655"}
{"index": {"_index":"spt","_id":"3869660"}}
	{"id":3869660,"type":"sell","buyer":"multifurcate","seller":"zakludick","symbol":"SPT","quantity":"8.186972","price":"0.00162100","timestamp":1657344237,"volume":"0.01327108","buyTxId":"738c5096c3f6915c7781c196ed1be14003c6a4fc","sellTxId":"945e5a0fa2beb2f867ecd08b8afbac7ad1c51c18"}
{"index": {"_index":"spt","_id":"3869670"}}
	{"id":3869670,"type":"buy","buyer":"pjansen","seller":"glimpsytips.dex","symbol":"SPT","quantity":"0.009497","price":"0.00169001","timestamp":1657344381,"volume":"0.00001605","buyTxId":"6b22e592f0c02778a594a3be4d3f43bed6e9c58d","sellTxId":"cd8d2209b58d21bdfb5a641c74425b5222a49a79"}
{"index": {"_index":"spt","_id":"3869671"}}
	{"id":3869671,"type":"buy","buyer":"pjansen","seller":"shiftrox","symbol":"SPT","quantity":"1572.706389","price":"0.00170018","timestamp":1657344381,"volume":"2.67388395","buyTxId":"6b22e592f0c02778a594a3be4d3f43bed6e9c58d","sellTxId":"d8768288e7afff5adbc6a4f03c269054ebf1806f"}
{"index": {"_index":"spt","_id":"3869700"}}
	{"id":3869700,"type":"buy","buyer":"he-index","seller":"shiftrox","symbol":"SPT","quantity":"0.052327","price":"0.00170018","timestamp":1657345101,"volume":"0.00008897","buyTxId":"59a288056195ecbe8a664ba558fc788464d53f8b","sellTxId":"d8768288e7afff5adbc6a4f03c269054ebf1806f"}
{"index": {"_index":"spt","_id":"3869874"}}
	{"id":3869874,"type":"sell","buyer":"he-index","seller":"tanzil2024","symbol":"SPT","quantity":"128.169672","price":"0.00170018","timestamp":1657347837,"volume":"0.21791151","buyTxId":"59a288056195ecbe8a664ba558fc788464d53f8b","sellTxId":"3c46f2cc1f751c5703d2651e517691a5b857fefa"}
{"index": {"_index":"spt","_id":"3870107"}}
	{"id":3870107,"type":"buy","buyer":"moookiller","seller":"glimpsytips.dex","symbol":"SPT","quantity":"50.000000","price":"0.00181000","timestamp":1657350774,"volume":"0.09050000","buyTxId":"f1693de4acd1316c26fd87469575e85417977297","sellTxId":"870eaabda52de51fe74277bedbea83234950fa55"}
{"index": {"_index":"spt","_id":"3870116"}}
	{"id":3870116,"type":"sell","buyer":"moookiller","seller":"pjansen","symbol":"SPT","quantity":"1073.237071","price":"0.00181000","timestamp":1657350933,"volume":"1.94255910","buyTxId":"f1693de4acd1316c26fd87469575e85417977297","sellTxId":"6fecaa94c790ef4fd994338e1c924306779b59dd"}
{"index": {"_index":"spt","_id":"3870117"}}
	{"id":3870117,"type":"sell","buyer":"multifurcate","seller":"pjansen","symbol":"SPT","quantity":"2.188456","price":"0.00164100","timestamp":1657350933,"volume":"0.00359126","buyTxId":"02d10ce33e0b223e57c2348976b36dce5c265640","sellTxId":"6fecaa94c790ef4fd994338e1c924306779b59dd"}
{"index": {"_index":"spt","_id":"3870247"}}
	{"id":3870247,"type":"sell","buyer":"onlydoge","seller":"laritheghost","symbol":"SPT","quantity":"12.226788","price":"0.00165000","timestamp":1657352577,"volume":"0.02017420","buyTxId":"709473705fa744317443b307c16529cd7206effa","sellTxId":"6b170ba974bc0ea62a4e47c8eea96734fc5633fa"}
{"index": {"_index":"spt","_id":"3870481"}}
	{"id":3870481,"type":"sell","buyer":"onlydoge","seller":"olympicdragon","symbol":"SPT","quantity":"580","price":"0.00165000","timestamp":1657356105,"volume":"0.95700000","buyTxId":"709473705fa744317443b307c16529cd7206effa","sellTxId":"6db7d5b63adf29fd07df11150d7f29bdc7cef558"}
{"index": {"_index":"spt","_id":"3870885"}}
	{"id":3870885,"type":"sell","buyer":"onlydoge","seller":"flear","symbol":"SPT","quantity":"600.000078","price":"0.00165000","timestamp":1657362132,"volume":"0.99000013","buyTxId":"709473705fa744317443b307c16529cd7206effa","sellTxId":"7306cbc29e42127e751c2230221cf513f4b96ef7"}
{"index": {"_index":"spt","_id":"3871072"}}
	{"id":3871072,"type":"sell","buyer":"onlydoge","seller":"carlosaspin","symbol":"SPT","quantity":"4609.104617","price":"0.00165000","timestamp":1657365780,"volume":"7.60502262","buyTxId":"709473705fa744317443b307c16529cd7206effa","sellTxId":"775d96f85c0e36980cbb288a85e183594aef0448"}
{"index": {"_index":"spt","_id":"3871505"}}
	{"id":3871505,"type":"buy","buyer":"dbooster","seller":"glimpsytips.dex","symbol":"SPT","quantity":"150.000000","price":"0.00183800","timestamp":1657371045,"volume":"0.27570000","buyTxId":"a9b5829d6ead31c189d4414f3e6bb454a5900490","sellTxId":"0bfde734c439b53154056c2fedfb88c7fbb5eeb2"}
{"index": {"_index":"spt","_id":"3871506"}}
	{"id":3871506,"type":"buy","buyer":"dbooster","seller":"glimpsytips.dex","symbol":"SPT","quantity":"150.000000","price":"0.00183900","timestamp":1657371045,"volume":"0.27585000","buyTxId":"a9b5829d6ead31c189d4414f3e6bb454a5900490","sellTxId":"3d008b78c12ffc769f1f00b0770f5f0f9fbb4b4e"}
{"index": {"_index":"spt","_id":"3871507"}}
	{"id":3871507,"type":"buy","buyer":"dbooster","seller":"saachi","symbol":"SPT","quantity":"150.000000","price":"0.00184000","timestamp":1657371045,"volume":"0.27600000","buyTxId":"a9b5829d6ead31c189d4414f3e6bb454a5900490","sellTxId":"1aae049e0098a991ed47c7119bf8f39cfe5a0db7"}
{"index": {"_index":"spt","_id":"3871508"}}
	{"id":3871508,"type":"buy","buyer":"dbooster","seller":"glimpsytips.dex","symbol":"SPT","quantity":"50.000000","price":"0.00185000","timestamp":1657371045,"volume":"0.09250000","buyTxId":"a9b5829d6ead31c189d4414f3e6bb454a5900490","sellTxId":"19af42be382ecbb0d50190ad09d467d5a46f8cd5"}
{"index": {"_index":"spt","_id":"3871836"}}
	{"id":3871836,"type":"buy","buyer":"evernoticethat","seller":"glimpsytips.dex","symbol":"SPT","quantity":"50.000000","price":"0.00187000","timestamp":1657373643,"volume":"0.09350000","buyTxId":"80ab29eed69d9790372a15f0c63767d3f83a18c2","sellTxId":"85fd95a90de12ff1630f0f668de1b03cec58bccb"}
{"index": {"_index":"spt","_id":"3871837"}}
	{"id":3871837,"type":"buy","buyer":"evernoticethat","seller":"glimpsytips.dex","symbol":"SPT","quantity":"50.000000","price":"0.00189000","timestamp":1657373643,"volume":"0.09450000","buyTxId":"80ab29eed69d9790372a15f0c63767d3f83a18c2","sellTxId":"3163711f5a0a68c726bce39c35eda8766a268885"}
{"index": {"_index":"spt","_id":"3871838"}}
	{"id":3871838,"type":"buy","buyer":"evernoticethat","seller":"glimpsytips.dex","symbol":"SPT","quantity":"48.000000","price":"0.00189000","timestamp":1657373643,"volume":"0.09072000","buyTxId":"80ab29eed69d9790372a15f0c63767d3f83a18c2","sellTxId":"09a3faea650bd4bdfabbde8a27fd9abb1323a4d4"}
{"index": {"_index":"spt","_id":"3871839"}}
	{"id":3871839,"type":"buy","buyer":"evernoticethat","seller":"onlydoge","symbol":"SPT","quantity":"123.538291","price":"0.00189000","timestamp":1657373643,"volume":"0.23348737","buyTxId":"80ab29eed69d9790372a15f0c63767d3f83a18c2","sellTxId":"9c4c497ee941a9461f4b53765b8c5c8371bb9e7f"}
{"index": {"_index":"spt","_id":"3872102"}}
	{"id":3872102,"type":"sell","buyer":"glimpsytips.dex","seller":"bilpcoinbpc","symbol":"SPT","quantity":"1.000000","price":"0.00160900","timestamp":1657375848,"volume":"0.00160900","buyTxId":"2ffb62b25d48ff010b0551084d60033915ddfa0b","sellTxId":"e3b62076d060e2d8154e35521603738948b3e01f"}
{"index": {"_index":"spt","_id":"3872103"}}
	{"id":3872103,"type":"sell","buyer":"glimpsytips.dex","seller":"bilpcoinbpc","symbol":"SPT","quantity":"1.000000","price":"0.00160500","timestamp":1657375848,"volume":"0.00160500","buyTxId":"400e2f28ca3514b0f55b6eb08e8b31933f8aa673","sellTxId":"e3b62076d060e2d8154e35521603738948b3e01f"}
{"index": {"_index":"spt","_id":"3872104"}}
	{"id":3872104,"type":"sell","buyer":"glimpsytips.dex","seller":"bilpcoinbpc","symbol":"SPT","quantity":"0.831002","price":"0.00159604","timestamp":1657375848,"volume":"0.00132631","buyTxId":"4a4dab3e3b0ee690c2e30e2d7e69b83f4ab77715","sellTxId":"e3b62076d060e2d8154e35521603738948b3e01f"}
{"index": {"_index":"spt","_id":"3872252"}}
	{"id":3872252,"type":"sell","buyer":"glimpsytips.dex","seller":"captainquack22","symbol":"SPT","quantity":"299.168998","price":"0.00159604","timestamp":1657377432,"volume":"0.47748569","buyTxId":"4a4dab3e3b0ee690c2e30e2d7e69b83f4ab77715","sellTxId":"22263ea055e4ed0c21400a9ae0ac9f569daa8c0f"}
{"index": {"_index":"spt","_id":"3872253"}}
	{"id":3872253,"type":"sell","buyer":"glimpsytips.dex","seller":"captainquack22","symbol":"SPT","quantity":"90.000000","price":"0.00159601","timestamp":1657377432,"volume":"0.14364090","buyTxId":"8db05f66f35fa01f76ba21148eba1a5ce09e46a6","sellTxId":"22263ea055e4ed0c21400a9ae0ac9f569daa8c0f"}
{"index": {"_index":"spt","_id":"3872254"}}
	{"id":3872254,"type":"sell","buyer":"glimpsytips.dex","seller":"captainquack22","symbol":"SPT","quantity":"59.831002","price":"0.00159601","timestamp":1657377432,"volume":"0.09549088","buyTxId":"6bee608a21fc25e2d7bd86fe5c0539854c7801ff","sellTxId":"22263ea055e4ed0c21400a9ae0ac9f569daa8c0f"}
{"index": {"_index":"spt","_id":"3872307"}}
	{"id":3872307,"type":"sell","buyer":"glimpsytips.dex","seller":"khazrakh","symbol":"SPT","quantity":"30.168998","price":"0.00159601","timestamp":1657377873,"volume":"0.04815002","buyTxId":"6bee608a21fc25e2d7bd86fe5c0539854c7801ff","sellTxId":"86bb002651f1ccb21dec197084fe5d5f23a5ad97"}
{"index": {"_index":"spt","_id":"3872308"}}
	{"id":3872308,"type":"sell","buyer":"glimpsytips.dex","seller":"khazrakh","symbol":"SPT","quantity":"90.000000","price":"0.00159601","timestamp":1657377873,"volume":"0.14364090","buyTxId":"04fe3ad50248431287dad72d666188068046e04c","sellTxId":"86bb002651f1ccb21dec197084fe5d5f23a5ad97"}
{"index": {"_index":"spt","_id":"3872309"}}
	{"id":3872309,"type":"sell","buyer":"glimpsytips.dex","seller":"khazrakh","symbol":"SPT","quantity":"36.570067","price":"0.00159601","timestamp":1657377873,"volume":"0.05836619","buyTxId":"dc075b4648e1c0bdd3ee895338199b92c61f179d","sellTxId":"86bb002651f1ccb21dec197084fe5d5f23a5ad97"}
{"index": {"_index":"spt","_id":"3872620"}}
	{"id":3872620,"type":"sell","buyer":"glimpsytips.dex","seller":"lipe100dedos","symbol":"SPT","quantity":"53.429933","price":"0.00159601","timestamp":1657381176,"volume":"0.08527471","buyTxId":"dc075b4648e1c0bdd3ee895338199b92c61f179d","sellTxId":"a1a90dc3f752a43f95bd4ad935f002053dd75461"}
{"index": {"_index":"spt","_id":"3872621"}}
	{"id":3872621,"type":"sell","buyer":"glimpsytips.dex","seller":"lipe100dedos","symbol":"SPT","quantity":"6.245281","price":"0.00159601","timestamp":1657381176,"volume":"0.00996753","buyTxId":"7109b33aed7621a5def7d79b7da661dedfcd49bf","sellTxId":"a1a90dc3f752a43f95bd4ad935f002053dd75461"}
{"index": {"_index":"spt","_id":"3872662"}}
	{"id":3872662,"type":"sell","buyer":"glimpsytips.dex","seller":"renovatio","symbol":"SPT","quantity":"83.754719","price":"0.00159601","timestamp":1657381671,"volume":"0.13367337","buyTxId":"7109b33aed7621a5def7d79b7da661dedfcd49bf","sellTxId":"915251465fbd322675ece295fe0c3fa011bcf727"}
{"index": {"_index":"spt","_id":"3872663"}}
	{"id":3872663,"type":"sell","buyer":"glimpsytips.dex","seller":"renovatio","symbol":"SPT","quantity":"90.000000","price":"0.00159601","timestamp":1657381671,"volume":"0.14364090","buyTxId":"f1c475ee66f4706794f3c16e5b7f3056edac63b3","sellTxId":"915251465fbd322675ece295fe0c3fa011bcf727"}
{"index": {"_index":"spt","_id":"3872664"}}
	{"id":3872664,"type":"sell","buyer":"glimpsytips.dex","seller":"renovatio","symbol":"SPT","quantity":"96.912018","price":"0.00159601","timestamp":1657381671,"volume":"0.15467255","buyTxId":"6a77af69284699e69accc0822c5e06cf9b1615dc","sellTxId":"915251465fbd322675ece295fe0c3fa011bcf727"}
{"index": {"_index":"spt","_id":"3872823"}}
	{"id":3872823,"type":"buy","buyer":"druidsblood","seller":"onlydoge","symbol":"SPT","quantity":"412.000000","price":"0.00189000","timestamp":1657383429,"volume":"0.77868000","buyTxId":"5f528947df7fdb4e2da7627684f22480195cb548","sellTxId":"9c4c497ee941a9461f4b53765b8c5c8371bb9e7f"}
{"index": {"_index":"spt","_id":"3872835"}}
	{"id":3872835,"type":"buy","buyer":"druidsblood","seller":"onlydoge","symbol":"SPT","quantity":"56.688497","price":"0.00189000","timestamp":1657383513,"volume":"0.10714126","buyTxId":"bac38edb0674d2810f007346d69a68a33e7cbd81","sellTxId":"9c4c497ee941a9461f4b53765b8c5c8371bb9e7f"}
{"index": {"_index":"spt","_id":"3872836"}}
	{"id":3872836,"type":"buy","buyer":"druidsblood","seller":"glimpsytips.dex","symbol":"SPT","quantity":"50.000000","price":"0.00190000","timestamp":1657383513,"volume":"0.09500000","buyTxId":"bac38edb0674d2810f007346d69a68a33e7cbd81","sellTxId":"fa90cc70d7487cb17447d1b65d52af7a87c28b25"}
{"index": {"_index":"spt","_id":"3872837"}}
	{"id":3872837,"type":"buy","buyer":"druidsblood","seller":"muzehan","symbol":"SPT","quantity":"92.311503","price":"0.00190000","timestamp":1657383513,"volume":"0.17539186","buyTxId":"bac38edb0674d2810f007346d69a68a33e7cbd81","sellTxId":"50813daa32c30f3d2066544497cbee4ffddfd9fd"}
{"index": {"_index":"spt","_id":"3872839"}}
	{"id":3872839,"type":"buy","buyer":"druidsblood","seller":"muzehan","symbol":"SPT","quantity":"907.688497","price":"0.00190000","timestamp":1657383558,"volume":"1.72460814","buyTxId":"9ef511a23b5e6cee667b4f667daa2900536ff33d","sellTxId":"50813daa32c30f3d2066544497cbee4ffddfd9fd"}
{"index": {"_index":"spt","_id":"3872840"}}
	{"id":3872840,"type":"buy","buyer":"druidsblood","seller":"glimpsytips.dex","symbol":"SPT","quantity":"50.000000","price":"0.00195000","timestamp":1657383558,"volume":"0.09750000","buyTxId":"9ef511a23b5e6cee667b4f667daa2900536ff33d","sellTxId":"5ee45afa804684d446051e3292bc8341db2ab946"}
{"index": {"_index":"spt","_id":"3872846"}}
	{"id":3872846,"type":"buy","buyer":"glimpsytips.dex","seller":"glimpsytips.dex","symbol":"SPT","quantity":"50.000000","price":"0.00197000","timestamp":1657383624,"volume":"0.09850000","buyTxId":"9fc9d93effa5ac7a4636de68fbf0e2604e2f7432","sellTxId":"f974574b1ad4b5dddf71f9b53bb05c0a7b6bdf84"}
{"index": {"_index":"spt","_id":"3872847"}}
	{"id":3872847,"type":"buy","buyer":"glimpsytips.dex","seller":"glimpsytips.dex","symbol":"SPT","quantity":"50.000000","price":"0.00199000","timestamp":1657383624,"volume":"0.09950000","buyTxId":"9fc9d93effa5ac7a4636de68fbf0e2604e2f7432","sellTxId":"59253e808bfa35f709026ecea1a2ef63373c55f8"}
{"index": {"_index":"spt","_id":"3872852"}}
	{"id":3872852,"type":"buy","buyer":"druidsblood","seller":"glimpsytips.dex","symbol":"SPT","quantity":"50.000000","price":"0.00200000","timestamp":1657383732,"volume":"0.10000000","buyTxId":"baaa70c212409d33597bde7d5c7899524e4cc46f","sellTxId":"05a1a236ebfe5a4e73253cac6c0eca1d8ad5eb71"}
{"index": {"_index":"spt","_id":"3872853"}}
	{"id":3872853,"type":"buy","buyer":"druidsblood","seller":"glimpsytips.dex","symbol":"SPT","quantity":"50.000000","price":"0.00201000","timestamp":1657383732,"volume":"0.10050000","buyTxId":"baaa70c212409d33597bde7d5c7899524e4cc46f","sellTxId":"9f1cb8c44e667ff91865a9f301929257a142ca4d"}
{"index": {"_index":"spt","_id":"3872854"}}
	{"id":3872854,"type":"buy","buyer":"druidsblood","seller":"glimpsytips.dex","symbol":"SPT","quantity":"50.000000","price":"0.00202000","timestamp":1657383732,"volume":"0.10100000","buyTxId":"baaa70c212409d33597bde7d5c7899524e4cc46f","sellTxId":"8f846776e680e58dbbc5096aeac5a0817db1fcf0"}
{"index": {"_index":"spt","_id":"3872855"}}
	{"id":3872855,"type":"buy","buyer":"druidsblood","seller":"glimpsytips.dex","symbol":"SPT","quantity":"50.000000","price":"0.00203000","timestamp":1657383732,"volume":"0.10150000","buyTxId":"baaa70c212409d33597bde7d5c7899524e4cc46f","sellTxId":"0a3d3c2ace2385c44df7d0c9ecfd413aa60535fb"}
{"index": {"_index":"spt","_id":"3872856"}}
	{"id":3872856,"type":"buy","buyer":"druidsblood","seller":"glimpsytips.dex","symbol":"SPT","quantity":"50.000000","price":"0.00204000","timestamp":1657383732,"volume":"0.10200000","buyTxId":"baaa70c212409d33597bde7d5c7899524e4cc46f","sellTxId":"fca8df724e75c1647107974442284755d790d2dd"}
{"index": {"_index":"spt","_id":"3872857"}}
	{"id":3872857,"type":"buy","buyer":"druidsblood","seller":"glimpsytips.dex","symbol":"SPT","quantity":"50.000000","price":"0.00205000","timestamp":1657383732,"volume":"0.10250000","buyTxId":"baaa70c212409d33597bde7d5c7899524e4cc46f","sellTxId":"658c294615801e72a643888d326aea1cd8b725a9"}
{"index": {"_index":"spt","_id":"3872858"}}
	{"id":3872858,"type":"buy","buyer":"druidsblood","seller":"glimpsytips.dex","symbol":"SPT","quantity":"350.000000","price":"0.00206000","timestamp":1657383732,"volume":"0.72100000","buyTxId":"baaa70c212409d33597bde7d5c7899524e4cc46f","sellTxId":"6647fa86894be27cc90372d17117083daf63f538"}
{"index": {"_index":"spt","_id":"3872859"}}
	{"id":3872859,"type":"buy","buyer":"druidsblood","seller":"glimpsytips.dex","symbol":"SPT","quantity":"50.000000","price":"0.00207000","timestamp":1657383732,"volume":"0.10350000","buyTxId":"baaa70c212409d33597bde7d5c7899524e4cc46f","sellTxId":"ec54b3ef53d4e71622d30235f8a22e3a757d7fe6"}
{"index": {"_index":"spt","_id":"3872860"}}
	{"id":3872860,"type":"buy","buyer":"druidsblood","seller":"glimpsytips.dex","symbol":"SPT","quantity":"50.000000","price":"0.00208000","timestamp":1657383732,"volume":"0.10400000","buyTxId":"baaa70c212409d33597bde7d5c7899524e4cc46f","sellTxId":"e3683cd6baf36ed84ced4775267b7f1191d7a49d"}
{"index": {"_index":"spt","_id":"3872861"}}
	{"id":3872861,"type":"buy","buyer":"druidsblood","seller":"glimpsytips.dex","symbol":"SPT","quantity":"50.000000","price":"0.00209000","timestamp":1657383732,"volume":"0.10450000","buyTxId":"baaa70c212409d33597bde7d5c7899524e4cc46f","sellTxId":"172ab2105280ec86c9a6149fe9ef53fd71f87184"}
{"index": {"_index":"spt","_id":"3872862"}}
	{"id":3872862,"type":"buy","buyer":"druidsblood","seller":"glimpsytips.dex","symbol":"SPT","quantity":"50.000000","price":"0.00209300","timestamp":1657383732,"volume":"0.10465000","buyTxId":"baaa70c212409d33597bde7d5c7899524e4cc46f","sellTxId":"778eb087b16ee372abce0152edb4257e065cd95f"}
{"index": {"_index":"spt","_id":"3872863"}}
	{"id":3872863,"type":"buy","buyer":"druidsblood","seller":"glimpsytips.dex","symbol":"SPT","quantity":"50.000000","price":"0.00209500","timestamp":1657383732,"volume":"0.10475000","buyTxId":"baaa70c212409d33597bde7d5c7899524e4cc46f","sellTxId":"5755f820f5213542bfc572ddfbed7b3f03ad7e1d"}
{"index": {"_index":"spt","_id":"3872864"}}
	{"id":3872864,"type":"buy","buyer":"druidsblood","seller":"glimpsytips.dex","symbol":"SPT","quantity":"50.000000","price":"0.00209700","timestamp":1657383732,"volume":"0.10485000","buyTxId":"baaa70c212409d33597bde7d5c7899524e4cc46f","sellTxId":"8e2a8189d3b2d00c193268846ee0a02ea7eb775f"}
{"index": {"_index":"spt","_id":"3872865"}}
	{"id":3872865,"type":"buy","buyer":"druidsblood","seller":"glimpsytips.dex","symbol":"SPT","quantity":"50.000000","price":"0.00209800","timestamp":1657383732,"volume":"0.10490000","buyTxId":"baaa70c212409d33597bde7d5c7899524e4cc46f","sellTxId":"68e8905634b9802946c81b96fdcf2dc428fbdada"}
{"index": {"_index":"spt","_id":"3872866"}}
	{"id":3872866,"type":"buy","buyer":"druidsblood","seller":"agglutinogenic","symbol":"SPT","quantity":"5532.000000","price":"0.00209900","timestamp":1657383732,"volume":"11.61166800","buyTxId":"baaa70c212409d33597bde7d5c7899524e4cc46f","sellTxId":"bca2859cdc439f7f2d13a0f7d8dabc11ac28ec53"}
{"index": {"_index":"spt","_id":"3872867"}}
	{"id":3872867,"type":"sell","buyer":"druidsblood","seller":"aiparker","symbol":"SPT","quantity":"3.602809","price":"0.00199000","timestamp":1657383759,"volume":"0.00716959","buyTxId":"90ff67d6836fdffbbcf3f45bdcc966e0a28570c4","sellTxId":"49684dce731d27022d1f9cd294748ede2903b752"}
{"index": {"_index":"spt","_id":"3872868"}}
	{"id":3872868,"type":"buy","buyer":"druidsblood","seller":"glimpsytips.dex","symbol":"SPT","quantity":"100.000000","price":"0.00204999","timestamp":1657383768,"volume":"0.20499900","buyTxId":"f8638f53c8678683b52e5b556ae54dc6b012096c","sellTxId":"735f0873baa82104866557c54dfb0e719155777c"}
{"index": {"_index":"spt","_id":"3872869"}}
	{"id":3872869,"type":"buy","buyer":"druidsblood","seller":"glimpsytips.dex","symbol":"SPT","quantity":"100.000000","price":"0.00205999","timestamp":1657383768,"volume":"0.20599900","buyTxId":"f8638f53c8678683b52e5b556ae54dc6b012096c","sellTxId":"6a9cc78f9a3036c065a928b0431ed19d300f3228"}
{"index": {"_index":"spt","_id":"3872870"}}
	{"id":3872870,"type":"buy","buyer":"druidsblood","seller":"agglutinogenic","symbol":"SPT","quantity":"6014.000000","price":"0.00209900","timestamp":1657383768,"volume":"12.62338600","buyTxId":"f8638f53c8678683b52e5b556ae54dc6b012096c","sellTxId":"bca2859cdc439f7f2d13a0f7d8dabc11ac28ec53"}
{"index": {"_index":"spt","_id":"3872878"}}
	{"id":3872878,"type":"buy","buyer":"glimpsytips.dex","seller":"glimpsytips.dex","symbol":"SPT","quantity":"100.000000","price":"0.00203999","timestamp":1657383951,"volume":"0.20399900","buyTxId":"511dd3275aac306533fb9dbe8273f945915d30cf","sellTxId":"1c74b81f0efbc37f6ca142cbe15052bac2e5484e"}
{"index": {"_index":"spt","_id":"3872879"}}
	{"id":3872879,"type":"buy","buyer":"glimpsytips.dex","seller":"glimpsytips.dex","symbol":"SPT","quantity":"1.000000","price":"0.00208899","timestamp":1657383951,"volume":"0.00208899","buyTxId":"511dd3275aac306533fb9dbe8273f945915d30cf","sellTxId":"72724b4c4b4b0013feb3e23b0d7c551c36eaf4be"}
{"index": {"_index":"spt","_id":"3872881"}}
	{"id":3872881,"type":"buy","buyer":"glimpsytips.dex","seller":"glimpsytips.dex","symbol":"SPT","quantity":"49.000000","price":"0.00208899","timestamp":1657383966,"volume":"0.10236051","buyTxId":"815dd3a1470022d15cc185fa500e19ae09912d14","sellTxId":"72724b4c4b4b0013feb3e23b0d7c551c36eaf4be"}
{"index": {"_index":"spt","_id":"3872886"}}
	{"id":3872886,"type":"sell","buyer":"glimpsytips.dex","seller":"pjansen","symbol":"SPT","quantity":"52.000000","price":"0.00208899","timestamp":1657384044,"volume":"0.10862748","buyTxId":"815dd3a1470022d15cc185fa500e19ae09912d14","sellTxId":"251e31bfcda2a6484ebb3077aebbe39ca1113df9"}
{"index": {"_index":"spt","_id":"3872887"}}
	{"id":3872887,"type":"sell","buyer":"druidsblood","seller":"pjansen","symbol":"SPT","quantity":"95.397191","price":"0.00199000","timestamp":1657384044,"volume":"0.18984041","buyTxId":"90ff67d6836fdffbbcf3f45bdcc966e0a28570c4","sellTxId":"251e31bfcda2a6484ebb3077aebbe39ca1113df9"}
{"index": {"_index":"spt","_id":"3872888"}}
	{"id":3872888,"type":"sell","buyer":"druidsblood","seller":"pjansen","symbol":"SPT","quantity":"57.311503","price":"0.00195000","timestamp":1657384044,"volume":"0.11175743","buyTxId":"9ef511a23b5e6cee667b4f667daa2900536ff33d","sellTxId":"251e31bfcda2a6484ebb3077aebbe39ca1113df9"}
{"index": {"_index":"spt","_id":"3872889"}}
	{"id":3872889,"type":"sell","buyer":"glimpsytips.dex","seller":"pjansen","symbol":"SPT","quantity":"0.421375","price":"0.00159601","timestamp":1657384044,"volume":"0.00067252","buyTxId":"6a77af69284699e69accc0822c5e06cf9b1615dc","sellTxId":"251e31bfcda2a6484ebb3077aebbe39ca1113df9"}
{"index": {"_index":"spt","_id":"3873073"}}
	{"id":3873073,"type":"buy","buyer":"thahodler","seller":"onlydoge","symbol":"SPT","quantity":"1172.532195","price":"0.00200000","timestamp":1657385481,"volume":"2.34506439","buyTxId":"179b36b69eff7a0f211f68c58dd1169d631cc091","sellTxId":"af2c12132a186f1f424c89e544f3a59b32bddbcc"}
{"index": {"_index":"spt","_id":"3873098"}}
	{"id":3873098,"type":"sell","buyer":"glimpsytips.dex","seller":"catomoon","symbol":"SPT","quantity":"4.068457","price":"0.00159601","timestamp":1657385664,"volume":"0.00649330","buyTxId":"6a77af69284699e69accc0822c5e06cf9b1615dc","sellTxId":"dda679a627c2a7ba138ce612392b20e168d4d976"}
{"index": {"_index":"spt","_id":"3873261"}}
	{"id":3873261,"type":"sell","buyer":"glimpsytips.dex","seller":"giacomone","symbol":"SPT","quantity":"0.313116","price":"0.00159601","timestamp":1657387293,"volume":"0.00049974","buyTxId":"6a77af69284699e69accc0822c5e06cf9b1615dc","sellTxId":"ad9631287256c44fd0c545537b24a8a2d194c61b"}
{"index": {"_index":"spt","_id":"3873726"}}
	{"id":3873726,"type":"sell","buyer":"glimpsytips.dex","seller":"gadrian","symbol":"SPT","quantity":"98.285034","price":"0.00159601","timestamp":1657394331,"volume":"0.15686389","buyTxId":"6a77af69284699e69accc0822c5e06cf9b1615dc","sellTxId":"1a81fcaaebefcef4d0bb2188ff6866f36cb2e52b"}
{"index": {"_index":"spt","_id":"3873727"}}
	{"id":3873727,"type":"sell","buyer":"glimpsytips.dex","seller":"gadrian","symbol":"SPT","quantity":"133.425645","price":"0.00159601","timestamp":1657394331,"volume":"0.21294866","buyTxId":"0918807af963b618b4668bbd798e0220ac23a051","sellTxId":"1a81fcaaebefcef4d0bb2188ff6866f36cb2e52b"}
{"index": {"_index":"spt","_id":"3873747"}}
	{"id":3873747,"type":"sell","buyer":"glimpsytips.dex","seller":"thinkrdotexe","symbol":"SPT","quantity":"4.786337","price":"0.00159601","timestamp":1657394448,"volume":"0.00763904","buyTxId":"0918807af963b618b4668bbd798e0220ac23a051","sellTxId":"1cef7240262e7074b497285d687f953da540a984"}
{"index": {"_index":"spt","_id":"3874011"}}
	{"id":3874011,"type":"sell","buyer":"glimpsytips.dex","seller":"themarkymark","symbol":"SPT","quantity":"3.250264","price":"0.00159601","timestamp":1657397892,"volume":"0.00518745","buyTxId":"0918807af963b618b4668bbd798e0220ac23a051","sellTxId":"596a13e8869c02fe25c49086dc7f501de1bdbf39"}
{"index": {"_index":"spt","_id":"3874323"}}
	{"id":3874323,"type":"sell","buyer":"glimpsytips.dex","seller":"curator50","symbol":"SPT","quantity":"0.084079","price":"0.00159601","timestamp":1657403109,"volume":"0.00013419","buyTxId":"0918807af963b618b4668bbd798e0220ac23a051","sellTxId":"ad88c5efa6433a9ae51ff595ec289428068721ca"}
{"index": {"_index":"spt","_id":"3874746"}}
	{"id":3874746,"type":"sell","buyer":"glimpsytips.dex","seller":"dswap","symbol":"SPT","quantity":"58.453675","price":"0.00159601","timestamp":1657408932,"volume":"0.09329265","buyTxId":"0918807af963b618b4668bbd798e0220ac23a051","sellTxId":"11b7eeec53cdf78c4a756697c2eaf1ffcae2e4d4"}
{"index": {"_index":"spt","_id":"3874747"}}
	{"id":3874747,"type":"sell","buyer":"glimpsytips.dex","seller":"dswap","symbol":"SPT","quantity":"200.000000","price":"0.00159601","timestamp":1657408932,"volume":"0.31920200","buyTxId":"98475fe2e722d51b8a2a40a54f9159506b3473f2","sellTxId":"11b7eeec53cdf78c4a756697c2eaf1ffcae2e4d4"}
{"index": {"_index":"spt","_id":"3874748"}}
	{"id":3874748,"type":"sell","buyer":"glimpsytips.dex","seller":"dswap","symbol":"SPT","quantity":"200.000000","price":"0.00159601","timestamp":1657408932,"volume":"0.31920200","buyTxId":"dceb43db02e01ce9057ff9d223c7f0b04e3a81ea","sellTxId":"11b7eeec53cdf78c4a756697c2eaf1ffcae2e4d4"}
{"index": {"_index":"spt","_id":"3874749"}}
	{"id":3874749,"type":"sell","buyer":"baconface","seller":"dswap","symbol":"SPT","quantity":"2.001294","price":"0.00158469","timestamp":1657408932,"volume":"0.00317143","buyTxId":"899bab2519cb451a9d5bfa8cbbb60ff407c2ebce","sellTxId":"11b7eeec53cdf78c4a756697c2eaf1ffcae2e4d4"}
{"index": {"_index":"spt","_id":"3874750"}}
	{"id":3874750,"type":"sell","buyer":"baconface","seller":"dswap","symbol":"SPT","quantity":"2.052613","price":"0.00154507","timestamp":1657408932,"volume":"0.00317143","buyTxId":"190c638f4eab5ed3d0080ab6af06db2911cef167","sellTxId":"11b7eeec53cdf78c4a756697c2eaf1ffcae2e4d4"}
{"index": {"_index":"spt","_id":"3874751"}}
	{"id":3874751,"type":"sell","buyer":"tanguero","seller":"dswap","symbol":"SPT","quantity":"165.884552","price":"0.00151203","timestamp":1657408932,"volume":"0.25082242","buyTxId":"f90ef004a749d590e7c84bab960fcdafa48161d5","sellTxId":"11b7eeec53cdf78c4a756697c2eaf1ffcae2e4d4"}
{"index": {"_index":"spt","_id":"3874752"}}
	{"id":3874752,"type":"sell","buyer":"glimpsytips.dex","seller":"dswap","symbol":"SPT","quantity":"100.000000","price":"0.00151203","timestamp":1657408932,"volume":"0.15120300","buyTxId":"43d7d37fef4e78377f60632c66fa7352c310166e","sellTxId":"11b7eeec53cdf78c4a756697c2eaf1ffcae2e4d4"}
{"index": {"_index":"spt","_id":"3874753"}}
	{"id":3874753,"type":"sell","buyer":"glimpsytips.dex","seller":"dswap","symbol":"SPT","quantity":"70.000000","price":"0.00151101","timestamp":1657408932,"volume":"0.10577070","buyTxId":"8338f9b7cf38b62111b35b11d26088d8825a5458","sellTxId":"11b7eeec53cdf78c4a756697c2eaf1ffcae2e4d4"}
{"index": {"_index":"spt","_id":"3874754"}}
	{"id":3874754,"type":"sell","buyer":"glimpsytips.dex","seller":"dswap","symbol":"SPT","quantity":"70.000000","price":"0.00151101","timestamp":1657408932,"volume":"0.10577070","buyTxId":"333001a94e5954b2aa612d2117d1b999b71e063c","sellTxId":"11b7eeec53cdf78c4a756697c2eaf1ffcae2e4d4"}
{"index": {"_index":"spt","_id":"3874755"}}
	{"id":3874755,"type":"sell","buyer":"glimpsytips.dex","seller":"dswap","symbol":"SPT","quantity":"70.000000","price":"0.00151101","timestamp":1657408932,"volume":"0.10577070","buyTxId":"e6433638ab3d870dab01d0c8dbcf1d36262a1cd0","sellTxId":"11b7eeec53cdf78c4a756697c2eaf1ffcae2e4d4"}
{"index": {"_index":"spt","_id":"3874756"}}
	{"id":3874756,"type":"sell","buyer":"glimpsytips.dex","seller":"dswap","symbol":"SPT","quantity":"70.000000","price":"0.00151101","timestamp":1657408932,"volume":"0.10577070","buyTxId":"0a20cb0f8068d192a3f7a7a4acad0a6269666728","sellTxId":"11b7eeec53cdf78c4a756697c2eaf1ffcae2e4d4"}
{"index": {"_index":"spt","_id":"3874757"}}
	{"id":3874757,"type":"sell","buyer":"glimpsytips.dex","seller":"dswap","symbol":"SPT","quantity":"70.000000","price":"0.00151101","timestamp":1657408932,"volume":"0.10577070","buyTxId":"448629eee2141489f6f67c575f78c9f17b5303f0","sellTxId":"11b7eeec53cdf78c4a756697c2eaf1ffcae2e4d4"}
{"index": {"_index":"spt","_id":"3874758"}}
	{"id":3874758,"type":"sell","buyer":"glimpsytips.dex","seller":"dswap","symbol":"SPT","quantity":"70.000000","price":"0.00151101","timestamp":1657408932,"volume":"0.10577070","buyTxId":"d345d40018b09f67541d19be50aa1bcf8aaebdfc","sellTxId":"11b7eeec53cdf78c4a756697c2eaf1ffcae2e4d4"}
{"index": {"_index":"spt","_id":"3874759"}}
	{"id":3874759,"type":"sell","buyer":"glimpsytips.dex","seller":"dswap","symbol":"SPT","quantity":"70.000000","price":"0.00151101","timestamp":1657408932,"volume":"0.10577070","buyTxId":"be81696ea92ba937abb3c935216e43b4c645d87c","sellTxId":"11b7eeec53cdf78c4a756697c2eaf1ffcae2e4d4"}
{"index": {"_index":"spt","_id":"3874760"}}
	{"id":3874760,"type":"sell","buyer":"glimpsytips.dex","seller":"dswap","symbol":"SPT","quantity":"70.000000","price":"0.00151101","timestamp":1657408932,"volume":"0.10577070","buyTxId":"b310eb052f568ea3d344abe6b952396d85b6c013","sellTxId":"11b7eeec53cdf78c4a756697c2eaf1ffcae2e4d4"}
{"index": {"_index":"spt","_id":"3874761"}}
	{"id":3874761,"type":"sell","buyer":"multifurcate","seller":"dswap","symbol":"SPT","quantity":"1017.871023","price":"0.00151100","timestamp":1657408932,"volume":"1.53800312","buyTxId":"ad390851f913dba4dc5c2772478915ab7712d602","sellTxId":"11b7eeec53cdf78c4a756697c2eaf1ffcae2e4d4"}
{"index": {"_index":"spt","_id":"3875220"}}
	{"id":3875220,"type":"sell","buyer":"multifurcate","seller":"edskymiguel","symbol":"SPT","quantity":"46.814077","price":"0.00151100","timestamp":1657416480,"volume":"0.07073607","buyTxId":"a02172ed68ae38a68deca7ea2320a01ff077be46","sellTxId":"52bb548eac3bb8d61d32ee0820b6d8be0ca03952"}
