{"index": {"_index":"spt","_id":"2861606"}}
	{"id":2861606,"type":"buy","buyer":"grimmazrael","seller":"ecoinstats","symbol":"SPT","quantity":"97.590670","price":"0.00339800","timestamp":1645845714,"volume":"0.3316131","buyTxId":"18b9e068ce190fe4955845ff1978f5f1e3d6e7dc","sellTxId":"0c18a72c8f6509c50c6141bcb6a82cd11d6ee354"}
{"index": {"_index":"spt","_id":"2861668"}}
	{"id":2861668,"type":"sell","buyer":"thewycher","seller":"tsnaks","symbol":"SPT","quantity":"789.473063","price":"0.00289101","timestamp":1645846608,"volume":"2.28237452","buyTxId":"39f4855c53948d768869cf953b9a1e2548176983","sellTxId":"fa56038459b299fac6802b40b8f6def133e8b46f"}
{"index": {"_index":"spt","_id":"2861669"}}
	{"id":2861669,"type":"sell","buyer":"thewycher","seller":"tsnaks","symbol":"SPT","quantity":"302.015898","price":"0.00289101","timestamp":1645846608,"volume":"0.87313098","buyTxId":"e47a84b96d5a3ec7969d2af8c54526b4a562221a","sellTxId":"fa56038459b299fac6802b40b8f6def133e8b46f"}
{"index": {"_index":"spt","_id":"2861835"}}
	{"id":2861835,"type":"sell","buyer":"thewycher","seller":"jarr13","symbol":"SPT","quantity":"5.676010","price":"0.00289101","timestamp":1645849110,"volume":"0.01640940","buyTxId":"581e59ba0cb63926acdb2b8411a3f8f905622e5c","sellTxId":"38f0c3ce3a5972e44c5c5870735110501f5b0866"}
{"index": {"_index":"spt","_id":"2861945"}}
	{"id":2861945,"type":"buy","buyer":"dyninno","seller":"ecoinstats","symbol":"SPT","quantity":"882.872277","price":"0.00339800","timestamp":1645850895,"volume":"3","buyTxId":"23b1742bbb94b2888989d6285b8ba8286a9f3e36","sellTxId":"0c18a72c8f6509c50c6141bcb6a82cd11d6ee354"}
{"index": {"_index":"spt","_id":"2862279"}}
	{"id":2862279,"type":"buy","buyer":"dswap","seller":"elenkar","symbol":"SPT","quantity":"0.013190","price":"0.00336000","timestamp":1645856391,"volume":"0.00004432","buyTxId":"bfb506efcaaa351c19b04b0ec050f9adc4bb568d","sellTxId":"a6fa057dc5efb1a543d9604d4d618cd53765c2eb"}
{"index": {"_index":"spt","_id":"2862561"}}
	{"id":2862561,"type":"sell","buyer":"thewycher","seller":"dswap","symbol":"SPT","quantity":"37.607817","price":"0.00289101","timestamp":1645860261,"volume":"0.10872458","buyTxId":"581e59ba0cb63926acdb2b8411a3f8f905622e5c","sellTxId":"e81cd19437b7fbc1f43066970a7f58d0c7f9f3eb"}
{"index": {"_index":"spt","_id":"2862600"}}
	{"id":2862600,"type":"sell","buyer":"thewycher","seller":"rarereden","symbol":"SPT","quantity":"1.904777","price":"0.00289101","timestamp":1645860981,"volume":"0.00550673","buyTxId":"581e59ba0cb63926acdb2b8411a3f8f905622e5c","sellTxId":"81bbe4194207df66fd05553f93b30fcfe40cbcb3"}
{"index": {"_index":"spt","_id":"2862657"}}
	{"id":2862657,"type":"sell","buyer":"thewycher","seller":"ketcom","symbol":"SPT","quantity":"451.184934","price":"0.00289101","timestamp":1645861758,"volume":"1.30438016","buyTxId":"581e59ba0cb63926acdb2b8411a3f8f905622e5c","sellTxId":"0198e258d3da38c3e53ba20e57ede4ada1039540"}
{"index": {"_index":"spt","_id":"2862704"}}
	{"id":2862704,"type":"buy","buyer":"juanmiguelsalas","seller":"saachi","symbol":"SPT","quantity":"140.000000","price":"0.00330000","timestamp":1645862640,"volume":"0.46200000","buyTxId":"c23e2d96dac20e53e550cf9d20a02690ff8940a0","sellTxId":"6f2d68d13ac4039a7e29631888744d3fcb9766bc"}
{"index": {"_index":"spt","_id":"2862705"}}
	{"id":2862705,"type":"buy","buyer":"juanmiguelsalas","seller":"elenkar","symbol":"SPT","quantity":"1.179225","price":"0.00336000","timestamp":1645862640,"volume":"0.00396220","buyTxId":"c23e2d96dac20e53e550cf9d20a02690ff8940a0","sellTxId":"a6fa057dc5efb1a543d9604d4d618cd53765c2eb"}
{"index": {"_index":"spt","_id":"2862706"}}
	{"id":2862706,"type":"buy","buyer":"juanmiguelsalas","seller":"kitsuki","symbol":"SPT","quantity":"150.000000","price":"0.00339000","timestamp":1645862640,"volume":"0.50850000","buyTxId":"c23e2d96dac20e53e550cf9d20a02690ff8940a0","sellTxId":"168a0dfa8aae17ef2a58afa1d2eea50bd177bc62"}
{"index": {"_index":"spt","_id":"2862707"}}
	{"id":2862707,"type":"buy","buyer":"juanmiguelsalas","seller":"ecoinstats","symbol":"SPT","quantity":"16.421053","price":"0.00339800","timestamp":1645862640,"volume":"0.05579874","buyTxId":"c23e2d96dac20e53e550cf9d20a02690ff8940a0","sellTxId":"0c18a72c8f6509c50c6141bcb6a82cd11d6ee354"}
{"index": {"_index":"spt","_id":"2862708"}}
	{"id":2862708,"type":"buy","buyer":"juanmiguelsalas","seller":"brofi-market","symbol":"SPT","quantity":"3.448763","price":"0.00339800","timestamp":1645862640,"volume":"0.01171890","buyTxId":"c23e2d96dac20e53e550cf9d20a02690ff8940a0","sellTxId":"947989a28d4bb278778e7c10c3ef43a725979aec"}
{"index": {"_index":"spt","_id":"2862709"}}
	{"id":2862709,"type":"buy","buyer":"juanmiguelsalas","seller":"he-index","symbol":"SPT","quantity":"0.032000","price":"0.00339899","timestamp":1645862640,"volume":"0.00010877","buyTxId":"c23e2d96dac20e53e550cf9d20a02690ff8940a0","sellTxId":"42d034c15e41c6d599b5e80d0828a2ff6f07a955"}
{"index": {"_index":"spt","_id":"2862710"}}
	{"id":2862710,"type":"buy","buyer":"juanmiguelsalas","seller":"thecuriousfool","symbol":"SPT","quantity":"490.394537","price":"0.00339899","timestamp":1645862640,"volume":"1.66684613","buyTxId":"c23e2d96dac20e53e550cf9d20a02690ff8940a0","sellTxId":"694fbd1452ab3cf9f1ef9da0e85e7f5106c09a27"}
{"index": {"_index":"spt","_id":"2862711"}}
	{"id":2862711,"type":"buy","buyer":"juanmiguelsalas","seller":"laundrywoman","symbol":"SPT","quantity":"20901.524422","price":"0.00339900","timestamp":1645862640,"volume":"71.04428151","buyTxId":"c23e2d96dac20e53e550cf9d20a02690ff8940a0","sellTxId":"0545b8448a905bffb82422e6d45bc40259c74ded"}
{"index": {"_index":"spt","_id":"2862741"}}
	{"id":2862741,"type":"sell","buyer":"thewycher","seller":"brofi-market","symbol":"SPT","quantity":"0.139486","price":"0.00289101","timestamp":1645863021,"volume":"0.00040326","buyTxId":"9f2bce592981ac5462e7501fb65770b64a69ce47","sellTxId":"6cd6960c11ae7662af7e22218f35fec54d0a78f3"}
{"index": {"_index":"spt","_id":"2862753"}}
	{"id":2862753,"type":"sell","buyer":"thewycher","seller":"cynano","symbol":"SPT","quantity":"26.400220","price":"0.00289101","timestamp":1645863189,"volume":"0.07632330","buyTxId":"9f2bce592981ac5462e7501fb65770b64a69ce47","sellTxId":"b2a4ef9c1ac40c392d3c11fb236afe8b77f9f432"}
{"index": {"_index":"spt","_id":"2862873"}}
	{"id":2862873,"type":"buy","buyer":"dswap","seller":"laundrywoman","symbol":"SPT","quantity":"443.071112","price":"0.00339900","timestamp":1645864692,"volume":"1.50599871","buyTxId":"f5f93a13683c5e453ccb1cf6a1661b5ab128c74e","sellTxId":"0545b8448a905bffb82422e6d45bc40259c74ded"}
{"index": {"_index":"spt","_id":"2862990"}}
	{"id":2862990,"type":"sell","buyer":"thewycher","seller":"dswap","symbol":"SPT","quantity":"973.460294","price":"0.00289101","timestamp":1645866588,"volume":"2.81428344","buyTxId":"9f2bce592981ac5462e7501fb65770b64a69ce47","sellTxId":"a493b097ecf2405d208029e750e6cf29cad6dc69"}
{"index": {"_index":"spt","_id":"2862991"}}
	{"id":2862991,"type":"sell","buyer":"thewycher","seller":"dswap","symbol":"SPT","quantity":"913.581112","price":"0.00289101","timestamp":1645866588,"volume":"2.64117213","buyTxId":"12ed1eae68b7bf6a9d8478895c6bc1e94e24cd9f","sellTxId":"a493b097ecf2405d208029e750e6cf29cad6dc69"}
{"index": {"_index":"spt","_id":"2863129"}}
	{"id":2863129,"type":"sell","buyer":"thewycher","seller":"holycowz","symbol":"SPT","quantity":"86.418888","price":"0.00289101","timestamp":1645869015,"volume":"0.24983787","buyTxId":"12ed1eae68b7bf6a9d8478895c6bc1e94e24cd9f","sellTxId":"67c764d509e5a4078a16e353b3a8279fefd38941"}
{"index": {"_index":"spt","_id":"2863130"}}
	{"id":2863130,"type":"sell","buyer":"thewycher","seller":"holycowz","symbol":"SPT","quantity":"1000.000000","price":"0.00289101","timestamp":1645869015,"volume":"2.89101000","buyTxId":"1171fe90bbbcb5f4e42c41c5b995b097276b1ed3","sellTxId":"67c764d509e5a4078a16e353b3a8279fefd38941"}
{"index": {"_index":"spt","_id":"2863131"}}
	{"id":2863131,"type":"sell","buyer":"thewycher","seller":"holycowz","symbol":"SPT","quantity":"707.111474","price":"0.00289101","timestamp":1645869015,"volume":"2.04426634","buyTxId":"da27cbc314684a6e3951bf43217dad67c11fa519","sellTxId":"67c764d509e5a4078a16e353b3a8279fefd38941"}
{"index": {"_index":"spt","_id":"2863469"}}
	{"id":2863469,"type":"buy","buyer":"evernoticethat","seller":"brofi-market","symbol":"SPT","quantity":"0.139486","price":"0.00339900","timestamp":1645874598,"volume":"0.00047411","buyTxId":"74ac5ba5bb8930d18291157c2935a2021ce67e14","sellTxId":"44a59bfb068a25c8551784ccf6e36b5232a2dcb4"}
{"index": {"_index":"spt","_id":"2863470"}}
	{"id":2863470,"type":"buy","buyer":"evernoticethat","seller":"laundrywoman","symbol":"SPT","quantity":"999.860514","price":"0.00339900","timestamp":1645874598,"volume":"3.39852589","buyTxId":"74ac5ba5bb8930d18291157c2935a2021ce67e14","sellTxId":"d0c2da8e7944592e132f6f07511e5d051b62a61a"}
{"index": {"_index":"spt","_id":"2863678"}}
	{"id":2863678,"type":"sell","buyer":"caimanx","seller":"brofi-market","symbol":"SPT","quantity":"0.001966","price":"0.00289400","timestamp":1645877877,"volume":"0.00000569","buyTxId":"bf31eac223fedb4fcc3c165254db333f1122a516","sellTxId":"b435dd802ac7cbb8021ac38b4be47cb3edc1f8cd"}
{"index": {"_index":"spt","_id":"2863776"}}
	{"id":2863776,"type":"sell","buyer":"caimanx","seller":"dhedge-drips","symbol":"SPT","quantity":"0.013848","price":"0.00289400","timestamp":1645879608,"volume":"0.00004008","buyTxId":"bf31eac223fedb4fcc3c165254db333f1122a516","sellTxId":"26c77ff24fdcf3c4b836e7c4455ba3503a399556"}
{"index": {"_index":"spt","_id":"2864183"}}
	{"id":2864183,"type":"sell","buyer":"caimanx","seller":"rowell","symbol":"SPT","quantity":"390.589369","price":"0.00289400","timestamp":1645884042,"volume":"1.13036563","buyTxId":"bf31eac223fedb4fcc3c165254db333f1122a516","sellTxId":"31ee0f6a4b70f9054e0684c04d9fde88218168a4"}
{"index": {"_index":"spt","_id":"2864553"}}
	{"id":2864553,"type":"buy","buyer":"druidsblood","seller":"brofi-market","symbol":"SPT","quantity":"0.001966","price":"0.00339900","timestamp":1645889253,"volume":"0.00000668","buyTxId":"e767f3d6860906f937ae62d7a16edd2d4351cc9d","sellTxId":"47f67a5ec81465ae54b9ce09b27659808856bb0b"}
{"index": {"_index":"spt","_id":"2864554"}}
	{"id":2864554,"type":"buy","buyer":"druidsblood","seller":"dhedge-drips","symbol":"SPT","quantity":"0.013848","price":"0.00339900","timestamp":1645889253,"volume":"0.00004707","buyTxId":"e767f3d6860906f937ae62d7a16edd2d4351cc9d","sellTxId":"dfdfeb5afaa9ad35f7cfcb3dfd41430488bb43fe"}
{"index": {"_index":"spt","_id":"2864555"}}
	{"id":2864555,"type":"buy","buyer":"druidsblood","seller":"laundrywoman","symbol":"SPT","quantity":"6120.984186","price":"0.00339900","timestamp":1645889253,"volume":"20.80522525","buyTxId":"e767f3d6860906f937ae62d7a16edd2d4351cc9d","sellTxId":"9fc1e61d10a74b19af7a17d649564c1cd426eb8d"}
{"index": {"_index":"spt","_id":"2864591"}}
	{"id":2864591,"type":"buy","buyer":"druidsblood","seller":"laundrywoman","symbol":"SPT","quantity":"17548.000000","price":"0.00339900","timestamp":1645889790,"volume":"59.64565200","buyTxId":"ae66a4db412fd072ef1aa0ee18e7b6f95a84c3b1","sellTxId":"9fc1e61d10a74b19af7a17d649564c1cd426eb8d"}
{"index": {"_index":"spt","_id":"2864716"}}
	{"id":2864716,"type":"sell","buyer":"multifurcate","seller":"angelrey1990","symbol":"SPT","quantity":"1729.674614","price":"0.00289600","timestamp":1645890960,"volume":"5.00913768","buyTxId":"1bcbafcdad5bfb8834af75c5e4dd26818cc2440a","sellTxId":"41df995ecbae4478fabce19faed5a957e5d3ada4"}
{"index": {"_index":"spt","_id":"2864763"}}
	{"id":2864763,"type":"sell","buyer":"multifurcate","seller":"brofi-market","symbol":"SPT","quantity":"0.191242","price":"0.00289600","timestamp":1645891893,"volume":"0.00055384","buyTxId":"1bcbafcdad5bfb8834af75c5e4dd26818cc2440a","sellTxId":"c724e0028940d30ee6d2d5245bfd5ad9c23bf19f"}
{"index": {"_index":"spt","_id":"2864936"}}
	{"id":2864936,"type":"buy","buyer":"groentje","seller":"laundrywoman","symbol":"SPT","quantity":"682.259488","price":"0.00339900","timestamp":1645893456,"volume":"2.319","buyTxId":"ae9717872870ba81d8f7dbefd66faa4acae2767e","sellTxId":"9fc1e61d10a74b19af7a17d649564c1cd426eb8d"}
{"index": {"_index":"spt","_id":"2864963"}}
	{"id":2864963,"type":"sell","buyer":"thewycher","seller":"smooms","symbol":"SPT","quantity":"617.498891","price":"0.00289601","timestamp":1645893630,"volume":"1.78828296","buyTxId":"a638c1a1c9cb94de9e8c9687125a7482fa3c6e9e","sellTxId":"55d01df1f8a4c44c2437411910730687ef71f52e"}
{"index": {"_index":"spt","_id":"2865674"}}
	{"id":2865674,"type":"sell","buyer":"thewycher","seller":"dhedge-drips","symbol":"SPT","quantity":"0.017928","price":"0.00289601","timestamp":1645901148,"volume":"0.00005192","buyTxId":"a638c1a1c9cb94de9e8c9687125a7482fa3c6e9e","sellTxId":"cadc686c8422a580f1c63f443a85d3bf274fc650"}
{"index": {"_index":"spt","_id":"2866055"}}
	{"id":2866055,"type":"sell","buyer":"caimanx","seller":"brofi-market","symbol":"SPT","quantity":"0.005197","price":"0.00290040","timestamp":1645906188,"volume":"0.00001507","buyTxId":"238ac529cd60df01bce20d7ee6ddda4b0411b074","sellTxId":"4ce980f5d5a2524318ba3c87342214234e314177"}
{"index": {"_index":"spt","_id":"2866754"}}
	{"id":2866754,"type":"sell","buyer":"thewycher","seller":"he-index","symbol":"SPT","quantity":"0.034000","price":"0.00290151","timestamp":1645916475,"volume":"0.00009865","buyTxId":"7c21c835effd0831ac3e03e406bca26ec02ece41","sellTxId":"166a1f002019f30fe17e404f523348d500f32aac"}
{"index": {"_index":"spt","_id":"2866848"}}
	{"id":2866848,"type":"sell","buyer":"thewycher","seller":"taskmaster4450","symbol":"SPT","quantity":"431.049090","price":"0.00290151","timestamp":1645917807,"volume":"1.25069325","buyTxId":"7c21c835effd0831ac3e03e406bca26ec02ece41","sellTxId":"6e136a44045ac0a3ceb5b39f81a90ec07243c1a7"}
{"index": {"_index":"spt","_id":"2866909"}}
	{"id":2866909,"type":"sell","buyer":"thewycher","seller":"cynano","symbol":"SPT","quantity":"111.426195","price":"0.00290151","timestamp":1645918905,"volume":"0.32330422","buyTxId":"7c21c835effd0831ac3e03e406bca26ec02ece41","sellTxId":"70bf871687f72a6a73857ddb1c2589102e604187"}
{"index": {"_index":"spt","_id":"2867288"}}
	{"id":2867288,"type":"sell","buyer":"thewycher","seller":"brofi-market","symbol":"SPT","quantity":"3.124834","price":"0.00290151","timestamp":1645920825,"volume":"0.00906674","buyTxId":"7c21c835effd0831ac3e03e406bca26ec02ece41","sellTxId":"52ac06f7a790f0a56c97ee40d43011cbce83b477"}
{"index": {"_index":"spt","_id":"2867365"}}
	{"id":2867365,"type":"sell","buyer":"thewycher","seller":"chireerocks","symbol":"SPT","quantity":"97.141780","price":"0.00290151","timestamp":1645921527,"volume":"0.28185785","buyTxId":"61707b8d90a0211c02a796b1fde194372d0ef6c4","sellTxId":"63b7499d390e34d7996d4aa064f0b251885e1aa9"}
{"index": {"_index":"spt","_id":"2867480"}}
	{"id":2867480,"type":"sell","buyer":"thewycher","seller":"dhedge-drips","symbol":"SPT","quantity":"0.001269","price":"0.00290151","timestamp":1645922829,"volume":"0.00000368","buyTxId":"94b31446ec1222936e094a0b3ab71d85b96039c8","sellTxId":"7bccbe382e0254f796403e0f821c77ec62b93987"}
{"index": {"_index":"spt","_id":"2867617"}}
	{"id":2867617,"type":"buy","buyer":"grimmazrael","seller":"criptosectadepit","symbol":"SPT","quantity":"29.852361","price":"0.00314000","timestamp":1645924512,"volume":"0.09373641","buyTxId":"d5430e52ea540791aa0acac782d7221a1b031d7f","sellTxId":"1da1b22b6e8be3c7199e69764d7c4490088e7c34"}
{"index": {"_index":"spt","_id":"2867618"}}
	{"id":2867618,"type":"buy","buyer":"grimmazrael","seller":"brofi-market","symbol":"SPT","quantity":"3.124834","price":"0.00314000","timestamp":1645924512,"volume":"0.00981198","buyTxId":"d5430e52ea540791aa0acac782d7221a1b031d7f","sellTxId":"b3e350006a6f848e1261ebe92196a0f57fcb3c2b"}
{"index": {"_index":"spt","_id":"2867619"}}
	{"id":2867619,"type":"buy","buyer":"grimmazrael","seller":"dhedge-drips","symbol":"SPT","quantity":"0.001269","price":"0.00314000","timestamp":1645924512,"volume":"0.00000398","buyTxId":"d5430e52ea540791aa0acac782d7221a1b031d7f","sellTxId":"2f2c4682dc50bdc856c3bfbb48ef08f7a5f360b6"}
{"index": {"_index":"spt","_id":"2867641"}}
	{"id":2867641,"type":"sell","buyer":"grimmazrael","seller":"musawerl","symbol":"SPT","quantity":"106","price":"0.00314000","timestamp":1645924935,"volume":"0.33284000","buyTxId":"d5430e52ea540791aa0acac782d7221a1b031d7f","sellTxId":"ca505de7409b863bde9531046c94bd1694d92c24"}
{"index": {"_index":"spt","_id":"2867663"}}
	{"id":2867663,"type":"sell","buyer":"grimmazrael","seller":"thewycher","symbol":"SPT","quantity":"97.143049","price":"0.00314000","timestamp":1645925328,"volume":"0.30502917","buyTxId":"d5430e52ea540791aa0acac782d7221a1b031d7f","sellTxId":"4cc6dcc948baedbc9123814616ce5bf0c6e7705c"}
{"index": {"_index":"spt","_id":"2867733"}}
	{"id":2867733,"type":"sell","buyer":"grimmazrael","seller":"sirsmokesalot96","symbol":"SPT","quantity":"43.467058","price":"0.00314000","timestamp":1645926573,"volume":"0.13648656","buyTxId":"d5430e52ea540791aa0acac782d7221a1b031d7f","sellTxId":"d23d89b1a58b5f6d6d3de0b070add71e1ca663e4"}
{"index": {"_index":"spt","_id":"2867776"}}
	{"id":2867776,"type":"sell","buyer":"grimmazrael","seller":"dswap","symbol":"SPT","quantity":"0.013190","price":"0.00314000","timestamp":1645927062,"volume":"0.00004142","buyTxId":"d5430e52ea540791aa0acac782d7221a1b031d7f","sellTxId":"594d069084e4bde6534b42500022641ec7c74925"}
{"index": {"_index":"spt","_id":"2867888"}}
	{"id":2867888,"type":"sell","buyer":"grimmazrael","seller":"sanjeev021","symbol":"SPT","quantity":"490.910623","price":"0.00314000","timestamp":1645929096,"volume":"1.54145936","buyTxId":"d5430e52ea540791aa0acac782d7221a1b031d7f","sellTxId":"35b9f2ac7e9a1ccc959f31f39e3363aa91deb862"}
{"index": {"_index":"spt","_id":"2868020"}}
	{"id":2868020,"type":"buy","buyer":"bcarolan639","seller":"saachi","symbol":"SPT","quantity":"140.000000","price":"0.00315000","timestamp":1645931625,"volume":"0.44100000","buyTxId":"c43877eb2a5f0fe7304699cb72ad838fdc9be2d0","sellTxId":"ded31c94ed1d3e7d20d9566a266dde468376107e"}
{"index": {"_index":"spt","_id":"2868021"}}
	{"id":2868021,"type":"buy","buyer":"bcarolan639","seller":"brofi-market","symbol":"SPT","quantity":"0.005197","price":"0.00315000","timestamp":1645931625,"volume":"0.00001637","buyTxId":"c43877eb2a5f0fe7304699cb72ad838fdc9be2d0","sellTxId":"733b08f766ec54757718711507e980127ec68435"}
