{"index": {"_index":"spt","_id":"3571151"}}
	{"id":3571151,"type":"sell","buyer":"multifurcate","seller":"splinter100dedos","symbol":"SPT","quantity":"12.204420","price":"0.00241625","timestamp":1653968043,"volume":"0.02948893","buyTxId":"c790b93828677c6af4a51399d1f7f6f064329f48","sellTxId":"1e7b233858356b181feba648ecd27a7c36e1f707"}
{"index": {"_index":"spt","_id":"3571210"}}
	{"id":3571210,"type":"sell","buyer":"multifurcate","seller":"hive.pizza","symbol":"SPT","quantity":"49.232873","price":"0.00241625","timestamp":1653969012,"volume":"0.11895893","buyTxId":"c790b93828677c6af4a51399d1f7f6f064329f48","sellTxId":"b54017a4216c9a46b6b8a35248ed0c1e250cf58a"}
{"index": {"_index":"spt","_id":"3571234"}}
	{"id":3571234,"type":"sell","buyer":"multifurcate","seller":"noblebright","symbol":"SPT","quantity":"4.145594","price":"0.00241625","timestamp":1653969408,"volume":"0.01001679","buyTxId":"c790b93828677c6af4a51399d1f7f6f064329f48","sellTxId":"48d3aa16daadc3914a990e69c1a537fc7868168d"}
{"index": {"_index":"spt","_id":"3571286"}}
	{"id":3571286,"type":"sell","buyer":"multifurcate","seller":"captainquack22","symbol":"SPT","quantity":"197","price":"0.00241625","timestamp":1653970101,"volume":"0.47600125","buyTxId":"c790b93828677c6af4a51399d1f7f6f064329f48","sellTxId":"08f3f0f7690de00208f52216349b2a7fb4e97d79"}
{"index": {"_index":"spt","_id":"3571494"}}
	{"id":3571494,"type":"sell","buyer":"multifurcate","seller":"metzli","symbol":"SPT","quantity":"293.739313","price":"0.00241625","timestamp":1653973959,"volume":"0.70974762","buyTxId":"c790b93828677c6af4a51399d1f7f6f064329f48","sellTxId":"a7bc3eb7ae3b144665e1db10dd6a675605f52674"}
{"index": {"_index":"spt","_id":"3571704"}}
	{"id":3571704,"type":"sell","buyer":"multifurcate","seller":"hive-131968","symbol":"SPT","quantity":"1.825172","price":"0.00241625","timestamp":1653977259,"volume":"0.00441007","buyTxId":"ac7d981aafb7112779600eabdca48dde6ecffcac","sellTxId":"b7a5d93049d41b411d063c28e043bc2d5e89a4fc"}
{"index": {"_index":"spt","_id":"3571851"}}
	{"id":3571851,"type":"buy","buyer":"agog","seller":"agglutinogenic","symbol":"SPT","quantity":"1904.000000","price":"0.00287900","timestamp":1653979176,"volume":"5.48161600","buyTxId":"ccb1e1641c072f3a01574c30e9fb3b10d950c698","sellTxId":"8d8e51960a9920aa2468a810478d4e7261259044"}
{"index": {"_index":"spt","_id":"3572002"}}
	{"id":3572002,"type":"sell","buyer":"multifurcate","seller":"dauerbrenner05","symbol":"SPT","quantity":"1.562490","price":"0.00241625","timestamp":1653980679,"volume":"0.00377537","buyTxId":"0acc20777b9b987e1a585d8a019686e0d59be51a","sellTxId":"9cc964c0d7975e0929a0a3525aa947206f71dff2"}
{"index": {"_index":"spt","_id":"3572050"}}
	{"id":3572050,"type":"sell","buyer":"multifurcate","seller":"dswap","symbol":"SPT","quantity":"1000","price":"0.00241625","timestamp":1653981075,"volume":"2.41625000","buyTxId":"0acc20777b9b987e1a585d8a019686e0d59be51a","sellTxId":"2a0532860616ab3f1f3ad89fc76783682685d21e"}
{"index": {"_index":"spt","_id":"3572061"}}
	{"id":3572061,"type":"sell","buyer":"multifurcate","seller":"anderssinho","symbol":"SPT","quantity":"0.693000","price":"0.00241625","timestamp":1653981246,"volume":"0.00167446","buyTxId":"0acc20777b9b987e1a585d8a019686e0d59be51a","sellTxId":"134ca8eea4b558422d2f42f21ebbf2a6d8743534"}
{"index": {"_index":"spt","_id":"3572202"}}
	{"id":3572202,"type":"sell","buyer":"multifurcate","seller":"venomdts","symbol":"SPT","quantity":"1000.000000","price":"0.00241625","timestamp":1653983091,"volume":"2.41625000","buyTxId":"0acc20777b9b987e1a585d8a019686e0d59be51a","sellTxId":"124c31d808dcd45a7f2fee81b6ef0b2b26f3a97c"}
{"index": {"_index":"spt","_id":"3572219"}}
	{"id":3572219,"type":"sell","buyer":"multifurcate","seller":"rqr4","symbol":"SPT","quantity":"2090.904418","price":"0.00241625","timestamp":1653983307,"volume":"5.05214780","buyTxId":"0acc20777b9b987e1a585d8a019686e0d59be51a","sellTxId":"b08c5bfb3797d948042eda04de269293dcd281b7"}
{"index": {"_index":"spt","_id":"3572288"}}
	{"id":3572288,"type":"sell","buyer":"multifurcate","seller":"gringo211985","symbol":"SPT","quantity":"2011.609115","price":"0.00241625","timestamp":1653984063,"volume":"4.86055052","buyTxId":"0acc20777b9b987e1a585d8a019686e0d59be51a","sellTxId":"b5ca276a5135b6acaad47ec49340d2c50dc7f28a"}
{"index": {"_index":"spt","_id":"3572342"}}
	{"id":3572342,"type":"sell","buyer":"rzc24-nftbbg","seller":"jacksonizer","symbol":"SPT","quantity":"57.000000","price":"0.00241900","timestamp":1653984699,"volume":"0.13788300","buyTxId":"91fb14f23626cbf0b10064999191253f4542ae4d","sellTxId":"2eda51735be273d81a4a1cf7d065dcc2761a831a"}
{"index": {"_index":"spt","_id":"3572343"}}
	{"id":3572343,"type":"sell","buyer":"multifurcate","seller":"jacksonizer","symbol":"SPT","quantity":"2005.782262","price":"0.00241625","timestamp":1653984699,"volume":"4.84647139","buyTxId":"0acc20777b9b987e1a585d8a019686e0d59be51a","sellTxId":"2eda51735be273d81a4a1cf7d065dcc2761a831a"}
{"index": {"_index":"spt","_id":"3572600"}}
	{"id":3572600,"type":"sell","buyer":"multifurcate","seller":"dswap","symbol":"SPT","quantity":"2000","price":"0.00241625","timestamp":1653988383,"volume":"4.83250000","buyTxId":"0acc20777b9b987e1a585d8a019686e0d59be51a","sellTxId":"57f86f62223b1eccfb2634a385df0cda66ed8dea"}
{"index": {"_index":"spt","_id":"3572845"}}
	{"id":3572845,"type":"sell","buyer":"multifurcate","seller":"failingforwards","symbol":"SPT","quantity":"2182.203511","price":"0.00241625","timestamp":1653991806,"volume":"5.27274923","buyTxId":"0acc20777b9b987e1a585d8a019686e0d59be51a","sellTxId":"47863a6fb97ff048ab05626b7f20a8f118652a70"}
{"index": {"_index":"spt","_id":"3572972"}}
	{"id":3572972,"type":"buy","buyer":"pjansen","seller":"saachi","symbol":"SPT","quantity":"380.000000","price":"0.00270000","timestamp":1653993114,"volume":"1.02600000","buyTxId":"e142deb848d195a55a1e731b621dd944fa83bf24","sellTxId":"6c3d5526eff7f50a4558e46601e5916fdc9c1e76"}
{"index": {"_index":"spt","_id":"3572973"}}
	{"id":3572973,"type":"buy","buyer":"pjansen","seller":"underlock","symbol":"SPT","quantity":"0.035734","price":"0.00279840","timestamp":1653993114,"volume":"0.00010000","buyTxId":"e142deb848d195a55a1e731b621dd944fa83bf24","sellTxId":"81054f9e9c5984c6045889173f1a83b13dbb8e3c"}
{"index": {"_index":"spt","_id":"3573006"}}
	{"id":3573006,"type":"sell","buyer":"thewycher","seller":"luislrt","symbol":"SPT","quantity":"5.410881","price":"0.00241626","timestamp":1653993603,"volume":"0.01307410","buyTxId":"53e1cb7931828f163f0dd03c0c70a3c03a775b97","sellTxId":"e022bb8ff92ba92891599fb7e69b8716680d3379"}
{"index": {"_index":"spt","_id":"3573029"}}
	{"id":3573029,"type":"sell","buyer":"thewycher","seller":"naguiza","symbol":"SPT","quantity":"494.589118","price":"0.00241626","timestamp":1653993840,"volume":"1.19505590","buyTxId":"53e1cb7931828f163f0dd03c0c70a3c03a775b97","sellTxId":"177e3eb06baf4512b7ca0872c166f737114546d5"}
{"index": {"_index":"spt","_id":"3573030"}}
	{"id":3573030,"type":"sell","buyer":"thewycher","seller":"naguiza","symbol":"SPT","quantity":"499.999999","price":"0.00241626","timestamp":1653993840,"volume":"1.20813000","buyTxId":"f652034a279b9bdc6a9750259c5e3c57f9498166","sellTxId":"177e3eb06baf4512b7ca0872c166f737114546d5"}
{"index": {"_index":"spt","_id":"3573031"}}
	{"id":3573031,"type":"sell","buyer":"thewycher","seller":"naguiza","symbol":"SPT","quantity":"499.999999","price":"0.00241626","timestamp":1653993840,"volume":"1.20813000","buyTxId":"5774f636f689d64ed95e4c8d5d8a936ae81ad756","sellTxId":"177e3eb06baf4512b7ca0872c166f737114546d5"}
{"index": {"_index":"spt","_id":"3573032"}}
	{"id":3573032,"type":"sell","buyer":"thewycher","seller":"naguiza","symbol":"SPT","quantity":"200.410884","price":"0.00241626","timestamp":1653993840,"volume":"0.48424480","buyTxId":"2308974e55f89a0e78c72a189d1a25fd36e5d700","sellTxId":"177e3eb06baf4512b7ca0872c166f737114546d5"}
{"index": {"_index":"spt","_id":"3573221"}}
	{"id":3573221,"type":"sell","buyer":"thewycher","seller":"sketchygamerguy","symbol":"SPT","quantity":"136.625724","price":"0.00241626","timestamp":1653996738,"volume":"0.33012327","buyTxId":"2308974e55f89a0e78c72a189d1a25fd36e5d700","sellTxId":"1a1fb0fb4a84925a3bf4e50dac2ae2716fd935e6"}
{"index": {"_index":"spt","_id":"3573298"}}
	{"id":3573298,"type":"buy","buyer":"fatedslayerz","seller":"agglutinogenic","symbol":"SPT","quantity":"110.000000","price":"0.00277900","timestamp":1653997764,"volume":"0.30569000","buyTxId":"bf2cf94598627eff07000058fe352872f9504977","sellTxId":"dfa95f81ab270925247a70cc30187dbb96d37fc0"}
{"index": {"_index":"spt","_id":"3573435"}}
	{"id":3573435,"type":"buy","buyer":"dbooster","seller":"agglutinogenic","symbol":"SPT","quantity":"500.000000","price":"0.00277900","timestamp":1653999084,"volume":"1.38950000","buyTxId":"9fa682b72e68feccde9316d699a50e83c0cc69ca","sellTxId":"dfa95f81ab270925247a70cc30187dbb96d37fc0"}
{"index": {"_index":"spt","_id":"3573462"}}
	{"id":3573462,"type":"sell","buyer":"multifurcate","seller":"captainquack22","symbol":"SPT","quantity":"17","price":"0.00241727","timestamp":1653999285,"volume":"0.04109359","buyTxId":"7424de80dc05d0dff8e0d413000da90949291885","sellTxId":"4bfdbca3d6387cc016de9dcebe411c42020f055c"}
{"index": {"_index":"spt","_id":"3573497"}}
	{"id":3573497,"type":"sell","buyer":"multifurcate","seller":"juanmiguelsalas","symbol":"SPT","quantity":"299.000000","price":"0.00241727","timestamp":1653999888,"volume":"0.72276373","buyTxId":"7424de80dc05d0dff8e0d413000da90949291885","sellTxId":"2d5257d6f4e88b01176f3c082f8cced5a87c0ad1"}
{"index": {"_index":"spt","_id":"3573572"}}
	{"id":3573572,"type":"sell","buyer":"multifurcate","seller":"ultm8x","symbol":"SPT","quantity":"7062.269209","price":"0.00241727","timestamp":1654000902,"volume":"17.07141149","buyTxId":"7424de80dc05d0dff8e0d413000da90949291885","sellTxId":"2fc462b5160e4d147e0f321382774536a0602b0e"}
{"index": {"_index":"spt","_id":"3573963"}}
	{"id":3573963,"type":"sell","buyer":"kitsuki","seller":"photosnap","symbol":"SPT","quantity":"41.615385","price":"0.00254172","timestamp":1654005657,"volume":"0.10577466","buyTxId":"a2eacd6f3d8c750e06966667be8c6583c0d1cde0","sellTxId":"905ffa00f62577ef90efa36f5047ae824abe4dbe"}
{"index": {"_index":"spt","_id":"3574071"}}
	{"id":3574071,"type":"sell","buyer":"kitsuki","seller":"liuke96player","symbol":"SPT","quantity":"58.384615","price":"0.00254172","timestamp":1654006926,"volume":"0.14839734","buyTxId":"a2eacd6f3d8c750e06966667be8c6583c0d1cde0","sellTxId":"4fe5573858130e6b967aa12b7b2330b045dd622e"}
{"index": {"_index":"spt","_id":"3574072"}}
	{"id":3574072,"type":"sell","buyer":"thewycher","seller":"liuke96player","symbol":"SPT","quantity":"56.233157","price":"0.00241728","timestamp":1654006926,"volume":"0.13593129","buyTxId":"22cd072890a4d8f184392a717eb2cac144e71dc6","sellTxId":"4fe5573858130e6b967aa12b7b2330b045dd622e"}
{"index": {"_index":"spt","_id":"3574083"}}
	{"id":3574083,"type":"sell","buyer":"thewycher","seller":"captainquack22","symbol":"SPT","quantity":"86","price":"0.00241728","timestamp":1654007040,"volume":"0.20788608","buyTxId":"22cd072890a4d8f184392a717eb2cac144e71dc6","sellTxId":"4ad2dd4441233b37650f81b8991708df513576a9"}
{"index": {"_index":"spt","_id":"3574573"}}
	{"id":3574573,"type":"sell","buyer":"thewycher","seller":"mightyrocklee","symbol":"SPT","quantity":"357.766842","price":"0.00241728","timestamp":1654011690,"volume":"0.86482263","buyTxId":"22cd072890a4d8f184392a717eb2cac144e71dc6","sellTxId":"b930bbc8ab7dc335301ef1e966042cda408523fd"}
{"index": {"_index":"spt","_id":"3574574"}}
	{"id":3574574,"type":"sell","buyer":"thewycher","seller":"mightyrocklee","symbol":"SPT","quantity":"476.846604","price":"0.00241728","timestamp":1654011690,"volume":"1.15267176","buyTxId":"65ddd5c91764024ede3949104f23107d53fb760d","sellTxId":"b930bbc8ab7dc335301ef1e966042cda408523fd"}
{"index": {"_index":"spt","_id":"3574605"}}
	{"id":3574605,"type":"sell","buyer":"thewycher","seller":"dusk88","symbol":"SPT","quantity":"17.877292","price":"0.00241728","timestamp":1654011942,"volume":"0.04321442","buyTxId":"65ddd5c91764024ede3949104f23107d53fb760d","sellTxId":"c60aaff5c5dce6340a530133d2eabb8ca1046aa5"}
{"index": {"_index":"spt","_id":"3574750"}}
	{"id":3574750,"type":"sell","buyer":"thewycher","seller":"afitpower","symbol":"SPT","quantity":"0.000104","price":"0.00241728","timestamp":1654013013,"volume":"0.00000025","buyTxId":"65ddd5c91764024ede3949104f23107d53fb760d","sellTxId":"88f179cd3dcce20e2ee197415593887f69cf6ef7"}
{"index": {"_index":"spt","_id":"3574842"}}
	{"id":3574842,"type":"sell","buyer":"thewycher","seller":"bilgin70","symbol":"SPT","quantity":"0.000601","price":"0.00241728","timestamp":1654014132,"volume":"0.00000145","buyTxId":"65ddd5c91764024ede3949104f23107d53fb760d","sellTxId":"342fe6bd758289d39414e1d01ba210edd26c5afd"}
{"index": {"_index":"spt","_id":"3574993"}}
	{"id":3574993,"type":"sell","buyer":"thewycher","seller":"laritheghost","symbol":"SPT","quantity":"3.528315","price":"0.00241728","timestamp":1654015149,"volume":"0.00852893","buyTxId":"65ddd5c91764024ede3949104f23107d53fb760d","sellTxId":"8eeddd0425105884cbc23addd87574dcffa45679"}
{"index": {"_index":"spt","_id":"3575029"}}
	{"id":3575029,"type":"sell","buyer":"thewycher","seller":"queen-silvia","symbol":"SPT","quantity":"1.747083","price":"0.00241728","timestamp":1654015356,"volume":"0.00422319","buyTxId":"65ddd5c91764024ede3949104f23107d53fb760d","sellTxId":"463b69fdbe25c7ec81da75ee37238edda7c1baf5"}
{"index": {"_index":"spt","_id":"3575030"}}
	{"id":3575030,"type":"sell","buyer":"thewycher","seller":"queen-silvia","symbol":"SPT","quantity":"499.999999","price":"0.00241728","timestamp":1654015356,"volume":"1.20864000","buyTxId":"2fc5cac49967ff869033b10915f9603e51661df3","sellTxId":"463b69fdbe25c7ec81da75ee37238edda7c1baf5"}
{"index": {"_index":"spt","_id":"3575031"}}
	{"id":3575031,"type":"sell","buyer":"thewycher","seller":"queen-silvia","symbol":"SPT","quantity":"499.999999","price":"0.00241728","timestamp":1654015356,"volume":"1.20864000","buyTxId":"0dd8c669c6080f1d9cd820d7180656c50db983ae","sellTxId":"463b69fdbe25c7ec81da75ee37238edda7c1baf5"}
{"index": {"_index":"spt","_id":"3575032"}}
	{"id":3575032,"type":"sell","buyer":"thewycher","seller":"queen-silvia","symbol":"SPT","quantity":"499.999999","price":"0.00241728","timestamp":1654015356,"volume":"1.20864000","buyTxId":"34329579e2611588afde72994ea0b74f8483fcdf","sellTxId":"463b69fdbe25c7ec81da75ee37238edda7c1baf5"}
{"index": {"_index":"spt","_id":"3575033"}}
	{"id":3575033,"type":"sell","buyer":"thewycher","seller":"queen-silvia","symbol":"SPT","quantity":"499.999999","price":"0.00241728","timestamp":1654015356,"volume":"1.20864000","buyTxId":"d7a3c1b7d075a347a9c1608064555a17b305732d","sellTxId":"463b69fdbe25c7ec81da75ee37238edda7c1baf5"}
{"index": {"_index":"spt","_id":"3575034"}}
	{"id":3575034,"type":"sell","buyer":"thewycher","seller":"queen-silvia","symbol":"SPT","quantity":"57.395490","price":"0.00241728","timestamp":1654015356,"volume":"0.13874097","buyTxId":"f7be6da3fc16936db1da8f643c7f821a14d00a40","sellTxId":"463b69fdbe25c7ec81da75ee37238edda7c1baf5"}
{"index": {"_index":"spt","_id":"3575067"}}
	{"id":3575067,"type":"sell","buyer":"thewycher","seller":"dswap","symbol":"SPT","quantity":"1","price":"0.00241728","timestamp":1654015641,"volume":"0.00241728","buyTxId":"f7be6da3fc16936db1da8f643c7f821a14d00a40","sellTxId":"fd34783b9605f4ca8ebd3f940b7793e5f1a4e2cb"}
{"index": {"_index":"spt","_id":"3575128"}}
	{"id":3575128,"type":"buy","buyer":"psychkrhoz","seller":"ukyron3","symbol":"SPT","quantity":"480.821733","price":"0.00273913","timestamp":1654016118,"volume":"1.31703323","buyTxId":"21dd4103c0336dda217ad21eb5718bc2410c53e9","sellTxId":"a30b1676020b8e01c6fde443e74f0d9b0d5f73cc"}
{"index": {"_index":"spt","_id":"3575152"}}
	{"id":3575152,"type":"buy","buyer":"psychkrhoz","seller":"ukyron3","symbol":"SPT","quantity":"535.435768","price":"0.00273922","timestamp":1654016385,"volume":"1.46667636","buyTxId":"222288f13819c0ea84cb528286db7bea98bf1ea9","sellTxId":"01a707868809928c6cc93430e6645c41835d1bf0"}
{"index": {"_index":"spt","_id":"3575156"}}
	{"id":3575156,"type":"sell","buyer":"thewycher","seller":"shiftrox","symbol":"SPT","quantity":"441.604509","price":"0.00241728","timestamp":1654016442,"volume":"1.06748175","buyTxId":"f7be6da3fc16936db1da8f643c7f821a14d00a40","sellTxId":"aad3e5fa1b665da2990b4ff71887120ec54c8907"}
{"index": {"_index":"spt","_id":"3575157"}}
	{"id":3575157,"type":"sell","buyer":"thewycher","seller":"shiftrox","symbol":"SPT","quantity":"499.999999","price":"0.00241728","timestamp":1654016442,"volume":"1.20864000","buyTxId":"444ebc1cc984251658867cd358741cc5d49229f0","sellTxId":"aad3e5fa1b665da2990b4ff71887120ec54c8907"}
{"index": {"_index":"spt","_id":"3575158"}}
	{"id":3575158,"type":"sell","buyer":"thewycher","seller":"shiftrox","symbol":"SPT","quantity":"169.927670","price":"0.00241728","timestamp":1654016442,"volume":"0.41076276","buyTxId":"a58e8b58fceb01e7622619b763d8043f56778e12","sellTxId":"aad3e5fa1b665da2990b4ff71887120ec54c8907"}
{"index": {"_index":"spt","_id":"3575237"}}
	{"id":3575237,"type":"sell","buyer":"thewycher","seller":"dswap","symbol":"SPT","quantity":"0.992473","price":"0.00241728","timestamp":1654017018,"volume":"0.00239909","buyTxId":"a58e8b58fceb01e7622619b763d8043f56778e12","sellTxId":"f4ed749c7f16489187085c4a1d98148bff4fb4f9"}
{"index": {"_index":"spt","_id":"3575658"}}
	{"id":3575658,"type":"sell","buyer":"thewycher","seller":"catomoon","symbol":"SPT","quantity":"1.878676","price":"0.00241728","timestamp":1654019253,"volume":"0.00454129","buyTxId":"a58e8b58fceb01e7622619b763d8043f56778e12","sellTxId":"c0ed3f436189f12dc781bcfee4d6bdf0f08c804d"}
{"index": {"_index":"spt","_id":"3575889"}}
	{"id":3575889,"type":"sell","buyer":"thewycher","seller":"spongebob27","symbol":"SPT","quantity":"327.201180","price":"0.00241728","timestamp":1654020402,"volume":"0.79093686","buyTxId":"a58e8b58fceb01e7622619b763d8043f56778e12","sellTxId":"e3a7b87174bebdfa2d1e8f41d765ebe7a384dc8b"}
{"index": {"_index":"spt","_id":"3575890"}}
	{"id":3575890,"type":"sell","buyer":"thewycher","seller":"spongebob27","symbol":"SPT","quantity":"499.999999","price":"0.00241728","timestamp":1654020402,"volume":"1.20864000","buyTxId":"f4a96c43e39c23a5d1e712b3a317b3a55afc8e33","sellTxId":"e3a7b87174bebdfa2d1e8f41d765ebe7a384dc8b"}
{"index": {"_index":"spt","_id":"3575891"}}
	{"id":3575891,"type":"sell","buyer":"thewycher","seller":"spongebob27","symbol":"SPT","quantity":"499.999999","price":"0.00241728","timestamp":1654020402,"volume":"1.20864000","buyTxId":"dbfd5e7aa8a837c3aa45e3308fbcad52fa3dabd9","sellTxId":"e3a7b87174bebdfa2d1e8f41d765ebe7a384dc8b"}
{"index": {"_index":"spt","_id":"3575892"}}
	{"id":3575892,"type":"sell","buyer":"thewycher","seller":"spongebob27","symbol":"SPT","quantity":"499.999999","price":"0.00241728","timestamp":1654020402,"volume":"1.20864000","buyTxId":"3561f74d665bc3f8b9a62f42a6fd4ec537ea0e5c","sellTxId":"e3a7b87174bebdfa2d1e8f41d765ebe7a384dc8b"}
{"index": {"_index":"spt","_id":"3575893"}}
	{"id":3575893,"type":"sell","buyer":"thewycher","seller":"spongebob27","symbol":"SPT","quantity":"499.999999","price":"0.00241728","timestamp":1654020402,"volume":"1.20864000","buyTxId":"a8d89fd51ca7d7e9a9cff5b0627f51fb2415f7ee","sellTxId":"e3a7b87174bebdfa2d1e8f41d765ebe7a384dc8b"}
{"index": {"_index":"spt","_id":"3575894"}}
	{"id":3575894,"type":"sell","buyer":"thewycher","seller":"spongebob27","symbol":"SPT","quantity":"112.242066","price":"0.00241728","timestamp":1654020402,"volume":"0.27132050","buyTxId":"215abc547ca42e2695455a7b80d1a4c5aac9ba99","sellTxId":"e3a7b87174bebdfa2d1e8f41d765ebe7a384dc8b"}
{"index": {"_index":"spt","_id":"3576468"}}
	{"id":3576468,"type":"sell","buyer":"thewycher","seller":"americas-f1nest","symbol":"SPT","quantity":"1.251764","price":"0.00241728","timestamp":1654026060,"volume":"0.00302586","buyTxId":"215abc547ca42e2695455a7b80d1a4c5aac9ba99","sellTxId":"a66123aa68ccd7e62b6b05a0ebbd55d8fc2c7323"}
{"index": {"_index":"spt","_id":"3576804"}}
	{"id":3576804,"type":"sell","buyer":"thewycher","seller":"heutorybr","symbol":"SPT","quantity":"168.559680","price":"0.00241728","timestamp":1654028316,"volume":"0.40745594","buyTxId":"215abc547ca42e2695455a7b80d1a4c5aac9ba99","sellTxId":"0e1c279417e003df9183848189ff33fccb83c0db"}
{"index": {"_index":"spt","_id":"3576961"}}
	{"id":3576961,"type":"buy","buyer":"kitsuki","seller":"myvest","symbol":"SPT","quantity":"0.005000","price":"0.00241800","timestamp":1654030143,"volume":"0.00001209","buyTxId":"c6b0f6a275f53d84b5e72249a48c6411d22bb690","sellTxId":"1529a2cd2c81943587b52a8062efb5fa9f668354"}
{"index": {"_index":"spt","_id":"3576997"}}
	{"id":3576997,"type":"sell","buyer":"multifurcate","seller":"tillytots","symbol":"SPT","quantity":"11375.013880","price":"0.00241832","timestamp":1654030341,"volume":"27.50842357","buyTxId":"c4ade611d0033ef34bee05efcd7e994507e31c3e","sellTxId":"d9e3da4dcbdf498aee96cae67c2eeb1addb24589"}
{"index": {"_index":"spt","_id":"3577185"}}
	{"id":3577185,"type":"buy","buyer":"druidsblood","seller":"agglutinogenic","symbol":"SPT","quantity":"7154.000000","price":"0.00272900","timestamp":1654032567,"volume":"19.52326600","buyTxId":"9b0e29e2b7bc6f54274ceba6bd360cace693cffc","sellTxId":"ce0c7e9620357b739a104273dd3d93c9ebafb0a9"}
{"index": {"_index":"spt","_id":"3577789"}}
	{"id":3577789,"type":"sell","buyer":"thewycher","seller":"wongbraling","symbol":"SPT","quantity":"499.999999","price":"0.00241833","timestamp":1654038054,"volume":"1.20916500","buyTxId":"bac00cc802c89f12ff500fa7d9c7c45e6a0f17ad","sellTxId":"9891ec63a3003b4a1dcb6b00fdb070cfbe0d671b"}
{"index": {"_index":"spt","_id":"3577790"}}
	{"id":3577790,"type":"sell","buyer":"thewycher","seller":"wongbraling","symbol":"SPT","quantity":"499.999999","price":"0.00241833","timestamp":1654038054,"volume":"1.20916500","buyTxId":"6f335e5c22d39e8af0be6b20876c2b6198d2110b","sellTxId":"9891ec63a3003b4a1dcb6b00fdb070cfbe0d671b"}
{"index": {"_index":"spt","_id":"3577791"}}
	{"id":3577791,"type":"sell","buyer":"thewycher","seller":"wongbraling","symbol":"SPT","quantity":"499.999999","price":"0.00241833","timestamp":1654038054,"volume":"1.20916500","buyTxId":"c03563c2df2e64e6eba9d31765eb1be6db301c77","sellTxId":"9891ec63a3003b4a1dcb6b00fdb070cfbe0d671b"}
{"index": {"_index":"spt","_id":"3577792"}}
	{"id":3577792,"type":"sell","buyer":"thewycher","seller":"wongbraling","symbol":"SPT","quantity":"499.999999","price":"0.00241833","timestamp":1654038054,"volume":"1.20916500","buyTxId":"d4073521c9114b9738ed07ad9676afdd7e17ff47","sellTxId":"9891ec63a3003b4a1dcb6b00fdb070cfbe0d671b"}
{"index": {"_index":"spt","_id":"3577793"}}
	{"id":3577793,"type":"sell","buyer":"thewycher","seller":"wongbraling","symbol":"SPT","quantity":"499.999999","price":"0.00241833","timestamp":1654038054,"volume":"1.20916500","buyTxId":"7e4ed9ab8bba6efdc3c530d6a2aad2f16dc827f9","sellTxId":"9891ec63a3003b4a1dcb6b00fdb070cfbe0d671b"}
{"index": {"_index":"spt","_id":"3577794"}}
	{"id":3577794,"type":"sell","buyer":"thewycher","seller":"wongbraling","symbol":"SPT","quantity":"499.999999","price":"0.00241833","timestamp":1654038054,"volume":"1.20916500","buyTxId":"97cda562e0ce5b9440932248cb9447ad39e4113d","sellTxId":"9891ec63a3003b4a1dcb6b00fdb070cfbe0d671b"}
{"index": {"_index":"spt","_id":"3577795"}}
	{"id":3577795,"type":"sell","buyer":"thewycher","seller":"wongbraling","symbol":"SPT","quantity":"499.999999","price":"0.00241833","timestamp":1654038054,"volume":"1.20916500","buyTxId":"5f974c59d3b3cbc9ea56c734d4f94668e46216cc","sellTxId":"9891ec63a3003b4a1dcb6b00fdb070cfbe0d671b"}
{"index": {"_index":"spt","_id":"3577796"}}
	{"id":3577796,"type":"sell","buyer":"thewycher","seller":"wongbraling","symbol":"SPT","quantity":"499.999999","price":"0.00241833","timestamp":1654038054,"volume":"1.20916500","buyTxId":"69a2cb3833c215a2fdf36b3a9a7ecb20ef4a9569","sellTxId":"9891ec63a3003b4a1dcb6b00fdb070cfbe0d671b"}
{"index": {"_index":"spt","_id":"3577797"}}
	{"id":3577797,"type":"sell","buyer":"thewycher","seller":"wongbraling","symbol":"SPT","quantity":"499.999999","price":"0.00241833","timestamp":1654038054,"volume":"1.20916500","buyTxId":"08ad692a271634b89ecf903832240f71cd8ccb0a","sellTxId":"9891ec63a3003b4a1dcb6b00fdb070cfbe0d671b"}
{"index": {"_index":"spt","_id":"3577798"}}
	{"id":3577798,"type":"sell","buyer":"thewycher","seller":"wongbraling","symbol":"SPT","quantity":"499.999999","price":"0.00241833","timestamp":1654038054,"volume":"1.20916500","buyTxId":"d65620e77b4c9a37fbe4efe8232d22245ed74242","sellTxId":"9891ec63a3003b4a1dcb6b00fdb070cfbe0d671b"}
{"index": {"_index":"spt","_id":"3577799"}}
	{"id":3577799,"type":"sell","buyer":"thewycher","seller":"wongbraling","symbol":"SPT","quantity":"499.999999","price":"0.00241833","timestamp":1654038054,"volume":"1.20916500","buyTxId":"8ab8dd28ec17098a835578a55fb38f13df068855","sellTxId":"9891ec63a3003b4a1dcb6b00fdb070cfbe0d671b"}
{"index": {"_index":"spt","_id":"3577800"}}
	{"id":3577800,"type":"sell","buyer":"thewycher","seller":"wongbraling","symbol":"SPT","quantity":"499.999999","price":"0.00241833","timestamp":1654038054,"volume":"1.20916500","buyTxId":"09632747edf7db95e7c4044ce24adf48ea9710f0","sellTxId":"9891ec63a3003b4a1dcb6b00fdb070cfbe0d671b"}
{"index": {"_index":"spt","_id":"3577801"}}
	{"id":3577801,"type":"sell","buyer":"thewycher","seller":"wongbraling","symbol":"SPT","quantity":"499.999999","price":"0.00241833","timestamp":1654038054,"volume":"1.20916500","buyTxId":"770538f04ac8f7085751357c81c162a9de22fd5f","sellTxId":"9891ec63a3003b4a1dcb6b00fdb070cfbe0d671b"}
{"index": {"_index":"spt","_id":"3577802"}}
	{"id":3577802,"type":"sell","buyer":"thewycher","seller":"wongbraling","symbol":"SPT","quantity":"499.999999","price":"0.00241833","timestamp":1654038054,"volume":"1.20916500","buyTxId":"b144ab7e1f814f081b948e0d31976f093b52c5cf","sellTxId":"9891ec63a3003b4a1dcb6b00fdb070cfbe0d671b"}
{"index": {"_index":"spt","_id":"3577803"}}
	{"id":3577803,"type":"sell","buyer":"thewycher","seller":"wongbraling","symbol":"SPT","quantity":"499.999999","price":"0.00241833","timestamp":1654038054,"volume":"1.20916500","buyTxId":"e0552f6dc3029ef76f71f7125c5041e02dd28c58","sellTxId":"9891ec63a3003b4a1dcb6b00fdb070cfbe0d671b"}
{"index": {"_index":"spt","_id":"3577804"}}
	{"id":3577804,"type":"sell","buyer":"thewycher","seller":"wongbraling","symbol":"SPT","quantity":"499.999999","price":"0.00241833","timestamp":1654038054,"volume":"1.20916500","buyTxId":"6185d35c986a9dbcdd52adfbeabb9e668fccb8c7","sellTxId":"9891ec63a3003b4a1dcb6b00fdb070cfbe0d671b"}
{"index": {"_index":"spt","_id":"3577805"}}
	{"id":3577805,"type":"sell","buyer":"thewycher","seller":"wongbraling","symbol":"SPT","quantity":"403.004676","price":"0.00241833","timestamp":1654038054,"volume":"0.97459830","buyTxId":"5e18b2ec6312aa36222b8852b49c203a30b5305b","sellTxId":"9891ec63a3003b4a1dcb6b00fdb070cfbe0d671b"}
{"index": {"_index":"spt","_id":"3577806"}}
	{"id":3577806,"type":"sell","buyer":"multifurcate","seller":"wongbraling","symbol":"SPT","quantity":"13975.181719","price":"0.00241832","timestamp":1654038054,"volume":"33.79646145","buyTxId":"c4ade611d0033ef34bee05efcd7e994507e31c3e","sellTxId":"9891ec63a3003b4a1dcb6b00fdb070cfbe0d671b"}
{"index": {"_index":"spt","_id":"3577871"}}
	{"id":3577871,"type":"sell","buyer":"multifurcate","seller":"splinterlandshq","symbol":"SPT","quantity":"1298.357544","price":"0.00241832","timestamp":1654038726,"volume":"3.13984402","buyTxId":"c4ade611d0033ef34bee05efcd7e994507e31c3e","sellTxId":"0848703b1a5d00bcf9e165f7d2fbd71189648e26"}
{"index": {"_index":"spt","_id":"3577888"}}
	{"id":3577888,"type":"sell","buyer":"multifurcate","seller":"lexafrances","symbol":"SPT","quantity":"0.304000","price":"0.00241832","timestamp":1654038900,"volume":"0.00073517","buyTxId":"c4ade611d0033ef34bee05efcd7e994507e31c3e","sellTxId":"b2e48ad2a10f54fc0792f5b6ebfdcc01e82879f8"}
{"index": {"_index":"spt","_id":"3577979"}}
	{"id":3577979,"type":"sell","buyer":"multifurcate","seller":"alexandrzombi","symbol":"SPT","quantity":"0.352848","price":"0.00241832","timestamp":1654039485,"volume":"0.00085330","buyTxId":"c4ade611d0033ef34bee05efcd7e994507e31c3e","sellTxId":"fca7f0ad2ca91b9a825b15b1dfc069a3337048ea"}
{"index": {"_index":"spt","_id":"3578094"}}
	{"id":3578094,"type":"sell","buyer":"thewycher","seller":"underlock","symbol":"SPT","quantity":"499.999999","price":"0.00241833","timestamp":1654040751,"volume":"1.20916500","buyTxId":"77866bd4eaddf0e19025f276de687c02e78ae7d8","sellTxId":"ebd5a1f1509a01b350a634f05a544cdab4ee300e"}
{"index": {"_index":"spt","_id":"3578095"}}
	{"id":3578095,"type":"sell","buyer":"thewycher","seller":"underlock","symbol":"SPT","quantity":"499.999999","price":"0.00241833","timestamp":1654040751,"volume":"1.20916500","buyTxId":"4d934716325ed1580866cad9cf8ce3a9f2511b4c","sellTxId":"ebd5a1f1509a01b350a634f05a544cdab4ee300e"}
{"index": {"_index":"spt","_id":"3578096"}}
	{"id":3578096,"type":"sell","buyer":"thewycher","seller":"underlock","symbol":"SPT","quantity":"499.999999","price":"0.00241833","timestamp":1654040751,"volume":"1.20916500","buyTxId":"ddc3ea9e386e00c4ccee303f1618b4ba2c22bf9b","sellTxId":"ebd5a1f1509a01b350a634f05a544cdab4ee300e"}
{"index": {"_index":"spt","_id":"3578097"}}
	{"id":3578097,"type":"sell","buyer":"thewycher","seller":"underlock","symbol":"SPT","quantity":"499.999999","price":"0.00241833","timestamp":1654040751,"volume":"1.20916500","buyTxId":"523f6360e8888366a5474d9187100f49db46ba01","sellTxId":"ebd5a1f1509a01b350a634f05a544cdab4ee300e"}
{"index": {"_index":"spt","_id":"3578098"}}
	{"id":3578098,"type":"sell","buyer":"thewycher","seller":"underlock","symbol":"SPT","quantity":"499.999999","price":"0.00241833","timestamp":1654040751,"volume":"1.20916500","buyTxId":"6c5845a973bafff3e71fa4a401ae62ce8bd05234","sellTxId":"ebd5a1f1509a01b350a634f05a544cdab4ee300e"}
{"index": {"_index":"spt","_id":"3578099"}}
	{"id":3578099,"type":"sell","buyer":"thewycher","seller":"underlock","symbol":"SPT","quantity":"323.033615","price":"0.00241833","timestamp":1654040751,"volume":"0.78120188","buyTxId":"48d2fc5a906476355ae9e0a32fdd366f4146e6d0","sellTxId":"ebd5a1f1509a01b350a634f05a544cdab4ee300e"}
{"index": {"_index":"spt","_id":"3578146"}}
	{"id":3578146,"type":"sell","buyer":"thewycher","seller":"noblebright","symbol":"SPT","quantity":"0.435876","price":"0.00241833","timestamp":1654041405,"volume":"0.00105409","buyTxId":"48d2fc5a906476355ae9e0a32fdd366f4146e6d0","sellTxId":"29769e3924bf74ec83beef97e4244044c560c577"}
{"index": {"_index":"spt","_id":"3578219"}}
	{"id":3578219,"type":"sell","buyer":"thewycher","seller":"chubb149","symbol":"SPT","quantity":"176.530508","price":"0.00241833","timestamp":1654041873,"volume":"0.42690902","buyTxId":"48d2fc5a906476355ae9e0a32fdd366f4146e6d0","sellTxId":"2f001e9b51eb4e125415a97fb21195972fd9e2f7"}
{"index": {"_index":"spt","_id":"3578220"}}
	{"id":3578220,"type":"sell","buyer":"thewycher","seller":"chubb149","symbol":"SPT","quantity":"499.999999","price":"0.00241833","timestamp":1654041873,"volume":"1.20916500","buyTxId":"556bff4201c5d4f34dd9744a4b3c0025068b8ff6","sellTxId":"2f001e9b51eb4e125415a97fb21195972fd9e2f7"}
{"index": {"_index":"spt","_id":"3578221"}}
	{"id":3578221,"type":"sell","buyer":"thewycher","seller":"chubb149","symbol":"SPT","quantity":"499.999999","price":"0.00241833","timestamp":1654041873,"volume":"1.20916500","buyTxId":"e40b5082086123a64971d600b0d49a8d120e3521","sellTxId":"2f001e9b51eb4e125415a97fb21195972fd9e2f7"}
{"index": {"_index":"spt","_id":"3578222"}}
	{"id":3578222,"type":"sell","buyer":"thewycher","seller":"chubb149","symbol":"SPT","quantity":"499.999999","price":"0.00241833","timestamp":1654041873,"volume":"1.20916500","buyTxId":"5f6af16a07b52715b24d3925582b93a2b5e8a738","sellTxId":"2f001e9b51eb4e125415a97fb21195972fd9e2f7"}
{"index": {"_index":"spt","_id":"3578223"}}
	{"id":3578223,"type":"sell","buyer":"thewycher","seller":"chubb149","symbol":"SPT","quantity":"499.999999","price":"0.00241833","timestamp":1654041873,"volume":"1.20916500","buyTxId":"983e0ed99419b281d5d4b23ff04e40e0bc751302","sellTxId":"2f001e9b51eb4e125415a97fb21195972fd9e2f7"}
{"index": {"_index":"spt","_id":"3578224"}}
	{"id":3578224,"type":"sell","buyer":"thewycher","seller":"chubb149","symbol":"SPT","quantity":"193.857686","price":"0.00241833","timestamp":1654041873,"volume":"0.46881186","buyTxId":"4aa737f5fab65dbc9bfb50959ee7869cb335e113","sellTxId":"2f001e9b51eb4e125415a97fb21195972fd9e2f7"}
{"index": {"_index":"spt","_id":"3578325"}}
	{"id":3578325,"type":"sell","buyer":"thewycher","seller":"papacrusher","symbol":"SPT","quantity":"4.963000","price":"0.00241833","timestamp":1654042830,"volume":"0.01200217","buyTxId":"4aa737f5fab65dbc9bfb50959ee7869cb335e113","sellTxId":"8d36e8a41588de370778c57cf12c20d98559ad11"}
{"index": {"_index":"spt","_id":"3578485"}}
	{"id":3578485,"type":"sell","buyer":"thewycher","seller":"dhedge-drips","symbol":"SPT","quantity":"0.014000","price":"0.00241833","timestamp":1654044372,"volume":"0.00003386","buyTxId":"4aa737f5fab65dbc9bfb50959ee7869cb335e113","sellTxId":"0eb8be891137457d9898aafcba0234590447bbbc"}
{"index": {"_index":"spt","_id":"3578687"}}
	{"id":3578687,"type":"sell","buyer":"thewycher","seller":"almightymelon","symbol":"SPT","quantity":"151.477431","price":"0.00241833","timestamp":1654046514,"volume":"0.36632242","buyTxId":"4aa737f5fab65dbc9bfb50959ee7869cb335e113","sellTxId":"35acee3e7d66a3eb70c4ea020e6b6bd4453c867c"}
{"index": {"_index":"spt","_id":"3579015"}}
	{"id":3579015,"type":"sell","buyer":"thewycher","seller":"bitcoinflood","symbol":"SPT","quantity":"149.687882","price":"0.00241833","timestamp":1654050519,"volume":"0.36199469","buyTxId":"4aa737f5fab65dbc9bfb50959ee7869cb335e113","sellTxId":"67b89837f5bb4358bbd1ce4efc4852ccc64d62aa"}
{"index": {"_index":"spt","_id":"3579016"}}
	{"id":3579016,"type":"sell","buyer":"thewycher","seller":"bitcoinflood","symbol":"SPT","quantity":"229.926174","price":"0.00241833","timestamp":1654050519,"volume":"0.55603736","buyTxId":"315c153981e790e3731a0aa02c7eff0b19aed748","sellTxId":"67b89837f5bb4358bbd1ce4efc4852ccc64d62aa"}
{"index": {"_index":"spt","_id":"3579094"}}
	{"id":3579094,"type":"sell","buyer":"thewycher","seller":"rileykat","symbol":"SPT","quantity":"9.171948","price":"0.00241833","timestamp":1654051572,"volume":"0.02218080","buyTxId":"315c153981e790e3731a0aa02c7eff0b19aed748","sellTxId":"8c40c4716d53e4849b6ce2b38c58744b8b497277"}
{"index": {"_index":"spt","_id":"3579097"}}
	{"id":3579097,"type":"sell","buyer":"thewycher","seller":"noblebright","symbol":"SPT","quantity":"3.950670","price":"0.00241833","timestamp":1654051620,"volume":"0.00955402","buyTxId":"315c153981e790e3731a0aa02c7eff0b19aed748","sellTxId":"881935bb64cadd276b4112d4948027c1266794c6"}
