{"index": {"_index":"list","_id":"1679586"}}
	{"id":1679586,"type":"buy","buyer":"fiberfrau","seller":"ctpsb","symbol":"LIST","quantity":"1.96600000","price":"0.06950000","timestamp":1633914903,"volume":"0.13663700","buyTxId":"db26069a28be91bf6d5011d6df63e2c44d3b5bfb","sellTxId":"d5eb87117db6c8f3c2ce24bd7e6f20d3d92a05f8"}
{"index": {"_index":"list","_id":"1679587"}}
	{"id":1679587,"type":"buy","buyer":"fiberfrau","seller":"brofi-market","symbol":"LIST","quantity":"0.37799968","price":"0.06950000","timestamp":1633914903,"volume":"0.02627098","buyTxId":"db26069a28be91bf6d5011d6df63e2c44d3b5bfb","sellTxId":"95afc184f76900c739bd98b25125ba0d0753aab7"}
{"index": {"_index":"list","_id":"1679598"}}
	{"id":1679598,"type":"sell","buyer":"fiberfrau","seller":"thelogicaldude","symbol":"LIST","quantity":"27.65600032","price":"0.06950000","timestamp":1633915128,"volume":"1.92209202","buyTxId":"db26069a28be91bf6d5011d6df63e2c44d3b5bfb","sellTxId":"MM-P-11193519-58178623-3-0-0"}
{"index": {"_index":"list","_id":"1679898"}}
	{"id":1679898,"type":"sell","buyer":"pi-trader","seller":"a1-shroom-spores","symbol":"LIST","quantity":"90.57721025","price":"0.04002001","timestamp":1633919325,"volume":"3.62490086","buyTxId":"ba119c09b84b8742c93a164e0421e6df51980517-4","sellTxId":"7526c61e5ed9c0cf9dea30f55724d1cfa59fc86b"}
{"index": {"_index":"list","_id":"1679975"}}
	{"id":1679975,"type":"sell","buyer":"risingstargame","seller":"hive-id","symbol":"LIST","quantity":"12.00000000","price":"0.04002000","timestamp":1633920591,"volume":"0.48024000","buyTxId":"27441183c97cfbee56813a17c016f805eea54123","sellTxId":"a7669c9fcd46ba63da4684c24b7d06dadeaf5e84"}
{"index": {"_index":"list","_id":"1680044"}}
	{"id":1680044,"type":"sell","buyer":"risingstargame","seller":"esmeesmith","symbol":"LIST","quantity":"1.26263868","price":"0.04002000","timestamp":1633921389,"volume":"0.05053080","buyTxId":"27441183c97cfbee56813a17c016f805eea54123","sellTxId":"fa7f1e80fc07ad41a0295b01ff317a69f8c2307b"}
{"index": {"_index":"list","_id":"1680045"}}
	{"id":1680045,"type":"sell","buyer":"pi-trader","seller":"esmeesmith","symbol":"LIST","quantity":"13.55932577","price":"0.03250001","timestamp":1633921389,"volume":"0.44067822","buyTxId":"025b26d6cd68c62cc9c7e00c7a1fd56fae4748ab-4","sellTxId":"fa7f1e80fc07ad41a0295b01ff317a69f8c2307b"}
{"index": {"_index":"list","_id":"1680432"}}
	{"id":1680432,"type":"sell","buyer":"keimo","seller":"wdougwatson","symbol":"LIST","quantity":"0.00002","price":"0.04000000","timestamp":1633928643,"volume":"0.00000080","buyTxId":"912b0f427bf009fb221a13f2b2fddeab42d2814a","sellTxId":"d5097c699b47c084daf233905d31f4f1a8369aaf"}
{"index": {"_index":"list","_id":"1680510"}}
	{"id":1680510,"type":"sell","buyer":"pi-trader","seller":"keimo","symbol":"LIST","quantity":"0.00002000","price":"0.03250001","timestamp":1633930659,"volume":"0.00000065","buyTxId":"b7ce25b2cc8abaa9007285be7577c084643f08f6-4","sellTxId":"3a4e07574b0e6c55897930de5c486fe5a99dd35e"}
{"index": {"_index":"list","_id":"1680981"}}
	{"id":1680981,"type":"sell","buyer":"pi-trader","seller":"globetrottergcc","symbol":"LIST","quantity":"0.33846421","price":"0.03250001","timestamp":1633940007,"volume":"0.01100009","buyTxId":"4adffd66e0ad1c6f3fbdbf319cc0a8d5300b8272-5","sellTxId":"eb580d326692fee8a1d4b77850fd256430ca6836"}
{"index": {"_index":"list","_id":"1681421"}}
	{"id":1681421,"type":"sell","buyer":"pi-trader","seller":"tonytrillions","symbol":"LIST","quantity":"0.03787510","price":"0.03251001","timestamp":1633948314,"volume":"0.00123132","buyTxId":"8297b55499e34ccaf234f4cf950ec474aaeef8b5-9","sellTxId":"181fcf53821f8338bd86b5d1d8017e163146037e"}
{"index": {"_index":"list","_id":"1681689"}}
	{"id":1681689,"type":"sell","buyer":"pi-trader","seller":"anosys","symbol":"LIST","quantity":"0.17000000","price":"0.03251001","timestamp":1633952907,"volume":"0.00552670","buyTxId":"7f857e25bae6b310efa77d7fa96b7623353166d0-7","sellTxId":"a38d94d7dc92ae099b1cea701ec1e1b37d8ad6a3"}
{"index": {"_index":"list","_id":"1682256"}}
	{"id":1682256,"type":"buy","buyer":"jwjqu.wam","seller":"atomcollector","symbol":"LIST","quantity":"0.20000000","price":"0.06929000","timestamp":1633961247,"volume":"0.01385800","buyTxId":"bd0021d4d4eebcf94fccac52b60c20aba087ad09","sellTxId":"585ab69c55f8c19f133d61f0dd6327a5f3f257d4"}
{"index": {"_index":"list","_id":"1682286"}}
	{"id":1682286,"type":"sell","buyer":"risingstargame","seller":"eirik","symbol":"LIST","quantity":"1.00000000","price":"0.05000000","timestamp":1633961703,"volume":"0.05000000","buyTxId":"b2af5e2eb142645bdab989b5869cd569297d1ca7","sellTxId":"5fdbdd751bcbd82527911dd9cfab58db7eb2a0cc"}
{"index": {"_index":"list","_id":"1682315"}}
	{"id":1682315,"type":"sell","buyer":"risingstargame","seller":"rishi556","symbol":"LIST","quantity":"0.000172","price":"0.04000000","timestamp":1633961883,"volume":"0.00000688","buyTxId":"05e62c167fa874ac1b0ebedd66d5cd122103776b","sellTxId":"a1ff639e5c195e79d7b7dcb1b9414b168c217d74-1"}
{"index": {"_index":"list","_id":"1682633"}}
	{"id":1682633,"type":"sell","buyer":"risingstargame","seller":"haitch","symbol":"LIST","quantity":"0.99982800","price":"0.04000000","timestamp":1633965849,"volume":"0.03999312","buyTxId":"05e62c167fa874ac1b0ebedd66d5cd122103776b","sellTxId":"1591b346e839554354e7f363239d8cd8a233892e"}
{"index": {"_index":"list","_id":"1682634"}}
	{"id":1682634,"type":"sell","buyer":"risingstargame","seller":"haitch","symbol":"LIST","quantity":"1.00000000","price":"0.03600000","timestamp":1633965849,"volume":"0.03600000","buyTxId":"8b0fb9b8dd6f1c0a4c84563fff1655a74ab8d53f","sellTxId":"1591b346e839554354e7f363239d8cd8a233892e"}
{"index": {"_index":"list","_id":"1682635"}}
	{"id":1682635,"type":"sell","buyer":"risingstargame","seller":"haitch","symbol":"LIST","quantity":"1.00000000","price":"0.03502000","timestamp":1633965849,"volume":"0.03502000","buyTxId":"c91b791beaf1dc5c6f54c35a9d4a10dbd6759273","sellTxId":"1591b346e839554354e7f363239d8cd8a233892e"}
{"index": {"_index":"list","_id":"1682636"}}
	{"id":1682636,"type":"sell","buyer":"pi-trader","seller":"haitch","symbol":"LIST","quantity":"2.16223844","price":"0.03501001","timestamp":1633965849,"volume":"0.07569999","buyTxId":"f8b94bc455a3d6584f5b6ae3f897a42c8d12a2dc-6","sellTxId":"1591b346e839554354e7f363239d8cd8a233892e"}
{"index": {"_index":"list","_id":"1682764"}}
	{"id":1682764,"type":"buy","buyer":"jacques0829","seller":"yintercept","symbol":"LIST","quantity":"0.18576000","price":"0.04900000","timestamp":1633967232,"volume":"0.00910224","buyTxId":"009b34a65f4260667c958107fa270f018cd822ad","sellTxId":"c88fbd9e4e3d011e182b05b3f29aaef872853bb5"}
{"index": {"_index":"list","_id":"1682767"}}
	{"id":1682767,"type":"buy","buyer":"jacques0829","seller":"thelogicaldude","symbol":"LIST","quantity":"20.00000000","price":"0.04989000","timestamp":1633967304,"volume":"0.99780000","buyTxId":"657dae748269c67b4ffb72c3ccb36bd5a1eadd96","sellTxId":"MM-P-11209884-58194993-3-0-0"}
{"index": {"_index":"list","_id":"1683050"}}
	{"id":1683050,"type":"buy","buyer":"jacques0829","seller":"thelogicaldude","symbol":"LIST","quantity":"880.00000000","price":"0.04989000","timestamp":1633969584,"volume":"43.90320000","buyTxId":"1e216d79f45be197999b3ae0256b04c567b1c7ea","sellTxId":"MM-P-11209884-58194993-3-0-0"}
{"index": {"_index":"list","_id":"1683076"}}
	{"id":1683076,"type":"sell","buyer":"pi-trader","seller":"mawit07","symbol":"LIST","quantity":"7.79569539","price":"0.04000001","timestamp":1633969821,"volume":"0.31182789","buyTxId":"c2756223f8617509361076f966fbe820002f4488-10","sellTxId":"d7fdc0fce1f2617013d6c875a7881fddcbff75bf"}
{"index": {"_index":"list","_id":"1683440"}}
	{"id":1683440,"type":"sell","buyer":"pi-trader","seller":"esmeesmith","symbol":"LIST","quantity":"20.21492491","price":"0.03503001","timestamp":1633972548,"volume":"0.70812902","buyTxId":"6dda7b3631015104acac5fca8a470e1628ecef83-25","sellTxId":"d5f9ba2103b80b6cd934b802efd3655b36568466"}
{"index": {"_index":"list","_id":"1683552"}}
	{"id":1683552,"type":"sell","buyer":"pi-trader","seller":"charityball","symbol":"LIST","quantity":"300.00000000","price":"0.03503001","timestamp":1633973622,"volume":"10.50900300","buyTxId":"73c67ff5900d6d3a404d1245e660170c37325292-4","sellTxId":"767c2f566a8d42eca0cd753b14ee3c071868ec63"}
{"index": {"_index":"list","_id":"1683553"}}
	{"id":1683553,"type":"sell","buyer":"risingstargame","seller":"charityball","symbol":"LIST","quantity":"1.00000000","price":"0.03503000","timestamp":1633973622,"volume":"0.03503000","buyTxId":"9a647ebf28835e74c8db7362db66e6a1eda280d9","sellTxId":"767c2f566a8d42eca0cd753b14ee3c071868ec63"}
{"index": {"_index":"list","_id":"1683554"}}
	{"id":1683554,"type":"sell","buyer":"risingstargame","seller":"charityball","symbol":"LIST","quantity":"1.00000000","price":"0.03502000","timestamp":1633973622,"volume":"0.03502000","buyTxId":"fdb94b99e5bb88c9d264af0f30270bfc91c5b397","sellTxId":"767c2f566a8d42eca0cd753b14ee3c071868ec63"}
{"index": {"_index":"list","_id":"1683555"}}
	{"id":1683555,"type":"sell","buyer":"risingstargame","seller":"charityball","symbol":"LIST","quantity":"1.00000000","price":"0.03501000","timestamp":1633973622,"volume":"0.03501000","buyTxId":"8b4efcf0981361788f0b4f6dbb6fa9545768edfa","sellTxId":"767c2f566a8d42eca0cd753b14ee3c071868ec63"}
{"index": {"_index":"list","_id":"1683556"}}
	{"id":1683556,"type":"sell","buyer":"risingstargame","seller":"charityball","symbol":"LIST","quantity":"100.00000000","price":"0.03501000","timestamp":1633973622,"volume":"3.50100000","buyTxId":"959fdad3c73767c0d87b69f4766f7b0fdf52f931","sellTxId":"767c2f566a8d42eca0cd753b14ee3c071868ec63"}
{"index": {"_index":"list","_id":"1683557"}}
	{"id":1683557,"type":"sell","buyer":"risingstargame","seller":"charityball","symbol":"LIST","quantity":"10.00000000","price":"0.03501000","timestamp":1633973622,"volume":"0.35010000","buyTxId":"4e4c5c6ed9631cb2da46792f8a6b9af80daa40ed","sellTxId":"767c2f566a8d42eca0cd753b14ee3c071868ec63"}
{"index": {"_index":"list","_id":"1683558"}}
	{"id":1683558,"type":"buy","buyer":"konvik","seller":"charityball","symbol":"LIST","quantity":"587.00000000","price":"0.03501000","timestamp":1633973625,"volume":"20.55087000","buyTxId":"e2e26a136346449378c77f252d4faf413f317bd1-0","sellTxId":"767c2f566a8d42eca0cd753b14ee3c071868ec63"}
{"index": {"_index":"list","_id":"1683728"}}
	{"id":1683728,"type":"sell","buyer":"pi-trader","seller":"charityball","symbol":"LIST","quantity":"300.00000000","price":"0.03500001","timestamp":1633975119,"volume":"10.50000300","buyTxId":"3cb26f63c8fd57106b5571b9eb4c12989b45695b-3","sellTxId":"0ed8cd934d4843122cb1506dd3a6c6e9a457fcff"}
{"index": {"_index":"list","_id":"1683729"}}
	{"id":1683729,"type":"sell","buyer":"risingstargame","seller":"charityball","symbol":"LIST","quantity":"10.00000000","price":"0.03500000","timestamp":1633975119,"volume":"0.35000000","buyTxId":"8a9ca2dd22f11b97fea9f1dcd131c5e90d28cfa7","sellTxId":"0ed8cd934d4843122cb1506dd3a6c6e9a457fcff"}
{"index": {"_index":"list","_id":"1683861"}}
	{"id":1683861,"type":"buy","buyer":"ganjafarmer","seller":"thelogicaldude","symbol":"LIST","quantity":"0.46184627","price":"0.04980000","timestamp":1633976556,"volume":"0.02299994","buyTxId":"4e38ac2ddb382a65866fda120a257a9016640d84","sellTxId":"MM-P-11212077-58197187-3-0-0"}
{"index": {"_index":"list","_id":"1684243"}}
	{"id":1684243,"type":"buy","buyer":"jacques0829","seller":"thelogicaldude","symbol":"LIST","quantity":"1000.00000000","price":"0.04979000","timestamp":1633980894,"volume":"49.79000000","buyTxId":"48e7510cf5120a50b5cbccfb823181dbfaa00ef3","sellTxId":"MM-P-11214572-58199682-3-0-0"}
{"index": {"_index":"list","_id":"1684252"}}
	{"id":1684252,"type":"buy","buyer":"jacques0829","seller":"charityball","symbol":"LIST","quantity":"833.10617525","price":"0.04989000","timestamp":1633981026,"volume":"41.56366708","buyTxId":"4052797df58f5c5f436c4cb19829be9f10595953","sellTxId":"85e62e8179b49cae112bd6722b5675a570cb3e20"}
{"index": {"_index":"list","_id":"1684274"}}
	{"id":1684274,"type":"buy","buyer":"jacques0829","seller":"thelogicaldude","symbol":"LIST","quantity":"389.00000000","price":"0.04980000","timestamp":1633981212,"volume":"19.37220000","buyTxId":"fd8ede4812042fe8ac80e49ba394c445ca0caf79","sellTxId":"MM-P-11215468-58200578-3-0-0"}
{"index": {"_index":"list","_id":"1684322"}}
	{"id":1684322,"type":"sell","buyer":"jacques0829","seller":"konvik","symbol":"LIST","quantity":"0.45975040","price":"0.04000000","timestamp":1633981839,"volume":"0.01839002","buyTxId":"7b12550e5dfdb143600314be86824dca6f1c2e11","sellTxId":"2dae364a59c828e2e6c77f4c2f6386c90e55def7-1"}
{"index": {"_index":"list","_id":"1684323"}}
	{"id":1684323,"type":"sell","buyer":"jacques0829","seller":"konvik","symbol":"LIST","quantity":"698.84706594","price":"0.04000000","timestamp":1633981839,"volume":"27.95388264","buyTxId":"cf64fa893d7bd4d1db4feae372c253a60b59c123","sellTxId":"2dae364a59c828e2e6c77f4c2f6386c90e55def7-1"}
{"index": {"_index":"list","_id":"1684422"}}
	{"id":1684422,"type":"sell","buyer":"jacques0829","seller":"brofi-market","symbol":"LIST","quantity":"0.16740044","price":"0.04000000","timestamp":1633982943,"volume":"0.00669602","buyTxId":"4333501ba80da9d8c89df21d300f6056800192dd","sellTxId":"e19055cd80c2b2da2252f382cc10b3dc0019d80f"}
{"index": {"_index":"list","_id":"1684436"}}
	{"id":1684436,"type":"sell","buyer":"jacques0829","seller":"svirus","symbol":"LIST","quantity":"278.99198736","price":"0.04000001","timestamp":1633983030,"volume":"11.15968228","buyTxId":"ab79875f0dd3a69fbc1d39cd8753833640d9fe23","sellTxId":"c33af6208fc6cb1cf6e3943d5df6596548775b4b-1"}
{"index": {"_index":"list","_id":"1684523"}}
	{"id":1684523,"type":"buy","buyer":"dumnebari","seller":"thelogicaldude","symbol":"LIST","quantity":"200.00000000","price":"0.04970000","timestamp":1633984359,"volume":"9.94000000","buyTxId":"f95a9a2121d6243bbc26175244977a13d0a0bc78","sellTxId":"MM-P-11216467-58201577-3-0-0"}
{"index": {"_index":"list","_id":"1684548"}}
	{"id":1684548,"type":"sell","buyer":"jacques0829","seller":"svirus","symbol":"LIST","quantity":"381.16202156","price":"0.04100000","timestamp":1633984416,"volume":"15.62764288","buyTxId":"253926d5bbb087604eaa97334386655645af6f3d","sellTxId":"7035055ffb496020187d52d7fd233be935288ea0-1"}
{"index": {"_index":"list","_id":"1684565"}}
	{"id":1684565,"type":"sell","buyer":"jacques0829","seller":"svirus","symbol":"LIST","quantity":"255.29751236","price":"0.04200000","timestamp":1633984500,"volume":"10.72249552","buyTxId":"dde093737046826d107cae4065be4ab90d2f533a","sellTxId":"3c89b661fee8fac2283fd8be4294400d61a414df-1"}
{"index": {"_index":"list","_id":"1684595"}}
	{"id":1684595,"type":"sell","buyer":"jacques0829","seller":"svirus","symbol":"LIST","quantity":"357.49640405","price":"0.04300000","timestamp":1633984788,"volume":"15.37234537","buyTxId":"778a0fad1834f964ea3d8310f1fbdf8fde8c1208","sellTxId":"30bb450c64ac4ffc0bdf5162ef4c8643f28e5b04-1"}
{"index": {"_index":"list","_id":"1685635"}}
	{"id":1685635,"type":"sell","buyer":"pi-trader","seller":"adhammer","symbol":"LIST","quantity":"0.00868900","price":"0.03300001","timestamp":1633998855,"volume":"0.00028674","buyTxId":"853825e07cd8ab5e5f86dc457521a2b2c2bab186-6","sellTxId":"9ff89b1524c580c1df5d7fd307d58dc7dce61ea0"}
{"index": {"_index":"list","_id":"1685699"}}
	{"id":1685699,"type":"sell","buyer":"pi-trader","seller":"dhedge-drips","symbol":"LIST","quantity":"0.01569397","price":"0.03300001","timestamp":1633999632,"volume":"0.00051790","buyTxId":"86e693d62b39c52a77cee875f4bd4e5aea0bc9f1-3","sellTxId":"e41bb1c98bb51db1af5c2199f9ee50962b104af2"}
