{"index": {"_index":"list","_id":"2375621"}}
	{"id":2375621,"type":"sell","buyer":"pi-trader","seller":"dhedge-drips","symbol":"LIST","quantity":"0.06324059","price":"0.00611601","timestamp":1640414814,"volume":"0.00038678","buyTxId":"58643a787a642e0b189a8756bb5c55a8143efc41-4","sellTxId":"59077ee492477acbaa73be34d529c915547c532d"}
{"index": {"_index":"list","_id":"2375751"}}
	{"id":2375751,"type":"sell","buyer":"pi-trader","seller":"tonytrillions","symbol":"LIST","quantity":"6.97203921","price":"0.00611601","timestamp":1640416728,"volume":"0.04264106","buyTxId":"9708b010d6052ff61de948ed06532a5d3f208647-6","sellTxId":"aef897017f652c735d762e43e8472b1b297b6db4"}
{"index": {"_index":"list","_id":"2377069"}}
	{"id":2377069,"type":"sell","buyer":"pi-trader","seller":"brofi-market","symbol":"LIST","quantity":"1.40747053","price":"0.00611601","timestamp":1640434293,"volume":"0.00860810","buyTxId":"68a2b5fc7a54c9ccf44bd5fd058aa01cded59521-2","sellTxId":"9ee2c0f44673c4d8816215ad1e9fe28f74dc084d"}
{"index": {"_index":"list","_id":"2377292"}}
	{"id":2377292,"type":"sell","buyer":"pi-trader","seller":"dhedge-drips","symbol":"LIST","quantity":"0.13195037","price":"0.00611601","timestamp":1640436378,"volume":"0.00080701","buyTxId":"a968e6e53e49923798763fac50c9d7a510bf3e29-7","sellTxId":"824746e1c485c538b34260609d685553a256e36b"}
{"index": {"_index":"list","_id":"2377340"}}
	{"id":2377340,"type":"sell","buyer":"pi-trader","seller":"invest-time","symbol":"LIST","quantity":"7.99433239","price":"0.00611601","timestamp":1640436906,"volume":"0.04889342","buyTxId":"329765b1f0cce06a8d7b8db10369f7daa3f88ece-3","sellTxId":"e04afc10f080c13ae838cb84ecd04862961ca46b"}
{"index": {"_index":"list","_id":"2377431"}}
	{"id":2377431,"type":"sell","buyer":"pi-trader","seller":"zonadigital21","symbol":"LIST","quantity":"138.00000000","price":"0.00611601","timestamp":1640438070,"volume":"0.84400938","buyTxId":"a5611a4183e1e04c2ddbbf46819970ffb2e6ce03-4","sellTxId":"fe0cc690bd6c149adfa9e94f2a025472c57b85c4"}
{"index": {"_index":"list","_id":"2377786"}}
	{"id":2377786,"type":"buy","buyer":"svirus","seller":"kobusu","symbol":"LIST","quantity":"2000.00000000","price":"0.00612000","timestamp":1640441709,"volume":"12.24000000","buyTxId":"27258dc86c43e79bd35ebdd00fbd05b330da4967-0","sellTxId":"622dab0da5ce14b39658692f012d22e61eba3d43"}
{"index": {"_index":"list","_id":"2377796"}}
	{"id":2377796,"type":"sell","buyer":"pi-trader","seller":"kobusu","symbol":"LIST","quantity":"300.00000000","price":"0.00611601","timestamp":1640441826,"volume":"1.83480300","buyTxId":"31fbfce2c299c7b147efd293abb165fe15c3f377-1","sellTxId":"92e4416294e462f0c94c081263ef27c107989c4e"}
{"index": {"_index":"list","_id":"2377797"}}
	{"id":2377797,"type":"sell","buyer":"roger.remix","seller":"kobusu","symbol":"LIST","quantity":"1700.00000000","price":"0.00611600","timestamp":1640441826,"volume":"10.39720000","buyTxId":"0bd49cca4d877778f321f26d3d6c0e4938221a16","sellTxId":"92e4416294e462f0c94c081263ef27c107989c4e"}
{"index": {"_index":"list","_id":"2377802"}}
	{"id":2377802,"type":"sell","buyer":"pi-trader","seller":"kobusu","symbol":"LIST","quantity":"300.00000000","price":"0.00611601","timestamp":1640441856,"volume":"1.83480300","buyTxId":"7f1ff8976e1342188879bbf9c9b4a33080410f80-1","sellTxId":"3aade86e7596c46df461efa3a5e15576cdb73a45"}
{"index": {"_index":"list","_id":"2377808"}}
	{"id":2377808,"type":"sell","buyer":"pi-trader","seller":"kobusu","symbol":"LIST","quantity":"300.00000000","price":"0.00611601","timestamp":1640441883,"volume":"1.83480300","buyTxId":"150df97f1f4d1a35c93622422c9836c9edf86fc4-1","sellTxId":"d4f65414fec7d3dbce82bd8b96581f84e10145f8"}
{"index": {"_index":"list","_id":"2379592"}}
	{"id":2379592,"type":"sell","buyer":"roger.remix","seller":"charityball","symbol":"LIST","quantity":"119.85437961","price":"0.00611600","timestamp":1640459037,"volume":"0.73302939","buyTxId":"0bd49cca4d877778f321f26d3d6c0e4938221a16","sellTxId":"76c28e8124bf6800f4ea35d7917f29f5e5e1a652"}
{"index": {"_index":"list","_id":"2379940"}}
	{"id":2379940,"type":"sell","buyer":"roger.remix","seller":"brofi-market","symbol":"LIST","quantity":"0.74508189","price":"0.00611600","timestamp":1640463120,"volume":"0.00455692","buyTxId":"0bd49cca4d877778f321f26d3d6c0e4938221a16","sellTxId":"2631d352ed6cbe9ff2b1ab467145e2a6f386328d"}
{"index": {"_index":"list","_id":"2380457"}}
	{"id":2380457,"type":"sell","buyer":"roger.remix","seller":"thatsweeneyguy","symbol":"LIST","quantity":"7.35936552","price":"0.00611600","timestamp":1640469174,"volume":"0.04500988","buyTxId":"0bd49cca4d877778f321f26d3d6c0e4938221a16","sellTxId":"12c2bd8e994c029a7b582e1c9b2020ac93287136"}
{"index": {"_index":"list","_id":"2381904"}}
	{"id":2381904,"type":"sell","buyer":"roger.remix","seller":"rexikhan","symbol":"LIST","quantity":"0.00003483","price":"0.00611600","timestamp":1640483895,"volume":"0.00000021","buyTxId":"0bd49cca4d877778f321f26d3d6c0e4938221a16","sellTxId":"6bb18a60e97226dd63bfeae6d9d1037a976542cc"}
