{"index": {"_index":"list","_id":"1042564"}}
	{"id":1042564,"type":"sell","buyer":"thelogicaldude","seller":"brofi-market","symbol":"LIST","quantity":"0.45632776","price":"0.01730000","timestamp":1620677478,"volume":"0.00789447","buyTxId":"MM-P-6855047-53768305-3-0-0","sellTxId":"6c4428c86b9ddb869c506bd14a3dfb0139bb5e94"}
{"index": {"_index":"list","_id":"1042640"}}
	{"id":1042640,"type":"sell","buyer":"thelogicaldude","seller":"eythorphoto","symbol":"LIST","quantity":"0.00000104","price":"0.01730000","timestamp":1620678822,"volume":"0.00000002","buyTxId":"MM-P-6855047-53768305-3-0-0","sellTxId":"ff843f49951fab3f848b10f254cc3820aed9bf61"}
{"index": {"_index":"list","_id":"1043402"}}
	{"id":1043402,"type":"buy","buyer":"jimmy.adames","seller":"brofi-market","symbol":"LIST","quantity":"0.11300002","price":"0.02440000","timestamp":1620694161,"volume":"0.00275720","buyTxId":"1c6481db735ed4daadccfbd6b0dbc4255bde6401","sellTxId":"f1b91cddf649cfde535b2bd19c3136a09eec1e4c"}
{"index": {"_index":"list","_id":"1043403"}}
	{"id":1043403,"type":"buy","buyer":"jimmy.adames","seller":"brofi-market","symbol":"LIST","quantity":"0.45632776","price":"0.02440000","timestamp":1620694161,"volume":"0.01113440","buyTxId":"1c6481db735ed4daadccfbd6b0dbc4255bde6401","sellTxId":"3ec1f206e24189ec2ca1f41da382e2eb9b6ad851"}
{"index": {"_index":"list","_id":"1043437"}}
	{"id":1043437,"type":"sell","buyer":"jimmy.adames","seller":"logicforce","symbol":"LIST","quantity":"0.25039146","price":"0.02440000","timestamp":1620694770,"volume":"0.00610955","buyTxId":"1c6481db735ed4daadccfbd6b0dbc4255bde6401","sellTxId":"c51c0a1a7c5df8561f349e79f172072e58898cf5"}
{"index": {"_index":"list","_id":"1043461"}}
	{"id":1043461,"type":"sell","buyer":"jimmy.adames","seller":"mawit07","symbol":"LIST","quantity":"5.61758629","price":"0.02440000","timestamp":1620695970,"volume":"0.13706911","buyTxId":"1c6481db735ed4daadccfbd6b0dbc4255bde6401","sellTxId":"70dcb6a3d8cbf2da3cefefa989a14e45878c667c"}
{"index": {"_index":"list","_id":"1043517"}}
	{"id":1043517,"type":"sell","buyer":"jimmy.adames","seller":"ganjafarmer","symbol":"LIST","quantity":"0.29407885","price":"0.02440000","timestamp":1620699186,"volume":"0.00717552","buyTxId":"1c6481db735ed4daadccfbd6b0dbc4255bde6401","sellTxId":"c94296f51c3712cb3fbf9b682df692659625b5bf"}
{"index": {"_index":"list","_id":"1043614"}}
	{"id":1043614,"type":"sell","buyer":"jimmy.adames","seller":"crypto133","symbol":"LIST","quantity":"13.26861562","price":"0.02440000","timestamp":1620702099,"volume":"0.32375422","buyTxId":"1c6481db735ed4daadccfbd6b0dbc4255bde6401","sellTxId":"cffd7f60f4de398fa2562264863fa65299714a23"}
{"index": {"_index":"list","_id":"1043629"}}
	{"id":1043629,"type":"sell","buyer":"thelogicaldude","seller":"hivehold","symbol":"LIST","quantity":"22.41722226","price":"0.01730000","timestamp":1620702621,"volume":"0.38781795","buyTxId":"MM-P-6855047-53768305-3-0-0","sellTxId":"059e11a84d90d7f16e9cdb084ee9132042634d99"}
{"index": {"_index":"list","_id":"1044441"}}
	{"id":1044441,"type":"sell","buyer":"thelogicaldude","seller":"tonytrillions","symbol":"LIST","quantity":"0.00099965","price":"0.01730000","timestamp":1620734040,"volume":"0.00001729","buyTxId":"MM-P-6855047-53768305-3-0-0","sellTxId":"8accd65279c98460703e12343250f1507f8e0aa4"}
{"index": {"_index":"list","_id":"1044493"}}
	{"id":1044493,"type":"sell","buyer":"thelogicaldude","seller":"sipahikara","symbol":"LIST","quantity":"16.90000000","price":"0.01730000","timestamp":1620734748,"volume":"0.29237000","buyTxId":"MM-P-6855047-53768305-3-0-0","sellTxId":"6cfc93d0cf94e6e41dbe2f64512d8a440414182f"}
{"index": {"_index":"list","_id":"1044965"}}
	{"id":1044965,"type":"sell","buyer":"thelogicaldude","seller":"charityball","symbol":"LIST","quantity":"11.82637279","price":"0.01730000","timestamp":1620746913,"volume":"0.20459625","buyTxId":"MM-P-6855047-53768305-3-0-0","sellTxId":"9a4d8faf1500f113068f83cfea6108eb363b6935"}
{"index": {"_index":"list","_id":"1045031"}}
	{"id":1045031,"type":"sell","buyer":"thelogicaldude","seller":"ganjafarmer","symbol":"LIST","quantity":"0.99277674","price":"0.01730000","timestamp":1620749436,"volume":"0.01717504","buyTxId":"MM-P-6855047-53768305-3-0-0","sellTxId":"6ff4c41b87b2f5e3d05c9c7e7bf8c41619da299d"}
{"index": {"_index":"list","_id":"1045085"}}
	{"id":1045085,"type":"buy","buyer":"pokecrypto","seller":"crypto133","symbol":"LIST","quantity":"0.63672932","price":"0.02440000","timestamp":1620750942,"volume":"0.01553620","buyTxId":"eaee5cca59dbddb427742bc191e5d9b58f7178de","sellTxId":"cffd7f60f4de398fa2562264863fa65299714a23"}
{"index": {"_index":"list","_id":"1045103"}}
	{"id":1045103,"type":"buy","buyer":"pokecrypto","seller":"vagabondspirit","symbol":"LIST","quantity":"1.75833235","price":"0.02500000","timestamp":1620751359,"volume":"0.04395831","buyTxId":"7016479087aa985896a211140aee5b8eeb5aad71","sellTxId":"83541c2683ed3cc8123189678f48cc3eb66237d4"}
{"index": {"_index":"list","_id":"1045118"}}
	{"id":1045118,"type":"buy","buyer":"pokecrypto","seller":"thelogicaldude","symbol":"LIST","quantity":"9.96140579","price":"0.02590000","timestamp":1620751413,"volume":"0.25800041","buyTxId":"217587c82697b56a627b43f4eb53a1cbffa9b5db","sellTxId":"MM-P-6848570-53760515-3-0-0"}
{"index": {"_index":"list","_id":"1045186"}}
	{"id":1045186,"type":"sell","buyer":"thelogicaldude","seller":"jakiro12","symbol":"LIST","quantity":"228.92402205","price":"0.01730000","timestamp":1620752700,"volume":"3.96038558","buyTxId":"MM-P-6855047-53768305-3-0-0","sellTxId":"4023def5bde06e2e5a690a052af59f29f26d6fdb"}
{"index": {"_index":"list","_id":"1045254"}}
	{"id":1045254,"type":"sell","buyer":"thelogicaldude","seller":"tonytrillions","symbol":"LIST","quantity":"0.00003286","price":"0.01730000","timestamp":1620755424,"volume":"0.00000057","buyTxId":"MM-P-6855047-53768305-3-0-0","sellTxId":"d96e14e1754e95925882bbd95fb422975c097913"}
{"index": {"_index":"list","_id":"1045260"}}
	{"id":1045260,"type":"sell","buyer":"thelogicaldude","seller":"rishi556","symbol":"LIST","quantity":"0.00012641","price":"0.01730000","timestamp":1620755571,"volume":"0.00000219","buyTxId":"MM-P-6855047-53768305-3-0-0","sellTxId":"7857ad70ff20ee8e6282877389e4c45ce711eb72-3"}
{"index": {"_index":"list","_id":"1045428"}}
	{"id":1045428,"type":"sell","buyer":"thelogicaldude","seller":"crypto133","symbol":"LIST","quantity":"64.52769944","price":"0.01730000","timestamp":1620758088,"volume":"1.11632920","buyTxId":"MM-P-6855047-53768305-3-0-0","sellTxId":"8e39d6d6142d05a837cf71ae40811c0fb88e88d5"}
{"index": {"_index":"list","_id":"1045612"}}
	{"id":1045612,"type":"sell","buyer":"thelogicaldude","seller":"brofi-market","symbol":"LIST","quantity":"0.46667328","price":"0.01730000","timestamp":1620762720,"volume":"0.00807345","buyTxId":"MM-P-6855047-53768305-3-0-0","sellTxId":"6893dce14b2ebdfd446de827e70685751e75620a"}
