{"index": {"_index":"list","_id":"1253958"}}
	{"id":1253958,"type":"sell","buyer":"thelogicaldude","seller":"dhedge-drips","symbol":"LIST","quantity":"0.11511230","price":"0.01260000","timestamp":1627260438,"volume":"0.00145041","buyTxId":"MM-P-8823459-55804082-3-0-0","sellTxId":"df210e94a6e8458770b1c98768afe188247ef746"}
{"index": {"_index":"list","_id":"1254313"}}
	{"id":1254313,"type":"sell","buyer":"thelogicaldude","seller":"rishi556","symbol":"LIST","quantity":"0.00014475","price":"0.01260000","timestamp":1627268667,"volume":"0.00000182","buyTxId":"MM-P-8823459-55804082-3-0-0","sellTxId":"b54c26c7ce5d2acca0a26da1ba8ef46efe10b468-3"}
{"index": {"_index":"list","_id":"1254544"}}
	{"id":1254544,"type":"sell","buyer":"thelogicaldude","seller":"tonytrillions","symbol":"LIST","quantity":"0.03451966","price":"0.01260000","timestamp":1627275906,"volume":"0.00043495","buyTxId":"MM-P-8823459-55804082-3-0-0","sellTxId":"2173dd9c7f0ba3cc5ecff4fccb8614b32ad37f39"}
{"index": {"_index":"list","_id":"1254809"}}
	{"id":1254809,"type":"sell","buyer":"thelogicaldude","seller":"cwow2","symbol":"LIST","quantity":"0.03392034","price":"0.01260000","timestamp":1627283220,"volume":"0.00042740","buyTxId":"MM-P-8823459-55804082-3-0-0","sellTxId":"8e3612aa75a21438b0ff932051a18cea3c4ac671"}
{"index": {"_index":"list","_id":"1255521"}}
	{"id":1255521,"type":"sell","buyer":"thelogicaldude","seller":"aiovo","symbol":"LIST","quantity":"83.00000000","price":"0.01260000","timestamp":1627300128,"volume":"1.04580000","buyTxId":"MM-P-8823459-55804082-3-0-0","sellTxId":"cd27b26e97a574f9a1aad8feeb7a626a01f5e028"}
{"index": {"_index":"list","_id":"1255621"}}
	{"id":1255621,"type":"sell","buyer":"thelogicaldude","seller":"crypto133","symbol":"LIST","quantity":"13.01821824","price":"0.01260000","timestamp":1627303152,"volume":"0.16402955","buyTxId":"MM-P-8823459-55804082-3-0-0","sellTxId":"eff9a79bc9406c8d129d05db614f9db5d6f4f28d"}
{"index": {"_index":"list","_id":"1256214"}}
	{"id":1256214,"type":"sell","buyer":"thelogicaldude","seller":"nickyhavey","symbol":"LIST","quantity":"0.72870434","price":"0.01260000","timestamp":1627315302,"volume":"0.00918167","buyTxId":"MM-P-8823459-55804082-3-0-0","sellTxId":"fdf368507cc3053c315d0475a04c1b79747bf95d"}
{"index": {"_index":"list","_id":"1256215"}}
	{"id":1256215,"type":"sell","buyer":"eirik","seller":"nickyhavey","symbol":"LIST","quantity":"26.84863800","price":"0.01250000","timestamp":1627315302,"volume":"0.33560798","buyTxId":"1ec191d9fc9ad9642d5bc42e77cc830b24dcf3c8","sellTxId":"fdf368507cc3053c315d0475a04c1b79747bf95d"}
{"index": {"_index":"list","_id":"1256399"}}
	{"id":1256399,"type":"buy","buyer":"curatorcat.leo","seller":"dhedge-drips","symbol":"LIST","quantity":"0.11511230","price":"0.01990000","timestamp":1627317057,"volume":"0.00229073","buyTxId":"633976b233d6a3b749cb0dedeb0c76c758ff523c","sellTxId":"c098c0a5ca33c2ce03ec0995bbef634565bf347c"}
{"index": {"_index":"list","_id":"1256404"}}
	{"id":1256404,"type":"buy","buyer":"curatorcat.leo","seller":"pablodare","symbol":"LIST","quantity":"8.22000000","price":"0.02000000","timestamp":1627317102,"volume":"0.16440000","buyTxId":"78cbbf0f4e1a8d712697b4d08f1487ccb4e49c0c","sellTxId":"dd70bb25f19b0b8dcce74299541a6c2eb245276c"}
{"index": {"_index":"list","_id":"1256574"}}
	{"id":1256574,"type":"sell","buyer":"eirik","seller":"pablodare","symbol":"LIST","quantity":"73.15136200","price":"0.01250000","timestamp":1627320780,"volume":"0.91439202","buyTxId":"1ec191d9fc9ad9642d5bc42e77cc830b24dcf3c8","sellTxId":"27ca98cfd94f8da12ef6a750e1b1943db3c24fa1"}
{"index": {"_index":"list","_id":"1256855"}}
	{"id":1256855,"type":"sell","buyer":"thelogicaldude","seller":"dhedge-drips","symbol":"LIST","quantity":"0.01274083","price":"0.00973000","timestamp":1627325256,"volume":"0.00012397","buyTxId":"MM-P-9005026-55985942-3-0-0","sellTxId":"3c43a35b80e0846b0312c0faadfc66343f144d3f"}
{"index": {"_index":"list","_id":"1257054"}}
	{"id":1257054,"type":"sell","buyer":"thelogicaldude","seller":"tonytrillions","symbol":"LIST","quantity":"0.08398095","price":"0.00973000","timestamp":1627328154,"volume":"0.00081713","buyTxId":"MM-P-9005026-55985942-3-0-0","sellTxId":"8b9144835a89a5767188358f2fdaf93b02551a62"}
{"index": {"_index":"list","_id":"1257264"}}
	{"id":1257264,"type":"sell","buyer":"hivelist","seller":"rishi556","symbol":"LIST","quantity":"0.00007133","price":"0.01120000","timestamp":1627331076,"volume":"0.00000080","buyTxId":"8590014bf9bdc65c5ec22ea9b261c47d98867458","sellTxId":"073adee5f10d77ed6af85273c218ff10bf0914fe-2"}
