{"index": {"_index":"list","_id":"1018579"}}
	{"id":1018579,"type":"sell","buyer":"thelogicaldude","seller":"brofi-market","symbol":"LIST","quantity":"0.11300053","price":"0.01710000","timestamp":1620018105,"volume":"0.00193231","buyTxId":"MM-P-6664676-53551203-3-0-0","sellTxId":"e56e70f4a8517f340e795ce99c3202e3f98328e8"}
{"index": {"_index":"list","_id":"1018652"}}
	{"id":1018652,"type":"sell","buyer":"thelogicaldude","seller":"aiovo","symbol":"LIST","quantity":"554.39370837","price":"0.01710000","timestamp":1620019944,"volume":"9.48013241","buyTxId":"MM-P-6664676-53551203-3-0-0","sellTxId":"7d3631fa5ce9456c1cf2b80cece677718bb60b93"}
{"index": {"_index":"list","_id":"1018825"}}
	{"id":1018825,"type":"sell","buyer":"thelogicaldude","seller":"adhammer","symbol":"LIST","quantity":"0.00069528","price":"0.01710000","timestamp":1620024318,"volume":"0.00001189","buyTxId":"MM-P-6664676-53551203-3-0-0","sellTxId":"16eb3fd6e5caf65f080f4a44dc549365ad0a6c52"}
{"index": {"_index":"list","_id":"1019035"}}
	{"id":1019035,"type":"sell","buyer":"thelogicaldude","seller":"writeandearn","symbol":"LIST","quantity":"30.28745747","price":"0.01710000","timestamp":1620029742,"volume":"0.51791552","buyTxId":"MM-P-6664676-53551203-3-0-0","sellTxId":"2171b4eac87cc1764503a54a5bcd408d47343493"}
{"index": {"_index":"list","_id":"1019153"}}
	{"id":1019153,"type":"sell","buyer":"allcapsonezero","seller":"nessycanta","symbol":"LIST","quantity":"25.58836196","price":"0.01700000","timestamp":1620034665,"volume":"0.43500215","buyTxId":"f8a3dccce26b1a41ae7ca3c3338072c95c9586eb","sellTxId":"3b3301ade3cbcb4f85c1cd4b1ab79dee069fa90a"}
{"index": {"_index":"list","_id":"1019253"}}
	{"id":1019253,"type":"buy","buyer":"thelogicaldude","seller":"writeandearn","symbol":"LIST","quantity":"39.71254253","price":"0.01710000","timestamp":1620037068,"volume":"0.67908448","buyTxId":"MM-P-6674863-53563179-3-0-0","sellTxId":"2171b4eac87cc1764503a54a5bcd408d47343493"}
{"index": {"_index":"list","_id":"1019482"}}
	{"id":1019482,"type":"sell","buyer":"thelogicaldude","seller":"tonytrillions","symbol":"LIST","quantity":"0.00108375","price":"0.01710000","timestamp":1620041985,"volume":"0.00001853","buyTxId":"MM-P-6674863-53563179-3-0-0","sellTxId":"5d179e30a0e564c18536d43076cbf9d8e3214a8d"}
{"index": {"_index":"list","_id":"1019523"}}
	{"id":1019523,"type":"buy","buyer":"dera123","seller":"richardcrill","symbol":"LIST","quantity":"422.10846103","price":"0.01730000","timestamp":1620042741,"volume":"7.30247638","buyTxId":"e8a0ea62ddc409b42b36db19bd81e14ddece7cc5","sellTxId":"MM-P-6676641-53565045-3-8-0"}
{"index": {"_index":"list","_id":"1019524"}}
	{"id":1019524,"type":"buy","buyer":"dera123","seller":"thelogicaldude","symbol":"LIST","quantity":"293.89153897","price":"0.01740000","timestamp":1620042741,"volume":"5.11371278","buyTxId":"e8a0ea62ddc409b42b36db19bd81e14ddece7cc5","sellTxId":"MM-P-6676571-53564975-3-0-0"}
{"index": {"_index":"list","_id":"1019551"}}
	{"id":1019551,"type":"sell","buyer":"thelogicaldude","seller":"clubfungus","symbol":"LIST","quantity":"74.53800726","price":"0.01710000","timestamp":1620043437,"volume":"1.27459992","buyTxId":"MM-P-6674863-53563179-3-0-0","sellTxId":"711633c4ac09d722ade533300e2000913740dea1"}
{"index": {"_index":"list","_id":"1019776"}}
	{"id":1019776,"type":"sell","buyer":"thelogicaldude","seller":"crypto133","symbol":"LIST","quantity":"112.92680573","price":"0.01710000","timestamp":1620049971,"volume":"1.93104838","buyTxId":"MM-P-6674863-53563179-3-0-0","sellTxId":"ac90c6509ab49d0f86c4fb00eb86f96027c6b9a7"}
{"index": {"_index":"list","_id":"1019878"}}
	{"id":1019878,"type":"sell","buyer":"thelogicaldude","seller":"rishi556","symbol":"LIST","quantity":"0.00013705","price":"0.01710000","timestamp":1620052014,"volume":"0.00000234","buyTxId":"MM-P-6674863-53563179-3-0-0","sellTxId":"93e4f98a960f4a8cc03f3dcd77147d2e1592e93d-2"}
{"index": {"_index":"list","_id":"1019978"}}
	{"id":1019978,"type":"sell","buyer":"thelogicaldude","seller":"itachi24j","symbol":"LIST","quantity":"0.18750000","price":"0.01710000","timestamp":1620053865,"volume":"0.00320625","buyTxId":"MM-P-6674863-53563179-3-0-0","sellTxId":"2cfc739a4eb2ca850e5958727bf04c32ce72f01f"}
{"index": {"_index":"list","_id":"1020107"}}
	{"id":1020107,"type":"sell","buyer":"thelogicaldude","seller":"nulledgh0st","symbol":"LIST","quantity":"1.50451218","price":"0.01710000","timestamp":1620056784,"volume":"0.02572716","buyTxId":"MM-P-6674863-53563179-3-0-0","sellTxId":"dd6959611b849d703c5caef1883adaf068016633"}
{"index": {"_index":"list","_id":"1020212"}}
	{"id":1020212,"type":"sell","buyer":"thelogicaldude","seller":"jongolson","symbol":"LIST","quantity":"33.31004634","price":"0.01710000","timestamp":1620059049,"volume":"0.56960179","buyTxId":"MM-P-6674863-53563179-3-0-0","sellTxId":"8c786a5ab8bef47b3688e556c107ff66d9720809"}
{"index": {"_index":"list","_id":"1020405"}}
	{"id":1020405,"type":"sell","buyer":"thelogicaldude","seller":"bitandi","symbol":"LIST","quantity":"34.95447407","price":"0.01710000","timestamp":1620063690,"volume":"0.59772151","buyTxId":"MM-P-6674863-53563179-3-0-0","sellTxId":"c003e1acebbd9d38797291795bdb99b14e7e2d5e"}
{"index": {"_index":"list","_id":"1021005"}}
	{"id":1021005,"type":"sell","buyer":"thelogicaldude","seller":"mawit07","symbol":"LIST","quantity":"41.22291614","price":"0.01710000","timestamp":1620073929,"volume":"0.70491187","buyTxId":"MM-P-6674863-53563179-3-0-0","sellTxId":"cb2fffc141c227dbe2b420e4a89c3790ce58a17d"}
{"index": {"_index":"list","_id":"1021146"}}
	{"id":1021146,"type":"sell","buyer":"thelogicaldude","seller":"esecholito","symbol":"LIST","quantity":"0.01345308","price":"0.01710000","timestamp":1620076494,"volume":"0.00023005","buyTxId":"MM-P-6674863-53563179-3-0-0","sellTxId":"ab44f703a953df4bc91a15b79fe179810563bd67"}
{"index": {"_index":"list","_id":"1021241"}}
	{"id":1021241,"type":"sell","buyer":"thelogicaldude","seller":"rishi556","symbol":"LIST","quantity":"0.00196334","price":"0.01710000","timestamp":1620079218,"volume":"0.00003357","buyTxId":"MM-P-6674863-53563179-3-0-0","sellTxId":"98f7903261159c2a64f518f6cf6145e68b2551a1-1"}
{"index": {"_index":"list","_id":"1021453"}}
	{"id":1021453,"type":"sell","buyer":"thelogicaldude","seller":"justinparke","symbol":"LIST","quantity":"1.11751893","price":"0.01710000","timestamp":1620085905,"volume":"0.01910957","buyTxId":"MM-P-6674863-53563179-3-0-0","sellTxId":"c06221b1fae6e74c1f4a0c5f450f3506b9501e3b"}
{"index": {"_index":"list","_id":"1021587"}}
	{"id":1021587,"type":"buy","buyer":"brutalmonkey","seller":"brofi-market","symbol":"LIST","quantity":"0.11300053","price":"0.02419000","timestamp":1620089739,"volume":"0.00273348","buyTxId":"630b848f16e16957761506907bf5215eac4ece2b","sellTxId":"1499653ccc571322234eddc2d2c3dc4a9e003be0"}
{"index": {"_index":"list","_id":"1021588"}}
	{"id":1021588,"type":"buy","buyer":"brutalmonkey","seller":"ganjafarmer","symbol":"LIST","quantity":"1.16431577","price":"0.02500000","timestamp":1620089739,"volume":"0.02910789","buyTxId":"630b848f16e16957761506907bf5215eac4ece2b","sellTxId":"64948beb6e5f1159c6865a621c0a1ccfc6d66717"}
{"index": {"_index":"list","_id":"1021589"}}
	{"id":1021589,"type":"buy","buyer":"brutalmonkey","seller":"ganjafarmer","symbol":"LIST","quantity":"14.95637514","price":"0.02500000","timestamp":1620089739,"volume":"0.37390938","buyTxId":"630b848f16e16957761506907bf5215eac4ece2b","sellTxId":"40fa6fe78e28139b1e7e7a1e8fa2118da2f6558e"}
{"index": {"_index":"list","_id":"1021764"}}
	{"id":1021764,"type":"sell","buyer":"brutalmonkey","seller":"brofi-market","symbol":"LIST","quantity":"0.56050646","price":"0.02500000","timestamp":1620096066,"volume":"0.01401266","buyTxId":"630b848f16e16957761506907bf5215eac4ece2b","sellTxId":"b375517f44fc5ab1076535cbe4ab7780cd059f78"}
