{"index": {"_index":"list","_id":"2593016"}}
	{"id":2593016,"type":"sell","buyer":"pi-trader","seller":"pablodare3","symbol":"LIST","quantity":"1.29799203","price":"0.00352011","timestamp":1642653966,"volume":"0.00456907","buyTxId":"4835e2e80ad8cad706b0cc55fd9b9c2c3919a960-1","sellTxId":"3a4269129d745fbf4e01df721fded505036f3b79"}
{"index": {"_index":"list","_id":"2593104"}}
	{"id":2593104,"type":"buy","buyer":"trentonlundy1","seller":"master-lamps","symbol":"LIST","quantity":"56.65032047","price":"0.00459994","timestamp":1642654320,"volume":"0.26058808","buyTxId":"a670df04ccdf0384962b788b12fabfc54281c3ca","sellTxId":"17315911e1ef1337097942a49355009ef4f802b7"}
{"index": {"_index":"list","_id":"2593105"}}
	{"id":2593105,"type":"buy","buyer":"trentonlundy1","seller":"brofi-market","symbol":"LIST","quantity":"5.45684442","price":"0.00459994","timestamp":1642654320,"volume":"0.02510116","buyTxId":"a670df04ccdf0384962b788b12fabfc54281c3ca","sellTxId":"111e001d4a1bbc7e8f9bee69ca1f8dc8821a1e22"}
{"index": {"_index":"list","_id":"2593106"}}
	{"id":2593106,"type":"buy","buyer":"trentonlundy1","seller":"dhedge-drips","symbol":"LIST","quantity":"0.51157916","price":"0.00459994","timestamp":1642654320,"volume":"0.00235323","buyTxId":"a670df04ccdf0384962b788b12fabfc54281c3ca","sellTxId":"cd49c1006f56f184544ce89cbd98a9b58ae07f0f"}
{"index": {"_index":"list","_id":"2593107"}}
	{"id":2593107,"type":"buy","buyer":"trentonlundy1","seller":"brofi-market","symbol":"LIST","quantity":"0.79847261","price":"0.00459994","timestamp":1642654320,"volume":"0.00367293","buyTxId":"a670df04ccdf0384962b788b12fabfc54281c3ca","sellTxId":"5a8bedd0264d90c8c986258fdc7505c175599405"}
{"index": {"_index":"list","_id":"2593108"}}
	{"id":2593108,"type":"buy","buyer":"trentonlundy1","seller":"dhedge-drips","symbol":"LIST","quantity":"0.07485680","price":"0.00459994","timestamp":1642654320,"volume":"0.00034434","buyTxId":"a670df04ccdf0384962b788b12fabfc54281c3ca","sellTxId":"298e190a7f40b7a7bd42a2b8ae400a2e1782171d"}
{"index": {"_index":"list","_id":"2593109"}}
	{"id":2593109,"type":"buy","buyer":"trentonlundy1","seller":"brofi-market","symbol":"LIST","quantity":"3.13469533","price":"0.00459994","timestamp":1642654320,"volume":"0.01441941","buyTxId":"a670df04ccdf0384962b788b12fabfc54281c3ca","sellTxId":"f2ccbbde807663fff33261e1955c8f507d5ade4b"}
{"index": {"_index":"list","_id":"2593110"}}
	{"id":2593110,"type":"buy","buyer":"trentonlundy1","seller":"dhedge-drips","symbol":"LIST","quantity":"0.29387770","price":"0.00459994","timestamp":1642654320,"volume":"0.00135182","buyTxId":"a670df04ccdf0384962b788b12fabfc54281c3ca","sellTxId":"bb815a021d8ab6e7ebb790b854ecf97077d2d94f"}
{"index": {"_index":"list","_id":"2593111"}}
	{"id":2593111,"type":"buy","buyer":"trentonlundy1","seller":"brofi-market","symbol":"LIST","quantity":"0.83561066","price":"0.00459994","timestamp":1642654320,"volume":"0.00384376","buyTxId":"a670df04ccdf0384962b788b12fabfc54281c3ca","sellTxId":"231c0af828b8bdeaab80370a1e6d020a14d7bd3a"}
{"index": {"_index":"list","_id":"2593112"}}
	{"id":2593112,"type":"buy","buyer":"trentonlundy1","seller":"dhedge-drips","symbol":"LIST","quantity":"0.01137612","price":"0.00459994","timestamp":1642654320,"volume":"0.00005233","buyTxId":"a670df04ccdf0384962b788b12fabfc54281c3ca","sellTxId":"bee9f3ee38a30f1ca23b0c643d465a7f7044f8eb"}
{"index": {"_index":"list","_id":"2593113"}}
	{"id":2593113,"type":"buy","buyer":"trentonlundy1","seller":"brofi-market","symbol":"LIST","quantity":"5.86263995","price":"0.00459994","timestamp":1642654320,"volume":"0.02696779","buyTxId":"a670df04ccdf0384962b788b12fabfc54281c3ca","sellTxId":"e7b998bd8810d2bfa532506a6c55db4510fc1d9a"}
{"index": {"_index":"list","_id":"2593114"}}
	{"id":2593114,"type":"buy","buyer":"trentonlundy1","seller":"dhedge-drips","symbol":"LIST","quantity":"0.54962237","price":"0.00459994","timestamp":1642654320,"volume":"0.00252823","buyTxId":"a670df04ccdf0384962b788b12fabfc54281c3ca","sellTxId":"97a90bf27791629b32f7df96e1a2fac61ed92613"}
{"index": {"_index":"list","_id":"2593115"}}
	{"id":2593115,"type":"buy","buyer":"trentonlundy1","seller":"brofi-market","symbol":"LIST","quantity":"1.64198625","price":"0.00459994","timestamp":1642654320,"volume":"0.00755304","buyTxId":"a670df04ccdf0384962b788b12fabfc54281c3ca","sellTxId":"c249bf019863eae7ebe875fdd5724b0cb56a446c"}
{"index": {"_index":"list","_id":"2593116"}}
	{"id":2593116,"type":"buy","buyer":"trentonlundy1","seller":"dhedge-drips","symbol":"LIST","quantity":"0.15393634","price":"0.00459994","timestamp":1642654320,"volume":"0.00070810","buyTxId":"a670df04ccdf0384962b788b12fabfc54281c3ca","sellTxId":"a9c94d8271f9227f03329a96a2ee4d8d12e05e98"}
{"index": {"_index":"list","_id":"2593187"}}
	{"id":2593187,"type":"buy","buyer":"nastyforce","seller":"brofi-market","symbol":"LIST","quantity":"0.73744577","price":"0.00460000","timestamp":1642655298,"volume":"0.00339225","buyTxId":"65ca9b8c1341be398d412386925e63afbcf02530","sellTxId":"d3164f475b490f8082c3629c4a402fee8516390f"}
{"index": {"_index":"list","_id":"2593188"}}
	{"id":2593188,"type":"buy","buyer":"nastyforce","seller":"dhedge-drips","symbol":"LIST","quantity":"0.06913553","price":"0.00460000","timestamp":1642655298,"volume":"0.00031802","buyTxId":"65ca9b8c1341be398d412386925e63afbcf02530","sellTxId":"5c8dfa02872e850eef295c2be6eeea920bba48ee"}
{"index": {"_index":"list","_id":"2593199"}}
	{"id":2593199,"type":"buy","buyer":"nastyforce","seller":"woodathegsd","symbol":"LIST","quantity":"98.00000000","price":"0.00469990","timestamp":1642655487,"volume":"0.46059020","buyTxId":"46f8212550b96c311db6fa516f6f61b6c8cde545","sellTxId":"7cf99d12382675b75c4551c6571f01959c74ca43"}
{"index": {"_index":"list","_id":"2593589"}}
	{"id":2593589,"type":"sell","buyer":"master-lamps","seller":"thatcryptodave","symbol":"LIST","quantity":"4.69638903","price":"0.00459995","timestamp":1642661031,"volume":"0.02160315","buyTxId":"d3280c9b6b3b6eb125714e36a9743a0506fe5f8d","sellTxId":"6868a19a2c17a399eb688e7dd3007be9f8d7a478"}
{"index": {"_index":"list","_id":"2594007"}}
	{"id":2594007,"type":"sell","buyer":"master-lamps","seller":"brofi-market","symbol":"LIST","quantity":"3.82935991","price":"0.00459995","timestamp":1642666488,"volume":"0.01761486","buyTxId":"d3280c9b6b3b6eb125714e36a9743a0506fe5f8d","sellTxId":"5fc420aa3aa80ba5ac7e8e9c433fe469255d3fda"}
{"index": {"_index":"list","_id":"2594049"}}
	{"id":2594049,"type":"sell","buyer":"master-lamps","seller":"tonytrillions","symbol":"LIST","quantity":"57.47425106","price":"0.00459995","timestamp":1642667136,"volume":"0.26437868","buyTxId":"d3280c9b6b3b6eb125714e36a9743a0506fe5f8d","sellTxId":"2e8d86db53043b578840e55c83de3c2dfbb69800"}
{"index": {"_index":"list","_id":"2594050"}}
	{"id":2594050,"type":"sell","buyer":"trentonlundy1","seller":"tonytrillions","symbol":"LIST","quantity":"29.96000084","price":"0.00459994","timestamp":1642667136,"volume":"0.13781421","buyTxId":"a670df04ccdf0384962b788b12fabfc54281c3ca","sellTxId":"2e8d86db53043b578840e55c83de3c2dfbb69800"}
{"index": {"_index":"list","_id":"2595412"}}
	{"id":2595412,"type":"sell","buyer":"ana-maria","seller":"dhedge-drips","symbol":"LIST","quantity":"0.34117265","price":"0.00459999","timestamp":1642682841,"volume":"0.00156939","buyTxId":"9e3c61ad706247630a99953eeef912781d6b7996","sellTxId":"37aea0f347a9fd5356147cdaa61032a327d9e1b8"}
{"index": {"_index":"list","_id":"2595803"}}
	{"id":2595803,"type":"sell","buyer":"ana-maria","seller":"adhammer","symbol":"LIST","quantity":"9.65882735","price":"0.00459999","timestamp":1642687320,"volume":"0.04443051","buyTxId":"9e3c61ad706247630a99953eeef912781d6b7996","sellTxId":"7bead7b7c05420f328be8bc54331986922a28b2e"}
{"index": {"_index":"list","_id":"2595804"}}
	{"id":2595804,"type":"sell","buyer":"trentonlundy1","seller":"adhammer","symbol":"LIST","quantity":"57.14715751","price":"0.00459994","timestamp":1642687320,"volume":"0.26287350","buyTxId":"a670df04ccdf0384962b788b12fabfc54281c3ca","sellTxId":"7bead7b7c05420f328be8bc54331986922a28b2e"}
{"index": {"_index":"list","_id":"2597064"}}
	{"id":2597064,"type":"sell","buyer":"trentonlundy1","seller":"charityball","symbol":"LIST","quantity":"36.06745517","price":"0.00459994","timestamp":1642698168,"volume":"0.16590813","buyTxId":"a670df04ccdf0384962b788b12fabfc54281c3ca","sellTxId":"4fa1bea802d79672fdf722cf67242ae0894af576"}
{"index": {"_index":"list","_id":"2598452"}}
	{"id":2598452,"type":"buy","buyer":"zeero22","seller":"master-lamps","symbol":"LIST","quantity":"101.00000000","price":"0.00469989","timestamp":1642708401,"volume":"0.47468889","buyTxId":"8c3df08114420b10222ff91e0964c1762d3400b6","sellTxId":"a81fd26dc8c81ecb39b40629d73e5914e9dfe394"}
{"index": {"_index":"list","_id":"2600688"}}
	{"id":2600688,"type":"sell","buyer":"master-lamps","seller":"pablodare","symbol":"LIST","quantity":"15.48724264","price":"0.00459998","timestamp":1642729638,"volume":"0.07124101","buyTxId":"f61e24f3ea3cba54ede1ba27b254d2083ed1003c","sellTxId":"90eafc2a1a938b34a17ed7f5d27990a59fc49d0c"}
