{"index": {"_index":"list","_id":"3116743"}}=	{"id":3116743,"type":"sell","buyer":"pi-trader","seller":"mairapanelo","symbol":"LIST","quantity":"47.64171798","price":"0.00220001","timestamp":1648964145,"volume":"0.10481226","buyTxId":"66c75f8f1cf13eb044b177071c5c612445d22187-14","sellTxId":"a32e7c359f6407c9a9213bb0b74e69f1c67d0dfa"}
{"index": {"_index":"list","_id":"3116790"}}=	{"id":3116790,"type":"sell","buyer":"pi-trader","seller":"pablodare","symbol":"LIST","quantity":"16.60768168","price":"0.00220001","timestamp":1648965150,"volume":"0.03653707","buyTxId":"3b2229c050d941b0e05543abd7d9919849cf99a1-5","sellTxId":"bc88af1a7644e24e1354e5808c3c2a33d92faac4"}
{"index": {"_index":"list","_id":"3117372"}}=	{"id":3117372,"type":"sell","buyer":"pi-trader","seller":"ctpsb","symbol":"LIST","quantity":"11.13000000","price":"0.00220001","timestamp":1648973955,"volume":"0.02448611","buyTxId":"552d7eaba18d9565bde4f711d08de7f7e685242b-2","sellTxId":"9c109539560d84a3850d7dc622b4f3467aaac24d"}
{"index": {"_index":"list","_id":"3117816"}}=	{"id":3117816,"type":"sell","buyer":"pi-trader","seller":"technocrypton","symbol":"LIST","quantity":"5.79288752","price":"0.00220001","timestamp":1648981221,"volume":"0.01274441","buyTxId":"c35e5cc29137ce768ab5d65f77134f1e1f155b32-2","sellTxId":"81f5a79ca3b6521edf360f3abc833b0fccac58e4"}
{"index": {"_index":"list","_id":"3118013"}}=	{"id":3118013,"type":"sell","buyer":"pi-trader","seller":"florenceboens","symbol":"LIST","quantity":"13.49700000","price":"0.00220001","timestamp":1648983537,"volume":"0.02969353","buyTxId":"1f6b01ddd4c1abd60bd29f1878eb61cb611e316f-2","sellTxId":"3ae1ac0b72640202f59bfde1278d505a4a4b73be"}
{"index": {"_index":"list","_id":"3118298"}}=	{"id":3118298,"type":"sell","buyer":"pi-trader","seller":"brofi-market","symbol":"LIST","quantity":"8.85842968","price":"0.00220001","timestamp":1648988208,"volume":"0.01948863","buyTxId":"c9c00dade5010733d080d1a4b794e628fbb91dbe-2","sellTxId":"c1169b6ed24a1eefab80d4cb4efaa9f1aaa85ad5"}
{"index": {"_index":"list","_id":"3118379"}}=	{"id":3118379,"type":"buy","buyer":"fiberfrau","seller":"flipflopcrypto","symbol":"LIST","quantity":"0.00744971","price":"0.00220008","timestamp":1648989726,"volume":"0.00001639","buyTxId":"6b7b423a12069043c1b0d07469f161795544d4d6","sellTxId":"b96c51bf7c44a72691d714c28fde40443becd8bd"}
{"index": {"_index":"list","_id":"3118380"}}=	{"id":3118380,"type":"buy","buyer":"fiberfrau","seller":"brofi-market","symbol":"LIST","quantity":"4.51165868","price":"0.00220008","timestamp":1648989726,"volume":"0.00992601","buyTxId":"6b7b423a12069043c1b0d07469f161795544d4d6","sellTxId":"212746b7752b8951bbb3655c3203c150a0a9dca9"}
{"index": {"_index":"list","_id":"3118423"}}=	{"id":3118423,"type":"sell","buyer":"pi-trader","seller":"dhedge-drips","symbol":"LIST","quantity":"0.83047331","price":"0.00220001","timestamp":1648990068,"volume":"0.00182705","buyTxId":"6f5f710d4b48b8378176c5626b5fd7477a47b1ea-2","sellTxId":"0611389952eab56f78974b9cbcdd4063bc333db0"}
{"index": {"_index":"list","_id":"3118791"}}=	{"id":3118791,"type":"sell","buyer":"pi-trader","seller":"nrg","symbol":"LIST","quantity":"27.75657924","price":"0.00220001","timestamp":1648995564,"volume":"0.06106475","buyTxId":"65d1dced251023588ad582cacf7fd7b52e821396-1","sellTxId":"be8bcb60c2ac71330c69b1c42d91b6bf12a825c5-24"}
{"index": {"_index":"list","_id":"3119564"}}=	{"id":3119564,"type":"sell","buyer":"pi-trader","seller":"phortun","symbol":"LIST","quantity":"7.99265435","price":"0.00220001","timestamp":1649005023,"volume":"0.01758392","buyTxId":"1283c67099225ca01c82d07ee446da187ca3f6cb-9","sellTxId":"11c2683dbee8d1248792d84260d3ad864a3c6f96"}
{"index": {"_index":"list","_id":"3121522"}}=	{"id":3121522,"type":"sell","buyer":"pi-trader","seller":"freedomconvoy","symbol":"LIST","quantity":"1.51266947","price":"0.00220001","timestamp":1649023989,"volume":"0.00332789","buyTxId":"cd220bb707e1b9fe93a0d226af34a7b3b86ce8cd-2","sellTxId":"b93f5c55e41379e2a9373f49b29fe69506ec865c"}
{"index": {"_index":"list","_id":"3122555"}}=	{"id":3122555,"type":"buy","buyer":"flemingfarm","seller":"brofi-market","symbol":"LIST","quantity":"4.34677100","price":"0.00220008","timestamp":1649037408,"volume":"0.00956324","buyTxId":"0163d3f7bed303dd8abec38df5c71db5ca13b33c","sellTxId":"212746b7752b8951bbb3655c3203c150a0a9dca9"}
{"index": {"_index":"list","_id":"3122556"}}=	{"id":3122556,"type":"buy","buyer":"flemingfarm","seller":"dhedge-drips","symbol":"LIST","quantity":"0.83047331","price":"0.00220008","timestamp":1649037408,"volume":"0.00182711","buyTxId":"0163d3f7bed303dd8abec38df5c71db5ca13b33c","sellTxId":"a161859384d84d68093758b1ac210ab125bedcc4"}
