{"index": {"_index":"list","_id":"3488860"}}
	{"id":3488860,"type":"buy","buyer":"dynamicrypto","seller":"richardcrill","symbol":"LIST","quantity":"78.63515729","price":"0.00559997","timestamp":1653170409,"volume":"0.44035452","buyTxId":"f17938fa1ddcef3e15d3dc09fa8864e5bf917c4e","sellTxId":"MM-P-17584493-64574765-3-6-0"}
{"index": {"_index":"list","_id":"3488861"}}
	{"id":3488861,"type":"buy","buyer":"dynamicrypto","seller":"master-lamps","symbol":"LIST","quantity":"11.01890570","price":"0.00569997","timestamp":1653170409,"volume":"0.06280743","buyTxId":"f17938fa1ddcef3e15d3dc09fa8864e5bf917c4e","sellTxId":"3848f091dae857a1e58fd1a009cf2473b1333188"}
{"index": {"_index":"list","_id":"3488862"}}
	{"id":3488862,"type":"buy","buyer":"dynamicrypto","seller":"ben.haase","symbol":"LIST","quantity":"0.65726315","price":"0.00599999","timestamp":1653170409,"volume":"0.00394357","buyTxId":"f17938fa1ddcef3e15d3dc09fa8864e5bf917c4e","sellTxId":"9c84f273c3f76c60d90799c5ea3a1876bd651d34"}
{"index": {"_index":"list","_id":"3488863"}}
	{"id":3488863,"type":"buy","buyer":"dynamicrypto","seller":"saachi.list","symbol":"LIST","quantity":"63.83015820","price":"0.00600000","timestamp":1653170409,"volume":"0.38298095","buyTxId":"f17938fa1ddcef3e15d3dc09fa8864e5bf917c4e","sellTxId":"efb970047881dbf3cef4300abc65e564ebed9419"}
{"index": {"_index":"list","_id":"3488864"}}
	{"id":3488864,"type":"buy","buyer":"dynamicrypto","seller":"alfarero","symbol":"LIST","quantity":"411.00000000","price":"0.00619900","timestamp":1653170409,"volume":"2.54778900","buyTxId":"f17938fa1ddcef3e15d3dc09fa8864e5bf917c4e","sellTxId":"1a330a38fb86af082e211f6153c8672619f06ba0"}
{"index": {"_index":"list","_id":"3488865"}}
	{"id":3488865,"type":"buy","buyer":"dynamicrypto","seller":"pero82","symbol":"LIST","quantity":"3.13144079","price":"0.00630000","timestamp":1653170409,"volume":"0.01972808","buyTxId":"f17938fa1ddcef3e15d3dc09fa8864e5bf917c4e","sellTxId":"4a9e8c735e16519c10f5e909b4ec1338cc68c84b"}
{"index": {"_index":"list","_id":"3488866"}}
	{"id":3488866,"type":"buy","buyer":"dynamicrypto","seller":"zapmin","symbol":"LIST","quantity":"5.57007613","price":"0.00640000","timestamp":1653170409,"volume":"0.03564849","buyTxId":"f17938fa1ddcef3e15d3dc09fa8864e5bf917c4e","sellTxId":"6552d1ddc8b7ca6ff20923cb9fccffdd164d6c8b"}
{"index": {"_index":"list","_id":"3488867"}}
	{"id":3488867,"type":"buy","buyer":"dynamicrypto","seller":"franciscopr","symbol":"LIST","quantity":"31.79416620","price":"0.00650000","timestamp":1653170409,"volume":"0.20666208","buyTxId":"f17938fa1ddcef3e15d3dc09fa8864e5bf917c4e","sellTxId":"a4735926379cddd9d95ac9d9abc147e8ee4ba705"}
{"index": {"_index":"list","_id":"3488868"}}
	{"id":3488868,"type":"buy","buyer":"dynamicrypto","seller":"wkm","symbol":"LIST","quantity":"160.00000000","price":"0.00664000","timestamp":1653170409,"volume":"1.06240000","buyTxId":"f17938fa1ddcef3e15d3dc09fa8864e5bf917c4e","sellTxId":"da0717265bf50b25aacab84633f0851b8cf76826"}
{"index": {"_index":"list","_id":"3488869"}}
	{"id":3488869,"type":"buy","buyer":"dynamicrypto","seller":"hivelist","symbol":"LIST","quantity":"234.36283254","price":"0.00665000","timestamp":1653170409,"volume":"1.55851284","buyTxId":"f17938fa1ddcef3e15d3dc09fa8864e5bf917c4e","sellTxId":"53897122a78015873e9a7ea64498c399cb0a82ae"}
{"index": {"_index":"list","_id":"3491262"}}
	{"id":3491262,"type":"sell","buyer":"pedrobrito2004","seller":"itharagaian","symbol":"LIST","quantity":"7.61461403","price":"0.00390000","timestamp":1653198735,"volume":"0.02969699","buyTxId":"c940a3aa7b71eb36a31fb8b7824ffbd614aa7865","sellTxId":"c904c9bf1206dc65cf6e9cf6eccb9db22730bbb7"}
{"index": {"_index":"list","_id":"3491366"}}
	{"id":3491366,"type":"sell","buyer":"pedrobrito2004","seller":"hive-143869","symbol":"LIST","quantity":"0.13449994","price":"0.00390000","timestamp":1653199749,"volume":"0.00052455","buyTxId":"c940a3aa7b71eb36a31fb8b7824ffbd614aa7865","sellTxId":"c8481a4638d07753d8261f33859a614c9b5df531"}
{"index": {"_index":"list","_id":"3491448"}}
	{"id":3491448,"type":"sell","buyer":"pedrobrito2004","seller":"buildahouse","symbol":"LIST","quantity":"0.00014728","price":"0.00390000","timestamp":1653200451,"volume":"0.00000057","buyTxId":"c940a3aa7b71eb36a31fb8b7824ffbd614aa7865","sellTxId":"f9b536a641a1eb80a70f812d24d1fdfad68ba439"}
{"index": {"_index":"list","_id":"3491499"}}
	{"id":3491499,"type":"sell","buyer":"pedrobrito2004","seller":"buildahouse","symbol":"LIST","quantity":"0.03829010","price":"0.00390000","timestamp":1653200937,"volume":"0.00014933","buyTxId":"c940a3aa7b71eb36a31fb8b7824ffbd614aa7865","sellTxId":"25b5aae93bc1a0f441223cfc4b7ed0e3859c6823"}
{"index": {"_index":"list","_id":"3491682"}}
	{"id":3491682,"type":"sell","buyer":"pedrobrito2004","seller":"synergie","symbol":"LIST","quantity":"0.83128107","price":"0.00390000","timestamp":1653202185,"volume":"0.00324200","buyTxId":"c940a3aa7b71eb36a31fb8b7824ffbd614aa7865","sellTxId":"5eb1fe4fc5a8c15d3e92fe0e07c438d5a5491207"}
{"index": {"_index":"list","_id":"3491722"}}
	{"id":3491722,"type":"sell","buyer":"pedrobrito2004","seller":"zzz.accounting","symbol":"LIST","quantity":"0.00015544","price":"0.00390000","timestamp":1653202563,"volume":"0.00000061","buyTxId":"c940a3aa7b71eb36a31fb8b7824ffbd614aa7865","sellTxId":"37e300b9a4dc6d0b3be514bd5220afb2a3c25f22"}
{"index": {"_index":"list","_id":"3491742"}}
	{"id":3491742,"type":"sell","buyer":"pedrobrito2004","seller":"independance","symbol":"LIST","quantity":"0.00018559","price":"0.00390000","timestamp":1653202731,"volume":"0.00000072","buyTxId":"c940a3aa7b71eb36a31fb8b7824ffbd614aa7865","sellTxId":"740427daf61fa415e60e6da07113b53964e62c67"}
{"index": {"_index":"list","_id":"3491883"}}
	{"id":3491883,"type":"sell","buyer":"pedrobrito2004","seller":"master-lamps","symbol":"LIST","quantity":"1.38082600","price":"0.00390000","timestamp":1653203892,"volume":"0.00538522","buyTxId":"c940a3aa7b71eb36a31fb8b7824ffbd614aa7865","sellTxId":"60a4d2604e569419e1f64b471fb796fcda84384e"}
{"index": {"_index":"list","_id":"3494914"}}
	{"id":3494914,"type":"sell","buyer":"ben.haase","seller":"michelmake","symbol":"LIST","quantity":"0.73468635","price":"0.00375002","timestamp":1653232338,"volume":"0.00275509","buyTxId":"0e4e0878b8d029776e1118856449bc583f68c874","sellTxId":"88c3a344f352bab23317e0ba41347f2199d11271"}
{"index": {"_index":"list","_id":"3495411"}}
	{"id":3495411,"type":"sell","buyer":"cookaiss","seller":"charityball","symbol":"LIST","quantity":"844.30125281","price":"0.00400000","timestamp":1653236511,"volume":"3.37720501","buyTxId":"6aa00c3d7d891c0b2993d6f0470bfdd2a3979beb","sellTxId":"c607b880affa8a4471859dfb7e64337f361a5ec1"}
{"index": {"_index":"list","_id":"3496209"}}
	{"id":3496209,"type":"sell","buyer":"cookaiss","seller":"cccf","symbol":"LIST","quantity":"0.25970870","price":"0.00400000","timestamp":1653242298,"volume":"0.00103883","buyTxId":"6aa00c3d7d891c0b2993d6f0470bfdd2a3979beb","sellTxId":"14c9ceb2be197eed89eb7635256b3d317d2f9551"}
