{"index": {"_index":"list","_id":"1115938"}}
	{"id":1115938,"type":"sell","buyer":"thelogicaldude","seller":"teapassion","symbol":"LIST","quantity":"16.08200443","price":"0.01460000","timestamp":1622888952,"volume":"0.23479726","buyTxId":"MM-P-7514444-54489738-3-0-0","sellTxId":"3c1b1d2ec8f6aa18fcaecaca67868876507fb0a9"}
{"index": {"_index":"list","_id":"1115996"}}
	{"id":1115996,"type":"sell","buyer":"thelogicaldude","seller":"crypto133","symbol":"LIST","quantity":"44.80196514","price":"0.01460000","timestamp":1622891625,"volume":"0.65410869","buyTxId":"MM-P-7514444-54489738-3-0-0","sellTxId":"18ab57649833b12652e29bc5ff256fb27f0ff338"}
{"index": {"_index":"list","_id":"1116149"}}
	{"id":1116149,"type":"sell","buyer":"thelogicaldude","seller":"rishi556","symbol":"LIST","quantity":"1.32855495","price":"0.01471000","timestamp":1622896773,"volume":"0.01954304","buyTxId":"MM-P-7538525-54513911-3-0-0","sellTxId":"5f13e84229c75d3b41301f0885c6da667f8c08ab-2"}
{"index": {"_index":"list","_id":"1116324"}}
	{"id":1116324,"type":"sell","buyer":"thelogicaldude","seller":"justinparke","symbol":"LIST","quantity":"128.40502844","price":"0.01510000","timestamp":1622902248,"volume":"1.93891593","buyTxId":"MM-P-7540824-54516211-3-0-0","sellTxId":"67a714e6fda1c691086216317569c7c880c313de"}
{"index": {"_index":"list","_id":"1117117"}}
	{"id":1117117,"type":"buy","buyer":"b4phom3t","seller":"brofi-market","symbol":"LIST","quantity":"0.66743222","price":"0.01990000","timestamp":1622923209,"volume":"0.01328190","buyTxId":"d3cbcc8bad795a57c97c6ae7d8be22fdc59a2790","sellTxId":"627316e35eaa477580cc75ac32f5a73004b87518"}
{"index": {"_index":"list","_id":"1117122"}}
	{"id":1117122,"type":"buy","buyer":"b4phom3t","seller":"teenagecrypto","symbol":"LIST","quantity":"29.33607158","price":"0.02000000","timestamp":1622923353,"volume":"0.58672143","buyTxId":"4c4676afef282576fc143de9df55b6e9ef0efa91","sellTxId":"2cc23d3e4819650b5a85d9934114d259c7c1a56b"}
{"index": {"_index":"list","_id":"1117123"}}
	{"id":1117123,"type":"buy","buyer":"b4phom3t","seller":"brofi-market","symbol":"LIST","quantity":"0.10260007","price":"0.02000000","timestamp":1622923353,"volume":"0.00205200","buyTxId":"4c4676afef282576fc143de9df55b6e9ef0efa91","sellTxId":"ff962c22b39cc99e37089f62509e804fb2ab97b8"}
{"index": {"_index":"list","_id":"1117466"}}
	{"id":1117466,"type":"sell","buyer":"b4phom3t","seller":"crypto133","symbol":"LIST","quantity":"20.56132835","price":"0.02000000","timestamp":1622934009,"volume":"0.41122657","buyTxId":"4c4676afef282576fc143de9df55b6e9ef0efa91","sellTxId":"90ce3cc77c11f08e2ab6b0797789df263a78870b"}
{"index": {"_index":"list","_id":"1117546"}}
	{"id":1117546,"type":"sell","buyer":"b4phom3t","seller":"brofi-market","symbol":"LIST","quantity":"0.10170115","price":"0.01990000","timestamp":1622937000,"volume":"0.00202385","buyTxId":"d3cbcc8bad795a57c97c6ae7d8be22fdc59a2790","sellTxId":"ce26cd2853050d5807647f753acd703fa47f86e9"}
{"index": {"_index":"list","_id":"1117559"}}
	{"id":1117559,"type":"buy","buyer":"thelogicaldude","seller":"crypto133","symbol":"LIST","quantity":"1.32523911","price":"0.02000000","timestamp":1622937600,"volume":"0.02650478","buyTxId":"MM-P-7553381-54528790-3-0-0","sellTxId":"90ce3cc77c11f08e2ab6b0797789df263a78870b"}
{"index": {"_index":"list","_id":"1117560"}}
	{"id":1117560,"type":"buy","buyer":"thelogicaldude","seller":"brofi-market","symbol":"LIST","quantity":"0.10170115","price":"0.02000000","timestamp":1622937600,"volume":"0.00203402","buyTxId":"MM-P-7553381-54528790-3-0-0","sellTxId":"1164aec66b7bdc1f2da1a3d93ccfbf00d4220b72"}
{"index": {"_index":"list","_id":"1117831"}}
	{"id":1117831,"type":"buy","buyer":"yintercept","seller":"hivelist","symbol":"LIST","quantity":"45.00000000","price":"0.02200000","timestamp":1622944005,"volume":"0.99000000","buyTxId":"6641907faa086c4f356d0c9650d3d2fdaec2a590","sellTxId":"cf5f3e9760b367b2b3fb5804189b9154b65765e6"}
{"index": {"_index":"list","_id":"1117882"}}
	{"id":1117882,"type":"sell","buyer":"thelogicaldude","seller":"chireerocks","symbol":"LIST","quantity":"38.74631266","price":"0.02000000","timestamp":1622945883,"volume":"0.77492625","buyTxId":"MM-P-7553381-54528790-3-0-0","sellTxId":"21a6ac99350b69d092b03267f7235c6639e69eca"}
{"index": {"_index":"list","_id":"1117897"}}
	{"id":1117897,"type":"sell","buyer":"thelogicaldude","seller":"doitvoluntarily","symbol":"LIST","quantity":"112.00000000","price":"0.02000000","timestamp":1622946177,"volume":"2.24000000","buyTxId":"MM-P-7553381-54528790-3-0-0","sellTxId":"88bd024b8f88a1e8d2d05eec14de31a17e858dd7"}
{"index": {"_index":"list","_id":"1117904"}}
	{"id":1117904,"type":"buy","buyer":"successchar","seller":"hivelist","symbol":"LIST","quantity":"100.00000000","price":"0.02200000","timestamp":1622946243,"volume":"2.20000000","buyTxId":"4f289eccfb34b3e7aa891e8d7adfebbe9f182a7f","sellTxId":"cf5f3e9760b367b2b3fb5804189b9154b65765e6"}
