{"index": {"_index":"list","_id":"2808195"}}
	{"id":2808195,"type":"buy","buyer":"senorcoconut","seller":"sbi-tokens","symbol":"LIST","quantity":"3.51992692","price":"0.00440000","timestamp":1645244937,"volume":"0.01548768","buyTxId":"aa0fcf49fcb526174d190bee23e54d24dfb9821b","sellTxId":"6d8fbc44d3e3b3d268786ab2f7e6765f4d365c1b"}
{"index": {"_index":"list","_id":"2808196"}}
	{"id":2808196,"type":"buy","buyer":"senorcoconut","seller":"tonytrillions","symbol":"LIST","quantity":"94.34620182","price":"0.00450000","timestamp":1645244937,"volume":"0.42455791","buyTxId":"aa0fcf49fcb526174d190bee23e54d24dfb9821b","sellTxId":"6bd7725836898f0e57ab03456b7e608cc35b8a6b"}
{"index": {"_index":"list","_id":"2808197"}}
	{"id":2808197,"type":"buy","buyer":"senorcoconut","seller":"saachi.list","symbol":"LIST","quantity":"85.00000000","price":"0.00450000","timestamp":1645244937,"volume":"0.38250000","buyTxId":"aa0fcf49fcb526174d190bee23e54d24dfb9821b","sellTxId":"1e0164302abd90c61e072330ee272b517c572fb4"}
{"index": {"_index":"list","_id":"2808198"}}
	{"id":2808198,"type":"buy","buyer":"senorcoconut","seller":"brofi-market","symbol":"LIST","quantity":"4.52601119","price":"0.00450000","timestamp":1645244937,"volume":"0.02036705","buyTxId":"aa0fcf49fcb526174d190bee23e54d24dfb9821b","sellTxId":"8db5db398f66d90614d7f3dc96ed51444472f1a2"}
{"index": {"_index":"list","_id":"2808199"}}
	{"id":2808199,"type":"buy","buyer":"senorcoconut","seller":"dhedge-drips","symbol":"LIST","quantity":"0.42431355","price":"0.00450000","timestamp":1645244937,"volume":"0.00190941","buyTxId":"aa0fcf49fcb526174d190bee23e54d24dfb9821b","sellTxId":"3817ed3ccc95e8b540b7aa27f34acf8bb4397def"}
{"index": {"_index":"list","_id":"2808200"}}
	{"id":2808200,"type":"buy","buyer":"senorcoconut","seller":"ctpsb","symbol":"LIST","quantity":"4.89092052","price":"0.00450000","timestamp":1645244937,"volume":"0.02200914","buyTxId":"aa0fcf49fcb526174d190bee23e54d24dfb9821b","sellTxId":"9394bdf0c4653f0f452f9028b4e197c8c932fefb"}
{"index": {"_index":"list","_id":"2808342"}}
	{"id":2808342,"type":"sell","buyer":"thewycher","seller":"tonytrillions","symbol":"LIST","quantity":"10.00000000","price":"0.00420000","timestamp":1645246506,"volume":"0.04200000","buyTxId":"879f0a02620e753d09d948f24a811fcb661a4d41","sellTxId":"89f154d1faf16ca7d6343ed45ae7d5da5998df3f"}
{"index": {"_index":"list","_id":"2808343"}}
	{"id":2808343,"type":"sell","buyer":"thewycher","seller":"tonytrillions","symbol":"LIST","quantity":"20.00000000","price":"0.00420000","timestamp":1645246506,"volume":"0.08400000","buyTxId":"0705d0ba9ad18286a0854c30e4aa9678d6da848c","sellTxId":"89f154d1faf16ca7d6343ed45ae7d5da5998df3f"}
{"index": {"_index":"list","_id":"2808344"}}
	{"id":2808344,"type":"sell","buyer":"thewycher","seller":"tonytrillions","symbol":"LIST","quantity":"20.00000000","price":"0.00420000","timestamp":1645246506,"volume":"0.08400000","buyTxId":"8f9b54332f21e14bed1026b54325f589b0d59df9","sellTxId":"89f154d1faf16ca7d6343ed45ae7d5da5998df3f"}
{"index": {"_index":"list","_id":"2808345"}}
	{"id":2808345,"type":"sell","buyer":"pi-trader","seller":"tonytrillions","symbol":"LIST","quantity":"52.41943426","price":"0.00410003","timestamp":1645246506,"volume":"0.21492125","buyTxId":"fd0b5a1f2cfd6fa27dad797343cc963e3ca14b1c-1","sellTxId":"89f154d1faf16ca7d6343ed45ae7d5da5998df3f"}
{"index": {"_index":"list","_id":"2808599"}}
	{"id":2808599,"type":"buy","buyer":"thewycher","seller":"richardcrill","symbol":"LIST","quantity":"420.00000000","price":"0.00440000","timestamp":1645250502,"volume":"1.84800000","buyTxId":"97dd55d0d64a1e22f1263854b4ffc5f5365b83b6","sellTxId":"MM-P-14959485-61946979-3-8-0"}
{"index": {"_index":"list","_id":"2809202"}}
	{"id":2809202,"type":"sell","buyer":"thewycher","seller":"tonytrillions","symbol":"LIST","quantity":"0.0000241","price":"0.00420000","timestamp":1645259016,"volume":"0.00000010","buyTxId":"becc95a69e004d0e3b0aeebd3bfce262a0d49048","sellTxId":"0763bfb9ba574c05fdc11b8ce531f2021899ccc5"}
{"index": {"_index":"list","_id":"2810154"}}
	{"id":2810154,"type":"sell","buyer":"thewycher","seller":"brofi-market","symbol":"LIST","quantity":"3.51389486","price":"0.00420000","timestamp":1645273065,"volume":"0.01475836","buyTxId":"becc95a69e004d0e3b0aeebd3bfce262a0d49048","sellTxId":"0e0ca40c0e9a829561bea120b1afd1dacadd6119"}
{"index": {"_index":"list","_id":"2810170"}}
	{"id":2810170,"type":"buy","buyer":"genet","seller":"richardcrill","symbol":"LIST","quantity":"420.00000000","price":"0.00430000","timestamp":1645273119,"volume":"1.80600000","buyTxId":"d646a550f70fe68095bb2be47d7b500bc2e8aba4-0","sellTxId":"MM-P-14967054-61954556-3-8-0"}
{"index": {"_index":"list","_id":"2810216"}}
	{"id":2810216,"type":"buy","buyer":"genet","seller":"richardcrill","symbol":"LIST","quantity":"420.00000000","price":"0.00430000","timestamp":1645273419,"volume":"1.80600000","buyTxId":"81f9bc2bddf3edf55810d6fed5792516eb1e9b19-0","sellTxId":"MM-P-14967153-61954655-3-8-0"}
{"index": {"_index":"list","_id":"2810250"}}
	{"id":2810250,"type":"buy","buyer":"genet","seller":"richardcrill","symbol":"LIST","quantity":"420.00000000","price":"0.00430000","timestamp":1645273719,"volume":"1.80600000","buyTxId":"f65ed49e131ad9103befd3567182559a52fe9819-0","sellTxId":"MM-P-14967253-61954755-3-8-0"}
{"index": {"_index":"list","_id":"2810271"}}
	{"id":2810271,"type":"buy","buyer":"genet","seller":"richardcrill","symbol":"LIST","quantity":"420.00000000","price":"0.00430000","timestamp":1645274019,"volume":"1.80600000","buyTxId":"a5db2ef30bf2c6e2866f56edc531b909be1ef802-0","sellTxId":"MM-P-14967353-61954855-3-8-0"}
{"index": {"_index":"list","_id":"2810321"}}
	{"id":2810321,"type":"sell","buyer":"thewycher","seller":"dhedge-drips","symbol":"LIST","quantity":"0.32942765","price":"0.00420000","timestamp":1645274832,"volume":"0.00138360","buyTxId":"becc95a69e004d0e3b0aeebd3bfce262a0d49048","sellTxId":"16b43f23b1976a986afa2500c825b94f499c83aa"}
{"index": {"_index":"list","_id":"2810327"}}
	{"id":2810327,"type":"sell","buyer":"thewycher","seller":"richardcrill","symbol":"LIST","quantity":"6.15665339","price":"0.00420000","timestamp":1645274916,"volume":"0.02585794","buyTxId":"becc95a69e004d0e3b0aeebd3bfce262a0d49048","sellTxId":"MM-P-14967651-61955154-3-8-0"}
{"index": {"_index":"list","_id":"2810328"}}
	{"id":2810328,"type":"sell","buyer":"thewycher","seller":"richardcrill","symbol":"LIST","quantity":"20.00000000","price":"0.00420000","timestamp":1645274916,"volume":"0.08400000","buyTxId":"d91dfbbd32e1fdf34f21b1641eb2cb358f1092f6","sellTxId":"MM-P-14967651-61955154-3-8-0"}
{"index": {"_index":"list","_id":"2810329"}}
	{"id":2810329,"type":"sell","buyer":"thewycher","seller":"richardcrill","symbol":"LIST","quantity":"20.00000000","price":"0.00420000","timestamp":1645274916,"volume":"0.08400000","buyTxId":"14854e6df20c33f3276632ec69b62f0a4e400c9f","sellTxId":"MM-P-14967651-61955154-3-8-0"}
{"index": {"_index":"list","_id":"2810330"}}
	{"id":2810330,"type":"buy","buyer":"genet","seller":"richardcrill","symbol":"LIST","quantity":"373.84334661","price":"0.00420000","timestamp":1645274919,"volume":"1.57014206","buyTxId":"84494501effdc0a5800b3573c346e5d5a6610182-0","sellTxId":"MM-P-14967651-61955154-3-8-0"}
{"index": {"_index":"list","_id":"2810357"}}
	{"id":2810357,"type":"buy","buyer":"genet","seller":"richardcrill","symbol":"LIST","quantity":"420.00000000","price":"0.00420000","timestamp":1645275519,"volume":"1.76400000","buyTxId":"d4c32e6941d6d7d682a6adef0e3327530d3d71e8-0","sellTxId":"MM-P-14967851-61955354-3-8-0"}
{"index": {"_index":"list","_id":"2810396"}}
	{"id":2810396,"type":"buy","buyer":"genet","seller":"richardcrill","symbol":"LIST","quantity":"420.00000000","price":"0.00420000","timestamp":1645276119,"volume":"1.76400000","buyTxId":"1525403cf5322e2a6c7931f54be0b0e1c751ed29-0","sellTxId":"MM-P-14968050-61955553-3-8-0"}
{"index": {"_index":"list","_id":"2810446"}}
	{"id":2810446,"type":"buy","buyer":"genet","seller":"richardcrill","symbol":"LIST","quantity":"420.00000000","price":"0.00420000","timestamp":1645276719,"volume":"1.76400000","buyTxId":"96876b964f7997487c285021674ad1732618f52e-0","sellTxId":"MM-P-14968250-61955753-3-8-0"}
{"index": {"_index":"list","_id":"2810528"}}
	{"id":2810528,"type":"buy","buyer":"genet","seller":"richardcrill","symbol":"LIST","quantity":"420.00000000","price":"0.00420000","timestamp":1645277319,"volume":"1.76400000","buyTxId":"19f59bbb9e95c3a7f9f79d03c8d24653d83e3b07-0","sellTxId":"MM-P-14968449-61955952-3-8-0"}
{"index": {"_index":"list","_id":"2810620"}}
	{"id":2810620,"type":"buy","buyer":"genet","seller":"richardcrill","symbol":"LIST","quantity":"420.00000000","price":"0.00420000","timestamp":1645277919,"volume":"1.76400000","buyTxId":"1b2f2149e592d07c096fd63c779a91ab48f4ecb2-0","sellTxId":"MM-P-14968649-61956152-3-8-0"}
{"index": {"_index":"list","_id":"2810673"}}
	{"id":2810673,"type":"buy","buyer":"genet","seller":"richardcrill","symbol":"LIST","quantity":"420.00000000","price":"0.00420000","timestamp":1645278522,"volume":"1.76400000","buyTxId":"0ba73bcb7952a7824261e91a47bc825956c51a96-0","sellTxId":"MM-P-14968849-61956352-3-8-0"}
{"index": {"_index":"list","_id":"2811147"}}
	{"id":2811147,"type":"sell","buyer":"pi-trader","seller":"brofi-market","symbol":"LIST","quantity":"0.50490603","price":"0.00410001","timestamp":1645284360,"volume":"0.00207012","buyTxId":"03fed7280409b328688775f8ba77d919418ce306-1","sellTxId":"41c7152a78387f68cab3331b08c3b17ca061e219"}
{"index": {"_index":"list","_id":"2811364"}}
	{"id":2811364,"type":"buy","buyer":"genet","seller":"richardcrill","symbol":"LIST","quantity":"420.00000000","price":"0.00420000","timestamp":1645287219,"volume":"1.76400000","buyTxId":"83ebc7f93dfa85f080d4986eb5ec561ee019b9ac-0","sellTxId":"MM-P-14971737-61959245-3-8-0"}
{"index": {"_index":"list","_id":"2811432"}}
	{"id":2811432,"type":"buy","buyer":"genet","seller":"richardcrill","symbol":"LIST","quantity":"420.00000000","price":"0.00420000","timestamp":1645287819,"volume":"1.76400000","buyTxId":"f58a82f54404fe8537a35707efe62dc19a53e26e-0","sellTxId":"MM-P-14971936-61959445-3-8-0"}
{"index": {"_index":"list","_id":"2811485"}}
	{"id":2811485,"type":"buy","buyer":"genet","seller":"richardcrill","symbol":"LIST","quantity":"420.00000000","price":"0.00420000","timestamp":1645288419,"volume":"1.76400000","buyTxId":"b2b3c12d6feb8c4d478c6bcd4eb76baa2b5512df-0","sellTxId":"MM-P-14972134-61959643-3-8-0"}
{"index": {"_index":"list","_id":"2811551"}}
	{"id":2811551,"type":"buy","buyer":"genet","seller":"richardcrill","symbol":"LIST","quantity":"420.00000000","price":"0.00420000","timestamp":1645289019,"volume":"1.76400000","buyTxId":"66d3944f323d0a7352a390b8afbccad48e7476fd-0","sellTxId":"MM-P-14972333-61959842-3-8-0"}
{"index": {"_index":"list","_id":"2811618"}}
	{"id":2811618,"type":"buy","buyer":"genet","seller":"richardcrill","symbol":"LIST","quantity":"420.00000000","price":"0.00420000","timestamp":1645289619,"volume":"1.76400000","buyTxId":"ce766e87109c7276b119d28de6b383e456da82d9-0","sellTxId":"MM-P-14972532-61960042-3-8-0"}
{"index": {"_index":"list","_id":"2811685"}}
	{"id":2811685,"type":"buy","buyer":"genet","seller":"richardcrill","symbol":"LIST","quantity":"420.00000000","price":"0.00420000","timestamp":1645290219,"volume":"1.76400000","buyTxId":"72e2754693b444ca6b3abd89ecd53d4ffe59030c-0","sellTxId":"MM-P-14972730-61960241-3-8-0"}
{"index": {"_index":"list","_id":"2811766"}}
	{"id":2811766,"type":"buy","buyer":"genet","seller":"richardcrill","symbol":"LIST","quantity":"420.00000000","price":"0.00420000","timestamp":1645290819,"volume":"1.76400000","buyTxId":"3a46b4e66aa37a2be253e8d6d226af3d77bc8d91-0","sellTxId":"MM-P-14972930-61960441-3-8-0"}
{"index": {"_index":"list","_id":"2811780"}}
	{"id":2811780,"type":"sell","buyer":"pi-trader","seller":"devpress","symbol":"LIST","quantity":"1.61845781","price":"0.00410001","timestamp":1645290945,"volume":"0.00663569","buyTxId":"18043b6fc5c207dcb990128094067869c0e0f4df-3","sellTxId":"5aa00ab86def1e5e4e76be1a3ab4c1a6fb66967c"}
{"index": {"_index":"list","_id":"2811820"}}
	{"id":2811820,"type":"buy","buyer":"genet","seller":"richardcrill","symbol":"LIST","quantity":"420.00000000","price":"0.00420000","timestamp":1645291419,"volume":"1.76400000","buyTxId":"3b1587f4ba68edc55217dfc3c640012883629d42-0","sellTxId":"MM-P-14973130-61960641-3-8-0"}
{"index": {"_index":"list","_id":"2811879"}}
	{"id":2811879,"type":"buy","buyer":"genet","seller":"richardcrill","symbol":"LIST","quantity":"420.00000000","price":"0.00420000","timestamp":1645292019,"volume":"1.76400000","buyTxId":"aec88c3e66a0145a2393aa7e933c55bf2899f201-0","sellTxId":"MM-P-14973330-61960841-3-8-0"}
{"index": {"_index":"list","_id":"2811961"}}
	{"id":2811961,"type":"buy","buyer":"genet","seller":"richardcrill","symbol":"LIST","quantity":"420.00000000","price":"0.00420000","timestamp":1645292619,"volume":"1.76400000","buyTxId":"f67654b525d32afa1602d56c4f84860fe8944b0e-0","sellTxId":"MM-P-14973529-61961041-3-8-0"}
{"index": {"_index":"list","_id":"2812034"}}
	{"id":2812034,"type":"buy","buyer":"genet","seller":"richardcrill","symbol":"LIST","quantity":"420.00000000","price":"0.00420000","timestamp":1645293219,"volume":"1.76400000","buyTxId":"3a75991531d2916fd96d8a56f364079f8644378e-0","sellTxId":"MM-P-14973728-61961240-3-8-0"}
{"index": {"_index":"list","_id":"2812084"}}
	{"id":2812084,"type":"buy","buyer":"genet","seller":"richardcrill","symbol":"LIST","quantity":"420.00000000","price":"0.00420000","timestamp":1645293819,"volume":"1.76400000","buyTxId":"8c7d6040b2c9ea3056c02553f92b4250e295fd88-0","sellTxId":"MM-P-14973928-61961440-3-8-0"}
{"index": {"_index":"list","_id":"2812141"}}
	{"id":2812141,"type":"buy","buyer":"genet","seller":"richardcrill","symbol":"LIST","quantity":"420.00000000","price":"0.00420000","timestamp":1645294419,"volume":"1.76400000","buyTxId":"ed4f285b7e12a49455806397bfac4634e61213ec-0","sellTxId":"MM-P-14974127-61961639-3-8-0"}
{"index": {"_index":"list","_id":"2812193"}}
	{"id":2812193,"type":"buy","buyer":"genet","seller":"richardcrill","symbol":"LIST","quantity":"420.00000000","price":"0.00420000","timestamp":1645295019,"volume":"1.76400000","buyTxId":"64354139abe7ecc1435817522e29168cb6dec2f7-0","sellTxId":"MM-P-14974325-61961837-3-8-0"}
{"index": {"_index":"list","_id":"2812252"}}
	{"id":2812252,"type":"buy","buyer":"genet","seller":"richardcrill","symbol":"LIST","quantity":"420.00000000","price":"0.00420000","timestamp":1645295619,"volume":"1.76400000","buyTxId":"a5009232841e361b51adf2bfd6717d607967790d-0","sellTxId":"MM-P-14974524-61962036-3-8-0"}
{"index": {"_index":"list","_id":"2812302"}}
	{"id":2812302,"type":"buy","buyer":"genet","seller":"richardcrill","symbol":"LIST","quantity":"420.00000000","price":"0.00420000","timestamp":1645296219,"volume":"1.76400000","buyTxId":"b7d9e6d2b6cf8a970dbd2844bda73210066cca7a-0","sellTxId":"MM-P-14974724-61962236-3-8-0"}
{"index": {"_index":"list","_id":"2812325"}}
	{"id":2812325,"type":"sell","buyer":"pi-trader","seller":"dhedge-drips","symbol":"LIST","quantity":"0.04733493","price":"0.00410001","timestamp":1645296441,"volume":"0.00019407","buyTxId":"866d249bf1cd8d22f65346695d6f47b397ca4dd8-5","sellTxId":"6ca67fde21dc03b60adacd33cff1d2f74c9cb1a0"}
{"index": {"_index":"list","_id":"2812355"}}
	{"id":2812355,"type":"buy","buyer":"genet","seller":"richardcrill","symbol":"LIST","quantity":"420.00000000","price":"0.00420000","timestamp":1645296819,"volume":"1.76400000","buyTxId":"e098ecd88600b07ee18bde520ec2ee51cf2ff471-0","sellTxId":"MM-P-14974924-61962436-3-8-0"}
{"index": {"_index":"list","_id":"2812601"}}
	{"id":2812601,"type":"sell","buyer":"pi-trader","seller":"mateodm03","symbol":"LIST","quantity":"9.20000000","price":"0.00410001","timestamp":1645300326,"volume":"0.03772009","buyTxId":"ed10650e4a5e1577ecaa3021cd7932e2e96a22ce-1","sellTxId":"e313dc5ddb730ab1b82bc99c452c11339021f46f"}
{"index": {"_index":"list","_id":"2813650"}}
	{"id":2813650,"type":"sell","buyer":"thewycher","seller":"mairapanelo","symbol":"LIST","quantity":"9.54130807","price":"0.00410002","timestamp":1645315065,"volume":"0.03911955","buyTxId":"8f87476c8a9738323ab32fe45600289042b49f81","sellTxId":"b1b38a6b00a2e4a4e04375714043434d0c21c1e5"}
{"index": {"_index":"list","_id":"2813665"}}
	{"id":2813665,"type":"sell","buyer":"thewycher","seller":"alfarero","symbol":"LIST","quantity":"1.05287850","price":"0.00410002","timestamp":1645315161,"volume":"0.00431682","buyTxId":"8f87476c8a9738323ab32fe45600289042b49f81","sellTxId":"d6edf260b847f542ee9d0334945ff1203981bf26"}
{"index": {"_index":"list","_id":"2813782"}}
	{"id":2813782,"type":"buy","buyer":"thewycher","seller":"richardcrill","symbol":"LIST","quantity":"95.52726000","price":"0.00420000","timestamp":1645316454,"volume":"0.40121449","buyTxId":"d0e4a5f873f2647ea4e51bb5bdd45aa4273d8d3c","sellTxId":"MM-P-14981403-61968921-3-8-0"}
{"index": {"_index":"list","_id":"2814536"}}
	{"id":2814536,"type":"buy","buyer":"thewycher","seller":"richardcrill","symbol":"LIST","quantity":"66.11039100","price":"0.00420000","timestamp":1645326060,"volume":"0.27766364","buyTxId":"37a96035b2b18447c8e04086f92ad31cbdc3e5d9","sellTxId":"MM-P-14984594-61972113-3-8-0"}
{"index": {"_index":"list","_id":"2814668"}}
	{"id":2814668,"type":"sell","buyer":"thewycher","seller":"mdrasel442","symbol":"LIST","quantity":"9.40581343","price":"0.00410002","timestamp":1645328796,"volume":"0.03856402","buyTxId":"8f87476c8a9738323ab32fe45600289042b49f81","sellTxId":"e73839613f91d79d3774a7c06d28007bf29f0457"}
{"index": {"_index":"list","_id":"2814669"}}
	{"id":2814669,"type":"sell","buyer":"thewycher","seller":"mdrasel442","symbol":"LIST","quantity":"20.00000000","price":"0.00410002","timestamp":1645328796,"volume":"0.08200040","buyTxId":"7f7f314b8bca10323ea724f562a3832b05abb669","sellTxId":"e73839613f91d79d3774a7c06d28007bf29f0457"}
{"index": {"_index":"list","_id":"2814670"}}
	{"id":2814670,"type":"sell","buyer":"thewycher","seller":"mdrasel442","symbol":"LIST","quantity":"20.00000000","price":"0.00410002","timestamp":1645328796,"volume":"0.08200040","buyTxId":"ac7beeb92a00077a633a188f45a017aed8671579","sellTxId":"e73839613f91d79d3774a7c06d28007bf29f0457"}
