{"index": {"_index":"list","_id":"1976631"}}
	{"id":1976631,"type":"buy","buyer":"freevoluntarist","seller":"brofi-market","symbol":"LIST","quantity":"0.21000000","price":"0.02780000","timestamp":1636850571,"volume":"0.00583800","buyTxId":"59bd85c756ac15333e22d4edd77b6e03147aa803","sellTxId":"cf802e192ca06ff86a8f7b7dbf53fe09f08d1ab7"}
{"index": {"_index":"list","_id":"1976659"}}
	{"id":1976659,"type":"sell","buyer":"kobusu","seller":"dhedge-drips","symbol":"LIST","quantity":"0.01101120","price":"0.02200000","timestamp":1636850817,"volume":"0.00024225","buyTxId":"ca5998d6a629c92b89ab2a0eb549170668e74ff8","sellTxId":"c13171901b8d7c68c7a6368a46c7eb7b04b336e4"}
{"index": {"_index":"list","_id":"1976910"}}
	{"id":1976910,"type":"sell","buyer":"kobusu","seller":"justinparke","symbol":"LIST","quantity":"7.5323252","price":"0.02200000","timestamp":1636852998,"volume":"0.16571115","buyTxId":"ca5998d6a629c92b89ab2a0eb549170668e74ff8","sellTxId":"86f8657aa31e011bd6067a4feda6842265678e13"}
{"index": {"_index":"list","_id":"1976982"}}
	{"id":1976982,"type":"buy","buyer":"blockchainleo","seller":"brofi-market","symbol":"LIST","quantity":"0.21996914","price":"0.02780000","timestamp":1636853499,"volume":"0.00611514","buyTxId":"ec94ba619a293f01243a22cf08ea1cb3d49a46be","sellTxId":"cf802e192ca06ff86a8f7b7dbf53fe09f08d1ab7"}
{"index": {"_index":"list","_id":"1976983"}}
	{"id":1976983,"type":"buy","buyer":"blockchainleo","seller":"dhedge-drips","symbol":"LIST","quantity":"0.04030960","price":"0.02780000","timestamp":1636853529,"volume":"0.00112061","buyTxId":"fa7b635ef6dc5d229870ef7af26026a1f1b14a1c","sellTxId":"2c70ab3d0fc17049f2d13b2df95d4d880b155d2b"}
{"index": {"_index":"list","_id":"1976986"}}
	{"id":1976986,"type":"buy","buyer":"blockchainleo","seller":"brofi-market","symbol":"LIST","quantity":"0.11745269","price":"0.02780000","timestamp":1636853559,"volume":"0.00326518","buyTxId":"4b62c9a02becf906f1b8757d3948746def66603c","sellTxId":"0db5cd6a42c6c64de15170d6bbaa644758d4f868"}
{"index": {"_index":"list","_id":"1976987"}}
	{"id":1976987,"type":"buy","buyer":"blockchainleo","seller":"ganjafarmer","symbol":"LIST","quantity":"0.63368900","price":"0.02780000","timestamp":1636853559,"volume":"0.01761655","buyTxId":"4b62c9a02becf906f1b8757d3948746def66603c","sellTxId":"e588f6edcf40e16071069eadea01686ec8c920b3"}
{"index": {"_index":"list","_id":"1976988"}}
	{"id":1976988,"type":"buy","buyer":"blockchainleo","seller":"dhedge-drips","symbol":"LIST","quantity":"0.01101120","price":"0.02780000","timestamp":1636853559,"volume":"0.00030611","buyTxId":"4b62c9a02becf906f1b8757d3948746def66603c","sellTxId":"bfe7e190d72e8f58f9b3fc4ca9391c1c3983012a"}
{"index": {"_index":"list","_id":"1977401"}}
	{"id":1977401,"type":"sell","buyer":"blockchainleo","seller":"thelogicaldude","symbol":"LIST","quantity":"0.23784711","price":"0.02780000","timestamp":1636858236,"volume":"0.00661215","buyTxId":"4b62c9a02becf906f1b8757d3948746def66603c","sellTxId":"MM-P-12170498-59156625-3-0-0"}
{"index": {"_index":"list","_id":"1977652"}}
	{"id":1977652,"type":"sell","buyer":"kobusu","seller":"pablodare","symbol":"LIST","quantity":"19.70351901","price":"0.02200000","timestamp":1636861530,"volume":"0.43347742","buyTxId":"ca5998d6a629c92b89ab2a0eb549170668e74ff8","sellTxId":"56fd3cc89fe4335108a3da75958bf24490f90027"}
{"index": {"_index":"list","_id":"1978470"}}
	{"id":1978470,"type":"sell","buyer":"kobusu","seller":"devpress","symbol":"LIST","quantity":"19.00852138","price":"0.02200000","timestamp":1636870428,"volume":"0.41818747","buyTxId":"ca5998d6a629c92b89ab2a0eb549170668e74ff8","sellTxId":"41cdc928ae543ff6e07372c8894b867b868953b5"}
{"index": {"_index":"list","_id":"1978560"}}
	{"id":1978560,"type":"sell","buyer":"kobusu","seller":"esmeesmith","symbol":"LIST","quantity":"5.81656506","price":"0.02200000","timestamp":1636870869,"volume":"0.12796443","buyTxId":"ca5998d6a629c92b89ab2a0eb549170668e74ff8","sellTxId":"2af6c2bd27aad412db22ec48da47975e8711dcc7"}
{"index": {"_index":"list","_id":"1979341"}}
	{"id":1979341,"type":"sell","buyer":"kobusu","seller":"brofi-market","symbol":"LIST","quantity":"1.68911447","price":"0.02200000","timestamp":1636877439,"volume":"0.03716052","buyTxId":"ca5998d6a629c92b89ab2a0eb549170668e74ff8","sellTxId":"5ae54bbb482dc2c3c248585b8069dc256ef2eaa7"}
{"index": {"_index":"list","_id":"1980873"}}
	{"id":1980873,"type":"sell","buyer":"kobusu","seller":"buildahouse","symbol":"LIST","quantity":"0.08600000","price":"0.02200000","timestamp":1636891710,"volume":"0.00189200","buyTxId":"ca5998d6a629c92b89ab2a0eb549170668e74ff8","sellTxId":"e3eb85433d57d96fe968ed7ff3f435051f46fc9e"}
{"index": {"_index":"list","_id":"1980952"}}
	{"id":1980952,"type":"sell","buyer":"kobusu","seller":"brofi-market","symbol":"LIST","quantity":"0.47988004","price":"0.02200000","timestamp":1636892052,"volume":"0.01055736","buyTxId":"ca5998d6a629c92b89ab2a0eb549170668e74ff8","sellTxId":"85e9e2edde90b90e15c27c9929ef4869168d43e9"}
{"index": {"_index":"list","_id":"1981133"}}
	{"id":1981133,"type":"sell","buyer":"kobusu","seller":"tonytrillions","symbol":"LIST","quantity":"0.02059916","price":"0.02200000","timestamp":1636893324,"volume":"0.00045318","buyTxId":"ca5998d6a629c92b89ab2a0eb549170668e74ff8","sellTxId":"4c6b235a8bf5fb19a2d46b1720e89118f7e973ea"}
{"index": {"_index":"list","_id":"1981251"}}
	{"id":1981251,"type":"sell","buyer":"kobusu","seller":"dhedge-drips","symbol":"LIST","quantity":"0.15835446","price":"0.02200000","timestamp":1636894047,"volume":"0.00348380","buyTxId":"ca5998d6a629c92b89ab2a0eb549170668e74ff8","sellTxId":"3a30e53ef2e74ac9b975a79f0fdeed5e32dfa536"}
{"index": {"_index":"list","_id":"1981840"}}
	{"id":1981840,"type":"sell","buyer":"pi-trader","seller":"blainjones","symbol":"LIST","quantity":"300.00000000","price":"0.02200001","timestamp":1636899141,"volume":"6.60000300","buyTxId":"c547cafbc4fc13d0b0ebcec1fc7e32760afa1327-9","sellTxId":"e644fbabed0a82e7a657eb40de40ce8de32a95f5"}
{"index": {"_index":"list","_id":"1981841"}}
	{"id":1981841,"type":"sell","buyer":"kobusu","seller":"blainjones","symbol":"LIST","quantity":"500.35536235","price":"0.02200000","timestamp":1636899141,"volume":"11.00781797","buyTxId":"ca5998d6a629c92b89ab2a0eb549170668e74ff8","sellTxId":"e644fbabed0a82e7a657eb40de40ce8de32a95f5"}
{"index": {"_index":"list","_id":"1981842"}}
	{"id":1981842,"type":"sell","buyer":"kobusu","seller":"blainjones","symbol":"LIST","quantity":"36.08022648","price":"0.02200000","timestamp":1636899141,"volume":"0.79376498","buyTxId":"317ec449558d3933846949cec703ab4461262f23","sellTxId":"e644fbabed0a82e7a657eb40de40ce8de32a95f5"}
{"index": {"_index":"list","_id":"1981862"}}
	{"id":1981862,"type":"sell","buyer":"pi-trader","seller":"magnacarta","symbol":"LIST","quantity":"0.000001","price":"0.02200001","timestamp":1636899405,"volume":"0.00000002","buyTxId":"927fab1295169ad007a7c459d1b1c69f0e9ad19e-5","sellTxId":"baa5fb623576d40e53c251a0ada6935c172a4a15"}
{"index": {"_index":"list","_id":"1982063"}}
	{"id":1982063,"type":"sell","buyer":"pi-trader","seller":"magnacarta.buzz","symbol":"LIST","quantity":"0.00011665","price":"0.02200001","timestamp":1636900812,"volume":"0.00000257","buyTxId":"28edbf7c0a0c1ff50e10dda9482e8cc1d82fb69b-3","sellTxId":"e8569d08002f77eb813f2be3e56a5b61b4a4b205"}
{"index": {"_index":"list","_id":"1982731"}}
	{"id":1982731,"type":"sell","buyer":"pi-trader","seller":"gaming-for-fun","symbol":"LIST","quantity":"0.29898010","price":"0.02200001","timestamp":1636906620,"volume":"0.00657757","buyTxId":"3b096368d482088270d019b5d6f77130385296b1-1","sellTxId":"9cb39616f1bbfaac75390fa6dedf757a34611703"}
{"index": {"_index":"list","_id":"1984398"}}
	{"id":1984398,"type":"sell","buyer":"kobusu","seller":"dhedge-drips","symbol":"LIST","quantity":"0.04498876","price":"0.02200000","timestamp":1636915602,"volume":"0.00098975","buyTxId":"317ec449558d3933846949cec703ab4461262f23","sellTxId":"8915c1dddab598c1c7fced737d666f5110310aed"}
{"index": {"_index":"list","_id":"1985180"}}
	{"id":1985180,"type":"sell","buyer":"kobusu","seller":"uyobong","symbol":"LIST","quantity":"82.67805715","price":"0.02200000","timestamp":1636919022,"volume":"1.81891726","buyTxId":"317ec449558d3933846949cec703ab4461262f23","sellTxId":"7a99a252e86385122d6888f139c78c2e408c17a6"}
{"index": {"_index":"list","_id":"1985703"}}
	{"id":1985703,"type":"sell","buyer":"kobusu","seller":"droida","symbol":"LIST","quantity":"0.00104388","price":"0.02200000","timestamp":1636922316,"volume":"0.00002297","buyTxId":"317ec449558d3933846949cec703ab4461262f23","sellTxId":"b8a81c354c89c29a04cec11720e16d7c54209aca"}
{"index": {"_index":"list","_id":"1986051"}}
	{"id":1986051,"type":"sell","buyer":"kobusu","seller":"charityball","symbol":"LIST","quantity":"62.56483333","price":"0.02200000","timestamp":1636924668,"volume":"1.37642633","buyTxId":"317ec449558d3933846949cec703ab4461262f23","sellTxId":"98aac15433da5868bc1795f82e590bdddd34c6c1"}
{"index": {"_index":"list","_id":"1987103"}}
	{"id":1987103,"type":"sell","buyer":"kobusu","seller":"thatcryptodave","symbol":"LIST","quantity":"1.24320600","price":"0.02200000","timestamp":1636933059,"volume":"0.02735053","buyTxId":"317ec449558d3933846949cec703ab4461262f23","sellTxId":"ebf4a7537232c66f8fae64ae373ae82a00e0825a"}
{"index": {"_index":"list","_id":"1987258"}}
	{"id":1987258,"type":"sell","buyer":"kobusu","seller":"chireerocks.list","symbol":"LIST","quantity":"25.03520488","price":"0.02200000","timestamp":1636934685,"volume":"0.55077451","buyTxId":"317ec449558d3933846949cec703ab4461262f23","sellTxId":"637873b873a69a6c15ee7a11327fe333b3c3437a"}
