{"index": {"_index":"list","_id":"1493010"}}
	{"id":1493010,"type":"sell","buyer":"thelogicaldude","seller":"jorgecitoxxxx","symbol":"LIST","quantity":"2.62290728","price":"0.01410000","timestamp":1630993203,"volume":"0.03698299","buyTxId":"MM-P-10216551-57200456-3-0-0","sellTxId":"d4f45ab529ffac16e3b9dc3b0c9b673ce4ee7a5d"}
{"index": {"_index":"list","_id":"1493556"}}
	{"id":1493556,"type":"sell","buyer":"thelogicaldude","seller":"itharagaian","symbol":"LIST","quantity":"0.13230000","price":"0.01410000","timestamp":1631005224,"volume":"0.00186543","buyTxId":"MM-P-10216551-57200456-3-0-0","sellTxId":"9a9593b8c17a2fc3a32a7a6158ffdc03973ec90d"}
{"index": {"_index":"list","_id":"1493644"}}
	{"id":1493644,"type":"sell","buyer":"thelogicaldude","seller":"hive-143869","symbol":"LIST","quantity":"0.83300000","price":"0.01410000","timestamp":1631007198,"volume":"0.01174530","buyTxId":"MM-P-10216551-57200456-3-0-0","sellTxId":"dddef7efda8729885eb6d172c426707a7f03f035"}
{"index": {"_index":"list","_id":"1493670"}}
	{"id":1493670,"type":"sell","buyer":"thelogicaldude","seller":"repayme4568","symbol":"LIST","quantity":"92.25111100","price":"0.01410000","timestamp":1631007837,"volume":"1.30074067","buyTxId":"MM-P-10216551-57200456-3-0-0","sellTxId":"9ea5a8cf1719b22598dc223a02f9dbe2d06de7a5"}
{"index": {"_index":"list","_id":"1493838"}}
	{"id":1493838,"type":"sell","buyer":"thelogicaldude","seller":"tonytrillions","symbol":"LIST","quantity":"0.03586598","price":"0.01410000","timestamp":1631010696,"volume":"0.00050571","buyTxId":"MM-P-10216551-57200456-3-0-0","sellTxId":"490c6b559fbef9353615ddc42e0191de4d5f0f07"}
{"index": {"_index":"list","_id":"1494375"}}
	{"id":1494375,"type":"sell","buyer":"thelogicaldude","seller":"pablodare","symbol":"LIST","quantity":"1.60067711","price":"0.01410000","timestamp":1631020371,"volume":"0.02256955","buyTxId":"MM-P-10216551-57200456-3-0-0","sellTxId":"2ce8606ce89fe35c7357ee8e13ddb5de4f47e644"}
{"index": {"_index":"list","_id":"1494394"}}
	{"id":1494394,"type":"sell","buyer":"thelogicaldude","seller":"pablodare","symbol":"LIST","quantity":"2.65991915","price":"0.01410000","timestamp":1631020584,"volume":"0.03750486","buyTxId":"MM-P-10216551-57200456-3-0-0","sellTxId":"edb923a3db289dedef1895ad8be5067c9971bc9b"}
{"index": {"_index":"list","_id":"1494492"}}
	{"id":1494492,"type":"sell","buyer":"thelogicaldude","seller":"tonytrillions","symbol":"LIST","quantity":"0.08550000","price":"0.01410000","timestamp":1631022429,"volume":"0.00120555","buyTxId":"MM-P-10216551-57200456-3-0-0","sellTxId":"f75c1aa237a8c1c4422315ebccd2f7b3ef66d77c"}
{"index": {"_index":"list","_id":"1494659"}}
	{"id":1494659,"type":"sell","buyer":"thelogicaldude","seller":"esmeesmith","symbol":"LIST","quantity":"1.81943143","price":"0.01410000","timestamp":1631025213,"volume":"0.02565398","buyTxId":"MM-P-10216551-57200456-3-0-0","sellTxId":"2671e5f172423e4dfea05352547d19b9adf2575d"}
{"index": {"_index":"list","_id":"1494943"}}
	{"id":1494943,"type":"sell","buyer":"thelogicaldude","seller":"lebah","symbol":"LIST","quantity":"20.00000000","price":"0.01410000","timestamp":1631028708,"volume":"0.28200000","buyTxId":"MM-P-10216551-57200456-3-0-0","sellTxId":"259f693f41cc0b550a36f15227dd77311d094272"}
{"index": {"_index":"list","_id":"1495352"}}
	{"id":1495352,"type":"sell","buyer":"thelogicaldude","seller":"rishi556","symbol":"LIST","quantity":"0.00001921","price":"0.01410000","timestamp":1631032782,"volume":"0.00000027","buyTxId":"MM-P-10216551-57200456-3-0-0","sellTxId":"ff1bddcb8e99d8d3521850749e532c0d07854b7f-2"}
{"index": {"_index":"list","_id":"1495804"}}
	{"id":1495804,"type":"sell","buyer":"thelogicaldude","seller":"aiovo","symbol":"LIST","quantity":"255.00000000","price":"0.01410000","timestamp":1631038329,"volume":"3.59550000","buyTxId":"MM-P-10216551-57200456-3-0-0","sellTxId":"bcc55d7bd35b34cc68f932e0c11cc5dbf46bba85"}
{"index": {"_index":"list","_id":"1496247"}}
	{"id":1496247,"type":"sell","buyer":"thelogicaldude","seller":"brofi-market","symbol":"LIST","quantity":"0.40770212","price":"0.01410000","timestamp":1631045325,"volume":"0.00574860","buyTxId":"MM-P-10216551-57200456-3-0-0","sellTxId":"f2a4c056b699ce05c76f6d975fbd796dc6293500"}
{"index": {"_index":"list","_id":"1496267"}}
	{"id":1496267,"type":"sell","buyer":"thelogicaldude","seller":"droida","symbol":"LIST","quantity":"0.00104277","price":"0.01410000","timestamp":1631045520,"volume":"0.00001470","buyTxId":"MM-P-10216551-57200456-3-0-0","sellTxId":"351d4b712bac08c09120adfcfe348cade2479193"}
{"index": {"_index":"list","_id":"1497028"}}
	{"id":1497028,"type":"sell","buyer":"thelogicaldude","seller":"morzex","symbol":"LIST","quantity":"23.41505900","price":"0.01410000","timestamp":1631059029,"volume":"0.33015233","buyTxId":"MM-P-10216551-57200456-3-0-0","sellTxId":"75eade4baf5978e5f563f8409cdc776d9fa7de79"}
{"index": {"_index":"list","_id":"1497306"}}
	{"id":1497306,"type":"sell","buyer":"thelogicaldude","seller":"dhedge-drips","symbol":"LIST","quantity":"0.03822185","price":"0.01410000","timestamp":1631062020,"volume":"0.00053893","buyTxId":"MM-P-10216551-57200456-3-0-0","sellTxId":"cef871dd31fcb0ce7b2fc93ee900f992e1ab0b01"}
