{"index": {"_index":"list","_id":"2058336"}}
	{"id":2058336,"type":"sell","buyer":"kobusu","seller":"valchiz","symbol":"LIST","quantity":"431.00000000","price":"0.02200000","timestamp":1637475717,"volume":"9.48200000","buyTxId":"1cfead9c607d5e85dcbefae38a49f7625473237f","sellTxId":"103660532b60b0671674c17fd33cb19871762b3d"}
{"index": {"_index":"list","_id":"2059062"}}
	{"id":2059062,"type":"buy","buyer":"kobusu","seller":"blainjones","symbol":"LIST","quantity":"835.00000000","price":"0.02570000","timestamp":1637484291,"volume":"21.45950000","buyTxId":"db6ea5fc1e2d812ac6e936d7741db8049d42e97b","sellTxId":"1c6651ae9cf4a08e165cec6ec7223fcfb14e37ba"}
{"index": {"_index":"list","_id":"2059873"}}
	{"id":2059873,"type":"sell","buyer":"kobusu","seller":"ambrosechappel","symbol":"LIST","quantity":"3.06156322","price":"0.02200000","timestamp":1637492718,"volume":"0.06735439","buyTxId":"1cfead9c607d5e85dcbefae38a49f7625473237f","sellTxId":"a6f50ef088182e65594f26fa280bbce8a9850cd2"}
{"index": {"_index":"list","_id":"2061352"}}
	{"id":2061352,"type":"sell","buyer":"kobusu","seller":"mba2020","symbol":"LIST","quantity":"0.79985489","price":"0.02200000","timestamp":1637504745,"volume":"0.01759681","buyTxId":"1cfead9c607d5e85dcbefae38a49f7625473237f","sellTxId":"ebd1f10ed7dbe20aed3080937e359b5257d540e6"}
{"index": {"_index":"list","_id":"2061802"}}
	{"id":2061802,"type":"sell","buyer":"kobusu","seller":"chireerocks","symbol":"LIST","quantity":"1.87773000","price":"0.02200000","timestamp":1637509545,"volume":"0.04131006","buyTxId":"1cfead9c607d5e85dcbefae38a49f7625473237f","sellTxId":"fb4bcee2081fa7302d68a322d015640a337502af"}
{"index": {"_index":"list","_id":"2063155"}}
	{"id":2063155,"type":"sell","buyer":"kobusu","seller":"uyobong","symbol":"LIST","quantity":"49.81570432","price":"0.02200000","timestamp":1637518698,"volume":"1.09594550","buyTxId":"1cfead9c607d5e85dcbefae38a49f7625473237f","sellTxId":"a3e4e4c8b1d88985ea4b309452f6ec64b22f035b"}
{"index": {"_index":"list","_id":"2063347"}}
	{"id":2063347,"type":"sell","buyer":"kobusu","seller":"devpress","symbol":"LIST","quantity":"19.00852141","price":"0.02200000","timestamp":1637520105,"volume":"0.41818747","buyTxId":"1cfead9c607d5e85dcbefae38a49f7625473237f","sellTxId":"cb1b04cca1914ada80c3974b520379034be8eae4"}
{"index": {"_index":"list","_id":"2063625"}}
	{"id":2063625,"type":"sell","buyer":"kobusu","seller":"supriya.gupta","symbol":"LIST","quantity":"22.00000000","price":"0.02200000","timestamp":1637521941,"volume":"0.48400000","buyTxId":"1cfead9c607d5e85dcbefae38a49f7625473237f","sellTxId":"e738184ecf8908acd67268c4cfe137275936e868"}
{"index": {"_index":"list","_id":"2065392"}}
	{"id":2065392,"type":"sell","buyer":"kobusu","seller":"magnacarta","symbol":"LIST","quantity":"0.000001","price":"0.02200000","timestamp":1637541228,"volume":"0.00000002","buyTxId":"1cfead9c607d5e85dcbefae38a49f7625473237f","sellTxId":"9ac8f8972ed9aa42ab733a2dd100c7e4ed08cf9d"}
{"index": {"_index":"list","_id":"2065503"}}
	{"id":2065503,"type":"sell","buyer":"kobusu","seller":"dhedge-drips","symbol":"LIST","quantity":"0.14567364","price":"0.02200000","timestamp":1637542059,"volume":"0.00320482","buyTxId":"1cfead9c607d5e85dcbefae38a49f7625473237f","sellTxId":"ad98bab235d8c9aed2e6cecc39fdb72696b94875"}
{"index": {"_index":"list","_id":"2065904"}}
	{"id":2065904,"type":"buy","buyer":"curatorcat.leo","seller":"droida","symbol":"LIST","quantity":"0.00104411","price":"0.02499999","timestamp":1637546724,"volume":"0.00002610","buyTxId":"0b913178f5bee63ab635c388883c4c56e0954bd6","sellTxId":"1fedcedca391c04b97448d720f512c1d83b258da"}
{"index": {"_index":"list","_id":"2065905"}}
	{"id":2065905,"type":"buy","buyer":"curatorcat.leo","seller":"dhedge-drips","symbol":"LIST","quantity":"0.14567364","price":"0.02499999","timestamp":1637546724,"volume":"0.00364184","buyTxId":"0b913178f5bee63ab635c388883c4c56e0954bd6","sellTxId":"e78a2a0f16a0d5bb6f6fe7e9ff64e981598cd2b0"}
{"index": {"_index":"list","_id":"2065909"}}
	{"id":2065909,"type":"buy","buyer":"curatorcat.leo","seller":"technocrypton","symbol":"LIST","quantity":"3.07434807","price":"0.02500000","timestamp":1637546811,"volume":"0.07685870","buyTxId":"cb82216a3605bfc57da7639c14962f0402933234","sellTxId":"c2f8b74abeae12f3fec96ead3ff96745a0269551"}
{"index": {"_index":"list","_id":"2066382"}}
	{"id":2066382,"type":"sell","buyer":"sbi-tokens","seller":"svirus","symbol":"LIST","quantity":"121.00000000","price":"0.02300000","timestamp":1637552274,"volume":"2.78300000","buyTxId":"9ee83edfaf18ccaae2d9ae1e3d12572fc9041d40","sellTxId":"2e6f6590aac05a69a6000ebee0ef8035d9ae5a68-1"}
