{"index": {"_index":"list","_id":"1156281"}}
	{"id":1156281,"type":"sell","buyer":"thelogicaldude","seller":"dinta13","symbol":"LIST","quantity":"0.00340861","price":"0.01210000","timestamp":1624135500,"volume":"0.00004124","buyTxId":"MM-P-7933222-54909915-3-0-0","sellTxId":"6d57921f8a2aa3ff0e62220c5d77121b023d4638"}
{"index": {"_index":"list","_id":"1157140"}}
	{"id":1157140,"type":"sell","buyer":"thelogicaldude","seller":"charityball","symbol":"LIST","quantity":"86.02805881","price":"0.01210000","timestamp":1624168578,"volume":"1.04093951","buyTxId":"MM-P-7933222-54909915-3-0-0","sellTxId":"e2623c80cb9232f1d80cf28d99431b7d91ac8f9d"}
{"index": {"_index":"list","_id":"1157273"}}
	{"id":1157273,"type":"sell","buyer":"thelogicaldude","seller":"ctpsb","symbol":"LIST","quantity":"10.00000000","price":"0.01210000","timestamp":1624175220,"volume":"0.12100000","buyTxId":"MM-P-7933222-54909915-3-0-0","sellTxId":"a4b117b8fafb9a3973ec513a414bc8a461ed26ba"}
{"index": {"_index":"list","_id":"1157287"}}
	{"id":1157287,"type":"sell","buyer":"thelogicaldude","seller":"brofi-market","symbol":"LIST","quantity":"1.06310191","price":"0.01210000","timestamp":1624175310,"volume":"0.01286353","buyTxId":"MM-P-7933222-54909915-3-0-0","sellTxId":"96f0b77267ed94f913e3f58619e5e39307a27ca9"}
{"index": {"_index":"list","_id":"1157519"}}
	{"id":1157519,"type":"sell","buyer":"thelogicaldude","seller":"tonytrillions","symbol":"LIST","quantity":"0.00083487","price":"0.01210000","timestamp":1624185927,"volume":"0.00001010","buyTxId":"MM-P-7933222-54909915-3-0-0","sellTxId":"cfb6aad25b7fff0c97cd4815e5e3f3ce10b1c77b"}
{"index": {"_index":"list","_id":"1157926"}}
	{"id":1157926,"type":"sell","buyer":"thelogicaldude","seller":"chireerocks","symbol":"LIST","quantity":"34.55804582","price":"0.01210000","timestamp":1624198860,"volume":"0.41815235","buyTxId":"MM-P-7933222-54909915-3-0-0","sellTxId":"02724b753dd817f32b13a77ab90a7caf48bddba9"}
{"index": {"_index":"list","_id":"1157992"}}
	{"id":1157992,"type":"sell","buyer":"thelogicaldude","seller":"crypto133","symbol":"LIST","quantity":"168.79766278","price":"0.01210000","timestamp":1624202409,"volume":"2.04245172","buyTxId":"MM-P-7933222-54909915-3-0-0","sellTxId":"1cfe454bb7c57b67ff54d8536a7dec9d735dbb7b"}
{"index": {"_index":"list","_id":"1158094"}}
	{"id":1158094,"type":"sell","buyer":"thelogicaldude","seller":"rishi556","symbol":"LIST","quantity":"0.00009513","price":"0.01210000","timestamp":1624205550,"volume":"0.00000115","buyTxId":"MM-P-7933222-54909915-3-0-0","sellTxId":"eb8d7eaa08f2baf5d4294ae2a8966c168f1f46a2-3"}
{"index": {"_index":"list","_id":"1158185"}}
	{"id":1158185,"type":"sell","buyer":"thelogicaldude","seller":"pablodare","symbol":"LIST","quantity":"20.10792527","price":"0.01210000","timestamp":1624208400,"volume":"0.24330590","buyTxId":"MM-P-7933222-54909915-3-0-0","sellTxId":"c89d285193da1c16d0bc24fa55eb1bf75b334909"}
{"index": {"_index":"list","_id":"1158194"}}
	{"id":1158194,"type":"sell","buyer":"thelogicaldude","seller":"charityball","symbol":"LIST","quantity":"29.73763065","price":"0.01210000","timestamp":1624208928,"volume":"0.35982533","buyTxId":"MM-P-7933222-54909915-3-0-0","sellTxId":"bd4c6015a9742c1f6f16b8864b5780881a8cf056"}
{"index": {"_index":"list","_id":"1158374"}}
	{"id":1158374,"type":"sell","buyer":"thelogicaldude","seller":"rishi556","symbol":"LIST","quantity":"4.2e-7","price":"0.01210000","timestamp":1624211964,"volume":"0.00000001","buyTxId":"MM-P-7933222-54909915-3-0-0","sellTxId":"a5c6d6c71802a6da16e735085dc13c283abd6d3f-3"}
{"index": {"_index":"list","_id":"1158582"}}
	{"id":1158582,"type":"sell","buyer":"thelogicaldude","seller":"thatsweeneyguy","symbol":"LIST","quantity":"75.63205219","price":"0.01210000","timestamp":1624218231,"volume":"0.91514783","buyTxId":"MM-P-7933222-54909915-3-0-0","sellTxId":"5d4fb971f1fee4fe1b9d02c1971aeff1896c8c3d"}
