{"index": {"_index":"list","_id":"2908732"}}
	{"id":2908732,"type":"sell","buyer":"pi-trader","seller":"andy-plays","symbol":"LIST","quantity":"3.00000000","price":"0.00350001","timestamp":1646437392,"volume":"0.01050003","buyTxId":"799666f980b060166a6e2548b166b24843f89fcc-1","sellTxId":"b434748d8f1f522d9d396e90890dbc47a2b044fe"}
{"index": {"_index":"list","_id":"2910893"}}
	{"id":2910893,"type":"sell","buyer":"pi-trader","seller":"brofi-market","symbol":"LIST","quantity":"7.96776620","price":"0.00360001","timestamp":1646468040,"volume":"0.02868404","buyTxId":"8828967ac7329a261b3cd6f577e4c7888127253b-1","sellTxId":"eb0e9e54495ef0b3d358460ac2c2c9993d14d163"}
{"index": {"_index":"list","_id":"2911574"}}
	{"id":2911574,"type":"sell","buyer":"pi-trader","seller":"synergie","symbol":"LIST","quantity":"0.50000000","price":"0.00360001","timestamp":1646480616,"volume":"0.00180001","buyTxId":"4f7ac7701ffbf0aaf696b6247ef6f66e72ec07f2-2","sellTxId":"8bf61e50ca81d40be1fb981f22ceedbcb5a34819"}
{"index": {"_index":"list","_id":"2911824"}}
	{"id":2911824,"type":"sell","buyer":"pi-trader","seller":"dhedge-drips","symbol":"LIST","quantity":"0.74697809","price":"0.00360001","timestamp":1646484405,"volume":"0.00268913","buyTxId":"74b298c86729c8271f9736d7c77268a7ea8cb4e2-2","sellTxId":"9599983907d137618f57e4ff42cb9c9d58450844"}
{"index": {"_index":"list","_id":"2912122"}}
	{"id":2912122,"type":"sell","buyer":"pi-trader","seller":"pablodare","symbol":"LIST","quantity":"19.49654916","price":"0.00360001","timestamp":1646488284,"volume":"0.07018777","buyTxId":"895307bd96d7edf56f01c54f371acfa9dd9ef748-4","sellTxId":"8892660125155ba3abd59aef2217a78756caf831"}
{"index": {"_index":"list","_id":"2912250"}}
	{"id":2912250,"type":"sell","buyer":"pi-trader","seller":"brofi-market","symbol":"LIST","quantity":"4.48879008","price":"0.00360001","timestamp":1646490309,"volume":"0.01615969","buyTxId":"409f8ed8ba6b4025747089c1dbbb8087a3628370-4","sellTxId":"855bf4a0b64ebf83461ce61bc944f17a12a12d38"}
{"index": {"_index":"list","_id":"2912319"}}
	{"id":2912319,"type":"sell","buyer":"pi-trader","seller":"nrg","symbol":"LIST","quantity":"9.96110125","price":"0.00360001","timestamp":1646490804,"volume":"0.03586006","buyTxId":"eee20e0ef33ea30d340e5648f00e2ee962a266da-2","sellTxId":"b02e8f4ba4544f8e7c0e47184c0b93895adb74e1-34"}
{"index": {"_index":"list","_id":"2912640"}}
	{"id":2912640,"type":"buy","buyer":"pjansen","seller":"sbi-tokens","symbol":"LIST","quantity":"205.56267187","price":"0.00410000","timestamp":1646495139,"volume":"0.84280695","buyTxId":"e9d738a81f5e0ff0fc996c34c437e9bf5aa5fd78","sellTxId":"62c12addf31c613764252d4f08c340ca9d37e6de"}
{"index": {"_index":"list","_id":"2912641"}}
	{"id":2912641,"type":"buy","buyer":"pjansen","seller":"dhedge-drips","symbol":"LIST","quantity":"0.74697809","price":"0.00410000","timestamp":1646495139,"volume":"0.00306261","buyTxId":"e9d738a81f5e0ff0fc996c34c437e9bf5aa5fd78","sellTxId":"453004b8b579d063260bfe5351a5fbc476d84408"}
{"index": {"_index":"list","_id":"2912642"}}
	{"id":2912642,"type":"buy","buyer":"pjansen","seller":"brofi-market","symbol":"LIST","quantity":"4.48879004","price":"0.00410000","timestamp":1646495139,"volume":"0.01840404","buyTxId":"e9d738a81f5e0ff0fc996c34c437e9bf5aa5fd78","sellTxId":"f3b9c695031234a2620383be0c0afc32424fea3e"}
{"index": {"_index":"list","_id":"2912644"}}
	{"id":2912644,"type":"buy","buyer":"pjansen","seller":"richardcrill","symbol":"LIST","quantity":"73.06606600","price":"0.00420000","timestamp":1646495196,"volume":"0.30687748","buyTxId":"7c91408a80349a2d67981b001947ec6c114add42","sellTxId":"MM-P-15344698-62332476-3-8-0"}
{"index": {"_index":"list","_id":"2912711"}}
	{"id":2912711,"type":"buy","buyer":"gestion.alive","seller":"richardcrill","symbol":"LIST","quantity":"87.53384101","price":"0.00420000","timestamp":1646496459,"volume":"0.36764213","buyTxId":"a9747163fcf7904ab08409848ff78290dafe42ab","sellTxId":"MM-P-15373116-62360913-3-7-0"}
{"index": {"_index":"list","_id":"2912715"}}
	{"id":2912715,"type":"buy","buyer":"gestion.alive","seller":"brofi-market","symbol":"LIST","quantity":"7.12598182","price":"0.00430000","timestamp":1646496549,"volume":"0.03064172","buyTxId":"e7dbfe771383ba26908954f6706de4d87f0ce6cf","sellTxId":"53466dac2231ec2e02e2677770a5888cd6a86b23"}
{"index": {"_index":"list","_id":"2912720"}}
	{"id":2912720,"type":"buy","buyer":"gestion.alive","seller":"brofi-market","symbol":"LIST","quantity":"3.77946540","price":"0.00440000","timestamp":1646496591,"volume":"0.01662965","buyTxId":"8f255f1c32045b73c28097e3a51ba7e95c8aa838","sellTxId":"acd6566a93b7397d69f3e41e1450435c66807262"}
{"index": {"_index":"list","_id":"2912721"}}
	{"id":2912721,"type":"buy","buyer":"gestion.alive","seller":"saachi.list","symbol":"LIST","quantity":"13.22053460","price":"0.00500000","timestamp":1646496591,"volume":"0.06610267","buyTxId":"8f255f1c32045b73c28097e3a51ba7e95c8aa838","sellTxId":"ea5449529af481caa088e9a683b98c483df6391f"}
{"index": {"_index":"list","_id":"2913823"}}
	{"id":2913823,"type":"sell","buyer":"thranax","seller":"dhedge-drips","symbol":"LIST","quantity":"0.04733576","price":"0.00360002","timestamp":1646506074,"volume":"0.00017041","buyTxId":"105adb8e3335d20e297f3fdeef72b1e1da6a2d6d","sellTxId":"b8320aee1c694c5bf10c342b090d018733672f41"}
{"index": {"_index":"list","_id":"2914860"}}
	{"id":2914860,"type":"sell","buyer":"thranax","seller":"pablodare","symbol":"LIST","quantity":"17.95266424","price":"0.00360002","timestamp":1646516259,"volume":"0.06462995","buyTxId":"105adb8e3335d20e297f3fdeef72b1e1da6a2d6d","sellTxId":"8a77d360b5b1724913e4f248400d6c73f0aedfee"}
