{"index": {"_index":"list","_id":"2897257"}}
	{"id":2897257,"type":"sell","buyer":"nastyforce","seller":"konvik","symbol":"LIST","quantity":"64.00411371","price":"0.00422000","timestamp":1646298114,"volume":"0.27009736","buyTxId":"8aad6499f39694ebcbd30acd0e08ed921256da6f","sellTxId":"84cb2c831923f71ce05d77d84675fc97449168d3-1"}
{"index": {"_index":"list","_id":"2897258"}}
	{"id":2897258,"type":"sell","buyer":"tunnelmotions","seller":"konvik","symbol":"LIST","quantity":"493.84686808","price":"0.00421001","timestamp":1646298114,"volume":"2.07910025","buyTxId":"f8a12b0412a49c08f979490aced555fb965dcfae","sellTxId":"84cb2c831923f71ce05d77d84675fc97449168d3-1"}
{"index": {"_index":"list","_id":"2897259"}}
	{"id":2897259,"type":"sell","buyer":"hivebg","seller":"konvik","symbol":"LIST","quantity":"500.00000000","price":"0.00410000","timestamp":1646298114,"volume":"2.05000000","buyTxId":"27f9825ce26f65b4677ba57f2f200bc8784338a7","sellTxId":"84cb2c831923f71ce05d77d84675fc97449168d3-1"}
{"index": {"_index":"list","_id":"2897260"}}
	{"id":2897260,"type":"sell","buyer":"edb","seller":"konvik","symbol":"LIST","quantity":"855.83805185","price":"0.00400000","timestamp":1646298114,"volume":"3.42335221","buyTxId":"751a291b5d7206f2828eb0bdeadc44192039b1c7","sellTxId":"84cb2c831923f71ce05d77d84675fc97449168d3-1"}
{"index": {"_index":"list","_id":"2897451"}}
	{"id":2897451,"type":"sell","buyer":"edb","seller":"synergie","symbol":"LIST","quantity":"23.44000000","price":"0.00400000","timestamp":1646301153,"volume":"0.09376000","buyTxId":"751a291b5d7206f2828eb0bdeadc44192039b1c7","sellTxId":"587cc4928b1de50d26d4f497d2f2db88eb22c2ef"}
{"index": {"_index":"list","_id":"2897594"}}
	{"id":2897594,"type":"sell","buyer":"edb","seller":"mairapanelo","symbol":"LIST","quantity":"8.91141477","price":"0.00400000","timestamp":1646302587,"volume":"0.03564566","buyTxId":"751a291b5d7206f2828eb0bdeadc44192039b1c7","sellTxId":"5b4014aeac1dd404654c874d3d8523894870e2cb"}
{"index": {"_index":"list","_id":"2898106"}}
	{"id":2898106,"type":"sell","buyer":"edb","seller":"brofi-market","symbol":"LIST","quantity":"4.77946540","price":"0.00400000","timestamp":1646309718,"volume":"0.01911786","buyTxId":"751a291b5d7206f2828eb0bdeadc44192039b1c7","sellTxId":"dec805b2dc4dc0d4510c2029c7b70be1573fdb9b"}
{"index": {"_index":"list","_id":"2898259"}}
	{"id":2898259,"type":"sell","buyer":"edb","seller":"dhedge-drips","symbol":"LIST","quantity":"0.44807489","price":"0.00400000","timestamp":1646311614,"volume":"0.00179230","buyTxId":"751a291b5d7206f2828eb0bdeadc44192039b1c7","sellTxId":"faf21ce4a74c9d4e922c75d7c50f57d7eda67056"}
{"index": {"_index":"list","_id":"2898833"}}
	{"id":2898833,"type":"sell","buyer":"edb","seller":"justinparke","symbol":"LIST","quantity":"19.18768181","price":"0.00400000","timestamp":1646318748,"volume":"0.07675073","buyTxId":"751a291b5d7206f2828eb0bdeadc44192039b1c7","sellTxId":"4c2231d6fd4585cb3bfc37d7cb5d7a29f51a1fb1"}
{"index": {"_index":"list","_id":"2899862"}}
	{"id":2899862,"type":"sell","buyer":"edb","seller":"thatcryptodave","symbol":"LIST","quantity":"14.73210232","price":"0.00400000","timestamp":1646329944,"volume":"0.05892841","buyTxId":"751a291b5d7206f2828eb0bdeadc44192039b1c7","sellTxId":"c98a0ca98ce64b96a68a8c672c539198b684b2b5"}
{"index": {"_index":"list","_id":"2899952"}}
	{"id":2899952,"type":"buy","buyer":"smartalectees","seller":"richardcrill","symbol":"LIST","quantity":"86.29323712","price":"0.00420000","timestamp":1646330751,"volume":"0.36243160","buyTxId":"1ca9bb36d461ce1bd213a2701acd39a493bd4522","sellTxId":"MM-P-15318375-62306140-3-8-0"}
{"index": {"_index":"list","_id":"2899965"}}
	{"id":2899965,"type":"buy","buyer":"smartalectees","seller":"dhedge-drips","symbol":"LIST","quantity":"0.44807489","price":"0.00430000","timestamp":1646330847,"volume":"0.00192672","buyTxId":"0bade96e3ffde2564717880d0dad1fd26ad5ea17","sellTxId":"2ddb2e9b5404e0dc20411fca04e5d1cf3c80816b"}
{"index": {"_index":"list","_id":"2899966"}}
	{"id":2899966,"type":"sell","buyer":"smartalectees","seller":"svirus","symbol":"LIST","quantity":"655.59852852","price":"0.00430000","timestamp":1646330850,"volume":"2.81907367","buyTxId":"0bade96e3ffde2564717880d0dad1fd26ad5ea17","sellTxId":"fb9346deb02da7b1440bd4ce2b465fe0f79ebe1c-1"}
{"index": {"_index":"list","_id":"2900571"}}
	{"id":2900571,"type":"sell","buyer":"edb","seller":"pablodare3","symbol":"LIST","quantity":"4.07245163","price":"0.00400000","timestamp":1646338929,"volume":"0.01628981","buyTxId":"751a291b5d7206f2828eb0bdeadc44192039b1c7","sellTxId":"0379bcfb3c849e0bd007cca8f2bf3d499c822e60"}
{"index": {"_index":"list","_id":"2901536"}}
	{"id":2901536,"type":"sell","buyer":"edb","seller":"franciscopr","symbol":"LIST","quantity":"257.93261183","price":"0.00400000","timestamp":1646349840,"volume":"1.03173045","buyTxId":"751a291b5d7206f2828eb0bdeadc44192039b1c7","sellTxId":"9ca3d7b439f61298c52c2474dc7f4097acf1c098"}
{"index": {"_index":"list","_id":"2901946"}}
	{"id":2901946,"type":"buy","buyer":"steem82868","seller":"brofi-market","symbol":"LIST","quantity":"1.00000000","price":"0.00440000","timestamp":1646354700,"volume":"0.00440000","buyTxId":"560dbf4fa7a6866c4b6f02ff566762c5a3cf743e","sellTxId":"acd6566a93b7397d69f3e41e1450435c66807262"}
