{"index": {"_index":"list","_id":"1221306"}}
	{"id":1221306,"type":"sell","buyer":"thelogicaldude","seller":"pablodare","symbol":"LIST","quantity":"10.25001620","price":"0.01010000","timestamp":1626323820,"volume":"0.10352516","buyTxId":"MM-P-8647169-55627250-3-0-0","sellTxId":"478ef0088fbbb46ea049c6e8e5d40412aedd50d2"}
{"index": {"_index":"list","_id":"1222184"}}
	{"id":1222184,"type":"sell","buyer":"thelogicaldude","seller":"karamyog","symbol":"LIST","quantity":"0.00000111","price":"0.01010000","timestamp":1626353262,"volume":"0.00000001","buyTxId":"MM-P-8647169-55627250-3-0-0","sellTxId":"cf21dcaa4226be9250b6b9b14822e207439fb2ce"}
{"index": {"_index":"list","_id":"1222402"}}
	{"id":1222402,"type":"sell","buyer":"thelogicaldude","seller":"uyobong","symbol":"LIST","quantity":"341.10000000","price":"0.01010000","timestamp":1626361071,"volume":"3.44511000","buyTxId":"MM-P-8647169-55627250-3-0-0","sellTxId":"e3ac67ead03a1c08982e9d45f4c01468d74749d3"}
{"index": {"_index":"list","_id":"1222819"}}
	{"id":1222819,"type":"sell","buyer":"thelogicaldude","seller":"brofi-market","symbol":"LIST","quantity":"0.33980572","price":"0.01010000","timestamp":1626371409,"volume":"0.00343204","buyTxId":"MM-P-8647169-55627250-3-0-0","sellTxId":"d724c970519ea6f4d105994aba6933e331c502f1"}
{"index": {"_index":"list","_id":"1223228"}}
	{"id":1223228,"type":"sell","buyer":"thelogicaldude","seller":"dhedge-drips","symbol":"LIST","quantity":"0.03185695","price":"0.01010000","timestamp":1626382218,"volume":"0.00032176","buyTxId":"MM-P-8647169-55627250-3-0-0","sellTxId":"f29309b2ebf67ac043a32dd71d7c4dbc2037f136"}
{"index": {"_index":"list","_id":"1223236"}}
	{"id":1223236,"type":"sell","buyer":"thelogicaldude","seller":"richardcrill","symbol":"LIST","quantity":"404.06369778","price":"0.01010000","timestamp":1626382293,"volume":"4.08104334","buyTxId":"MM-P-8647169-55627250-3-0-0","sellTxId":"MM-P-8693565-55673834-3-9-0"}
{"index": {"_index":"list","_id":"1223287"}}
	{"id":1223287,"type":"sell","buyer":"eirik","seller":"crypto133","symbol":"LIST","quantity":"39.99999551","price":"0.01000000","timestamp":1626383316,"volume":"0.39999996","buyTxId":"94203b95322cbbb1231eca4af018a6ef54ce53ec","sellTxId":"1dda2d187d162e2f3cf8e7412fca1fbc2e729330"}
{"index": {"_index":"list","_id":"1223288"}}
	{"id":1223288,"type":"sell","buyer":"thelogicaldude","seller":"crypto133","symbol":"LIST","quantity":"54.17550243","price":"0.00930000","timestamp":1626383316,"volume":"0.50383217","buyTxId":"MM-P-8693809-55674078-3-0-0","sellTxId":"1dda2d187d162e2f3cf8e7412fca1fbc2e729330"}
{"index": {"_index":"list","_id":"1223690"}}
	{"id":1223690,"type":"buy","buyer":"lerkfrend","seller":"richardcrill","symbol":"LIST","quantity":"17.57983510","price":"0.01010000","timestamp":1626397206,"volume":"0.17755633","buyTxId":"b81d019ac674f7393ac22204ad8dda437ea3acb9","sellTxId":"MM-P-8693565-55673834-3-9-0"}
{"index": {"_index":"list","_id":"1223691"}}
	{"id":1223691,"type":"buy","buyer":"lerkfrend","seller":"dhedge-drips","symbol":"LIST","quantity":"0.03185695","price":"0.01020000","timestamp":1626397206,"volume":"0.00032494","buyTxId":"b81d019ac674f7393ac22204ad8dda437ea3acb9","sellTxId":"9787e189fef1ec5131f37fc4b9a22bf442e6743e"}
{"index": {"_index":"list","_id":"1223692"}}
	{"id":1223692,"type":"buy","buyer":"lerkfrend","seller":"brofi-market","symbol":"LIST","quantity":"0.33980572","price":"0.01370000","timestamp":1626397206,"volume":"0.00465534","buyTxId":"b81d019ac674f7393ac22204ad8dda437ea3acb9","sellTxId":"bc8c7c116bd230f81bdecdda6e4b3d95ac50129d"}
{"index": {"_index":"list","_id":"1223693"}}
	{"id":1223693,"type":"buy","buyer":"lerkfrend","seller":"tonytrillions","symbol":"LIST","quantity":"0.05572505","price":"0.01510000","timestamp":1626397206,"volume":"0.00084145","buyTxId":"b81d019ac674f7393ac22204ad8dda437ea3acb9","sellTxId":"30a289dcab0229d4e255b42ecbef88bbb7a479d6"}
{"index": {"_index":"list","_id":"1223694"}}
	{"id":1223694,"type":"buy","buyer":"lerkfrend","seller":"dhedge-drips","symbol":"LIST","quantity":"0.10902219","price":"0.01510000","timestamp":1626397206,"volume":"0.00164624","buyTxId":"b81d019ac674f7393ac22204ad8dda437ea3acb9","sellTxId":"4bdc12ce94cb0378b5b5fa90cf757a6370f08e7c"}
{"index": {"_index":"list","_id":"1223695"}}
	{"id":1223695,"type":"buy","buyer":"lerkfrend","seller":"chekohler","symbol":"LIST","quantity":"0.68086301","price":"0.01690000","timestamp":1626397206,"volume":"0.01150658","buyTxId":"b81d019ac674f7393ac22204ad8dda437ea3acb9","sellTxId":"c86e0099a276c5c54f9880f75db16e4c28e53397"}
{"index": {"_index":"list","_id":"1223696"}}
	{"id":1223696,"type":"buy","buyer":"lerkfrend","seller":"brofi-market","symbol":"LIST","quantity":"0.13319995","price":"0.01690000","timestamp":1626397206,"volume":"0.00225108","buyTxId":"b81d019ac674f7393ac22204ad8dda437ea3acb9","sellTxId":"b116ebc972e5a27315ba98244b1692bfb226406c"}
{"index": {"_index":"list","_id":"1223697"}}
	{"id":1223697,"type":"buy","buyer":"lerkfrend","seller":"dhedge-drips","symbol":"LIST","quantity":"0.02193784","price":"0.01690000","timestamp":1626397206,"volume":"0.00037075","buyTxId":"b81d019ac674f7393ac22204ad8dda437ea3acb9","sellTxId":"cc26d5a655ba77c3723b0145ae7232084290f73f"}
{"index": {"_index":"list","_id":"1223698"}}
	{"id":1223698,"type":"buy","buyer":"lerkfrend","seller":"brofi-market","symbol":"LIST","quantity":"0.13680000","price":"0.01690000","timestamp":1626397206,"volume":"0.00231192","buyTxId":"b81d019ac674f7393ac22204ad8dda437ea3acb9","sellTxId":"00f361eff02959dafea7b704e35f3d34c92ef90f"}
{"index": {"_index":"list","_id":"1223699"}}
	{"id":1223699,"type":"buy","buyer":"lerkfrend","seller":"dhedge-drips","symbol":"LIST","quantity":"0.01282500","price":"0.01690000","timestamp":1626397206,"volume":"0.00021674","buyTxId":"b81d019ac674f7393ac22204ad8dda437ea3acb9","sellTxId":"326709779ee82c7b0ea00946f6d0a46d29b16bf1"}
{"index": {"_index":"list","_id":"1223700"}}
	{"id":1223700,"type":"buy","buyer":"lerkfrend","seller":"brofi-market","symbol":"LIST","quantity":"0.01885384","price":"0.01690000","timestamp":1626397206,"volume":"0.00031863","buyTxId":"b81d019ac674f7393ac22204ad8dda437ea3acb9","sellTxId":"00009af33f0a0310c36c8e1d6047e6ffa06dc954"}
