{"index": {"_index":"list","_id":"1557800"}}=	{"id":1557800,"type":"buy","buyer":"ange.nkuru","seller":"tonytrillions","symbol":"LIST","quantity":"0.00024139","price":"0.01359000","timestamp":1632190926,"volume":"0.00000328","buyTxId":"b88d285a9444e083c162bc7bafd682c6de4b40af","sellTxId":"722a830cee73aa968f3ed3068244c20ee12b7343"}
{"index": {"_index":"list","_id":"1557801"}}=	{"id":1557801,"type":"buy","buyer":"ange.nkuru","seller":"brofi-market","symbol":"LIST","quantity":"1.21091181","price":"0.01359000","timestamp":1632190926,"volume":"0.01645629","buyTxId":"b88d285a9444e083c162bc7bafd682c6de4b40af","sellTxId":"52a57a8e5b98ecd2820d47844cf6ad674921e18f"}
{"index": {"_index":"list","_id":"1557802"}}=	{"id":1557802,"type":"buy","buyer":"ange.nkuru","seller":"dhedge-drips","symbol":"LIST","quantity":"0.11352273","price":"0.01359000","timestamp":1632190926,"volume":"0.00154277","buyTxId":"b88d285a9444e083c162bc7bafd682c6de4b40af","sellTxId":"bf12892f513cbde761e5fb0e2dca6c1a698dd53a"}
{"index": {"_index":"list","_id":"1557803"}}=	{"id":1557803,"type":"buy","buyer":"ange.nkuru","seller":"brofi-market","symbol":"LIST","quantity":"0.33525175","price":"0.01359000","timestamp":1632190926,"volume":"0.00455607","buyTxId":"b88d285a9444e083c162bc7bafd682c6de4b40af","sellTxId":"51f4043f106bde746d6b352c1d0a954608c24a87"}
{"index": {"_index":"list","_id":"1557804"}}=	{"id":1557804,"type":"buy","buyer":"ange.nkuru","seller":"tonytrillions","symbol":"LIST","quantity":"0.00023966","price":"0.01359000","timestamp":1632190926,"volume":"0.00000326","buyTxId":"b88d285a9444e083c162bc7bafd682c6de4b40af","sellTxId":"89f5badd7cfbbde4c7886b323fa11fedfec2a01d"}
{"index": {"_index":"list","_id":"1557805"}}=	{"id":1557805,"type":"buy","buyer":"ange.nkuru","seller":"brofi-market","symbol":"LIST","quantity":"1.38176720","price":"0.01359000","timestamp":1632190926,"volume":"0.01877822","buyTxId":"b88d285a9444e083c162bc7bafd682c6de4b40af","sellTxId":"ae769d2833fabb327e5448096b973952e63c89df"}
{"index": {"_index":"list","_id":"1557806"}}=	{"id":1557806,"type":"buy","buyer":"ange.nkuru","seller":"dhedge-drips","symbol":"LIST","quantity":"0.12954082","price":"0.01359000","timestamp":1632190926,"volume":"0.00176046","buyTxId":"b88d285a9444e083c162bc7bafd682c6de4b40af","sellTxId":"69daa3c3a161a12d83383bf56a397851222a06b6"}
{"index": {"_index":"list","_id":"1557807"}}=	{"id":1557807,"type":"buy","buyer":"ange.nkuru","seller":"dhedge-drips","symbol":"LIST","quantity":"0.00468341","price":"0.01379000","timestamp":1632190926,"volume":"0.00006458","buyTxId":"b88d285a9444e083c162bc7bafd682c6de4b40af","sellTxId":"ff6b459baf6b38bca6c084ca7b5b0a0d5e19dfd2"}
{"index": {"_index":"list","_id":"1557808"}}=	{"id":1557808,"type":"buy","buyer":"ange.nkuru","seller":"tonytrillions","symbol":"LIST","quantity":"0.00024257","price":"0.01399000","timestamp":1632190926,"volume":"0.00000339","buyTxId":"b88d285a9444e083c162bc7bafd682c6de4b40af","sellTxId":"03e9b9f5fbc596e4ec74e6e1f6a253a31f2fa8e8"}
{"index": {"_index":"list","_id":"1557809"}}=	{"id":1557809,"type":"buy","buyer":"ange.nkuru","seller":"brofi-market","symbol":"LIST","quantity":"2.36148746","price":"0.01399000","timestamp":1632190926,"volume":"0.03303721","buyTxId":"b88d285a9444e083c162bc7bafd682c6de4b40af","sellTxId":"55e493e0a1340327b4dc5c77ee7146ae8c635764"}
{"index": {"_index":"list","_id":"1557810"}}=	{"id":1557810,"type":"buy","buyer":"ange.nkuru","seller":"tonytrillions","symbol":"LIST","quantity":"0.00024204","price":"0.01399000","timestamp":1632190926,"volume":"0.00000339","buyTxId":"b88d285a9444e083c162bc7bafd682c6de4b40af","sellTxId":"40e8967f3d9be44c35469797a49040613ba27d4a"}
{"index": {"_index":"list","_id":"1557811"}}=	{"id":1557811,"type":"buy","buyer":"ange.nkuru","seller":"brofi-market","symbol":"LIST","quantity":"1.42517695","price":"0.01399000","timestamp":1632190926,"volume":"0.01993823","buyTxId":"b88d285a9444e083c162bc7bafd682c6de4b40af","sellTxId":"64f6308db84406895b0570fca2bf9c171d27b6bd"}
{"index": {"_index":"list","_id":"1557812"}}=	{"id":1557812,"type":"buy","buyer":"ange.nkuru","seller":"thelogicaldude","symbol":"LIST","quantity":"993.03669221","price":"0.01499000","timestamp":1632190926,"volume":"14.88562002","buyTxId":"b88d285a9444e083c162bc7bafd682c6de4b40af","sellTxId":"MM-P-10573800-57558217-3-0-0"}
{"index": {"_index":"list","_id":"1558233"}}=	{"id":1558233,"type":"sell","buyer":"thelogicaldude","seller":"esmeesmith","symbol":"LIST","quantity":"20.53902496","price":"0.01160000","timestamp":1632201870,"volume":"0.23825269","buyTxId":"MM-P-10549596-57533960-3-0-0","sellTxId":"4abd4c5dbac57fcf22958b69e63d69fd3922ef10"}
{"index": {"_index":"list","_id":"1558667"}}=	{"id":1558667,"type":"sell","buyer":"thelogicaldude","seller":"pablodare","symbol":"LIST","quantity":"15.20149309","price":"0.01160000","timestamp":1632210096,"volume":"0.17633732","buyTxId":"MM-P-10549596-57533960-3-0-0","sellTxId":"483af542747a57509f4d4ad7b53f992b417f7f1d"}
{"index": {"_index":"list","_id":"1558752"}}=	{"id":1558752,"type":"sell","buyer":"thelogicaldude","seller":"brofi-market","symbol":"LIST","quantity":"1.14949954","price":"0.01160000","timestamp":1632211701,"volume":"0.01333419","buyTxId":"MM-P-10549596-57533960-3-0-0","sellTxId":"c7cb0941bf94f8e248fd25e752823d37e7a10a7f"}
{"index": {"_index":"list","_id":"1559051"}}=	{"id":1559051,"type":"sell","buyer":"thelogicaldude","seller":"itharagaian","symbol":"LIST","quantity":"0.05000000","price":"0.01160000","timestamp":1632216255,"volume":"0.00058000","buyTxId":"MM-P-10549596-57533960-3-0-0","sellTxId":"62fcfe072996850569c80b0c8406775160972caa"}
{"index": {"_index":"list","_id":"1559398"}}=	{"id":1559398,"type":"sell","buyer":"thelogicaldude","seller":"bilpcoinrecords","symbol":"LIST","quantity":"1.97796996","price":"0.01160000","timestamp":1632224916,"volume":"0.02294445","buyTxId":"MM-P-10549596-57533960-3-0-0","sellTxId":"f771f5ef0e774f3a51268bd9188ace5ad70bd468"}
{"index": {"_index":"list","_id":"1559588"}}=	{"id":1559588,"type":"sell","buyer":"thelogicaldude","seller":"dhedge-drips","symbol":"LIST","quantity":"0.10776570","price":"0.01160000","timestamp":1632228387,"volume":"0.00125008","buyTxId":"MM-P-10549596-57533960-3-0-0","sellTxId":"5ee4728ac8e05a24f6aaa1df5d3299bc93fca8db"}
{"index": {"_index":"list","_id":"1559865"}}=	{"id":1559865,"type":"sell","buyer":"thelogicaldude","seller":"nickyhavey","symbol":"LIST","quantity":"0.04221133","price":"0.01160000","timestamp":1632233109,"volume":"0.00048965","buyTxId":"MM-P-10549596-57533960-3-0-0","sellTxId":"0f7c077b6397a470a8e4571a6363754ff12e252b"}
{"index": {"_index":"list","_id":"1559907"}}=	{"id":1559907,"type":"sell","buyer":"thelogicaldude","seller":"rishi556","symbol":"LIST","quantity":"0.00001849","price":"0.01160000","timestamp":1632233793,"volume":"0.00000021","buyTxId":"MM-P-10549596-57533960-3-0-0","sellTxId":"e5adadbaddfcf2d0536dcfd02f573b6daa33486f-2"}
{"index": {"_index":"list","_id":"1560374"}}=	{"id":1560374,"type":"sell","buyer":"thelogicaldude","seller":"brofi-market","symbol":"LIST","quantity":"1.70432212","price":"0.01160000","timestamp":1632240861,"volume":"0.01977014","buyTxId":"MM-P-10549596-57533960-3-0-0","sellTxId":"7cf92931d147f653df032437444d1430ce752360"}
{"index": {"_index":"list","_id":"1560715"}}=	{"id":1560715,"type":"sell","buyer":"thelogicaldude","seller":"esmeesmith","symbol":"LIST","quantity":"2.20690075","price":"0.01160000","timestamp":1632244998,"volume":"0.02560005","buyTxId":"MM-P-10549596-57533960-3-0-0","sellTxId":"783b67cc19742d0936b268a74294231af450f871"}
{"index": {"_index":"list","_id":"1561161"}}=	{"id":1561161,"type":"sell","buyer":"thelogicaldude","seller":"dhedge-drips","symbol":"LIST","quantity":"0.12929315","price":"0.01160000","timestamp":1632250050,"volume":"0.00149980","buyTxId":"MM-P-10549596-57533960-3-0-0","sellTxId":"c8f5e7be6589163ad1d0de8761e554d49e7a86db"}
{"index": {"_index":"list","_id":"1561327"}}=	{"id":1561327,"type":"sell","buyer":"thelogicaldude","seller":"jorgecitoxxxx","symbol":"LIST","quantity":"3.20725259","price":"0.01160000","timestamp":1632252849,"volume":"0.03720413","buyTxId":"MM-P-10549596-57533960-3-0-0","sellTxId":"958b717ad728bd31cf6f8ff4a3f85f7dc6d1b0d7"}
{"index": {"_index":"list","_id":"1562707"}}=	{"id":1562707,"type":"sell","buyer":"thelogicaldude","seller":"jorgecitoxxxx","symbol":"LIST","quantity":"1.41645127","price":"0.01160000","timestamp":1632274431,"volume":"0.01643083","buyTxId":"MM-P-10549596-57533960-3-0-0","sellTxId":"34dd83c9ac0f3443fb61546f81007da0b0957411"}
