{"index": {"_index":"list","_id":"3313212"}}
	{"id":3313212,"type":"sell","buyer":"weldmaster","seller":"technocrypton","symbol":"LIST","quantity":"0.09752419","price":"0.00350100","timestamp":1651301376,"volume":"0.00034143","buyTxId":"fb3ea4e95e58d1e93d5b1be14056800d7e4e27e4","sellTxId":"a1fb568b77577866dffdfc46bbce00bd680fabeb"}
{"index": {"_index":"list","_id":"3313238"}}
	{"id":3313238,"type":"sell","buyer":"weldmaster","seller":"agog","symbol":"LIST","quantity":"0.70117903","price":"0.00350100","timestamp":1651301562,"volume":"0.00245483","buyTxId":"fb3ea4e95e58d1e93d5b1be14056800d7e4e27e4","sellTxId":"3d0acede7e931e8b34e21e40bf20de8aae45eae2"}
{"index": {"_index":"list","_id":"3313293"}}
	{"id":3313293,"type":"sell","buyer":"weldmaster","seller":"marvinix","symbol":"LIST","quantity":"18.96","price":"0.00350100","timestamp":1651301988,"volume":"0.06637896","buyTxId":"fb3ea4e95e58d1e93d5b1be14056800d7e4e27e4","sellTxId":"4c3224fe2a334930fe19fd5beecae43454c26d4b"}
{"index": {"_index":"list","_id":"3313426"}}
	{"id":3313426,"type":"sell","buyer":"weldmaster","seller":"florenceboens","symbol":"LIST","quantity":"0.37635000","price":"0.00350100","timestamp":1651303968,"volume":"0.00131760","buyTxId":"fb3ea4e95e58d1e93d5b1be14056800d7e4e27e4","sellTxId":"ca7ff164c3512bd7ac7a1f4c2938cd2ace4e2217"}
{"index": {"_index":"list","_id":"3314000"}}
	{"id":3314000,"type":"buy","buyer":"dswap","seller":"richardcrill","symbol":"LIST","quantity":"45.35245569","price":"0.00790000","timestamp":1651310355,"volume":"0.35828440","buyTxId":"f3b56f02c615a48c9fd269383882035534e34c5a","sellTxId":"MM-P-16964897-63954523-3-6-0"}
{"index": {"_index":"list","_id":"3314004"}}
	{"id":3314004,"type":"buy","buyer":"dswap","seller":"richardcrill","symbol":"LIST","quantity":"13.72462292","price":"0.00790000","timestamp":1651310397,"volume":"0.10842452","buyTxId":"616dd2189a24736ca0889f04ec9894016387e37a","sellTxId":"MM-P-16964897-63954523-3-6-0"}
{"index": {"_index":"list","_id":"3314005"}}
	{"id":3314005,"type":"buy","buyer":"dswap","seller":"franciscopr","symbol":"LIST","quantity":"19.34381000","price":"0.00800000","timestamp":1651310397,"volume":"0.15475048","buyTxId":"616dd2189a24736ca0889f04ec9894016387e37a","sellTxId":"544e71923863c16e6bff1aa978aab6563b016142"}
{"index": {"_index":"list","_id":"3314353"}}
	{"id":3314353,"type":"sell","buyer":"weldmaster","seller":"michelmake","symbol":"LIST","quantity":"0.25663182","price":"0.00350100","timestamp":1651315179,"volume":"0.00089847","buyTxId":"fb3ea4e95e58d1e93d5b1be14056800d7e4e27e4","sellTxId":"2a67acf4045b31d5ef3fd7e8faa0510831e7a8dd"}
{"index": {"_index":"list","_id":"3315880"}}
	{"id":3315880,"type":"sell","buyer":"weldmaster","seller":"nrg","symbol":"LIST","quantity":"89.18951551","price":"0.00350100","timestamp":1651334085,"volume":"0.31225249","buyTxId":"fb3ea4e95e58d1e93d5b1be14056800d7e4e27e4","sellTxId":"e69b1583392b0d4f61510b180ac47ab2f70cb8e8-32"}
{"index": {"_index":"list","_id":"3316040"}}
	{"id":3316040,"type":"buy","buyer":"hivediver","seller":"txracer","symbol":"LIST","quantity":"3.84297794","price":"0.00799989","timestamp":1651335696,"volume":"0.03074340","buyTxId":"0406aae51c37d2c511fc2f308b34059e0930cf4d","sellTxId":"99fc9048265cbc728f7c345e1bd124ec300c5c8d"}
{"index": {"_index":"list","_id":"3316041"}}
	{"id":3316041,"type":"buy","buyer":"hivediver","seller":"txracer","symbol":"LIST","quantity":"6.60782516","price":"0.00799990","timestamp":1651335696,"volume":"0.05286194","buyTxId":"0406aae51c37d2c511fc2f308b34059e0930cf4d","sellTxId":"f0776d7d73fb339bf430d39562c1f2eb7f40b32f"}
{"index": {"_index":"list","_id":"3316042"}}
	{"id":3316042,"type":"buy","buyer":"hivediver","seller":"franciscopr","symbol":"LIST","quantity":"13.41192443","price":"0.00800000","timestamp":1651335696,"volume":"0.10729540","buyTxId":"0406aae51c37d2c511fc2f308b34059e0930cf4d","sellTxId":"544e71923863c16e6bff1aa978aab6563b016142"}
{"index": {"_index":"list","_id":"3316043"}}
	{"id":3316043,"type":"buy","buyer":"hivediver","seller":"franciscopr","symbol":"LIST","quantity":"32.27247847","price":"0.00800000","timestamp":1651335696,"volume":"0.25817983","buyTxId":"0406aae51c37d2c511fc2f308b34059e0930cf4d","sellTxId":"f342c0397e2f2a4389597fe3ff84a55e92f28583"}
{"index": {"_index":"list","_id":"3316045"}}
	{"id":3316045,"type":"buy","buyer":"hivediver","seller":"franciscopr","symbol":"LIST","quantity":"0.00000100","price":"0.00800000","timestamp":1651335720,"volume":"0.00000001","buyTxId":"3c3c893132240d0d2900be1d2c1442d90da6817c","sellTxId":"f342c0397e2f2a4389597fe3ff84a55e92f28583"}
{"index": {"_index":"list","_id":"3316870"}}
	{"id":3316870,"type":"sell","buyer":"weldmaster","seller":"alfarero","symbol":"LIST","quantity":"1.38137324","price":"0.00350100","timestamp":1651343574,"volume":"0.00483619","buyTxId":"fb3ea4e95e58d1e93d5b1be14056800d7e4e27e4","sellTxId":"7cc23eb8fcc0dfaaad81fa7af345b552fcd6ff26"}
{"index": {"_index":"list","_id":"3317532"}}
	{"id":3317532,"type":"sell","buyer":"hivediver","seller":"florenceboens","symbol":"LIST","quantity":"1.03563999","price":"0.00250000","timestamp":1651350027,"volume":"0.00258910","buyTxId":"7cffe7d47d7da0721f415cc7c843030bfe5e8ab0","sellTxId":"dd11d3ba900b103dc7b56ac6ee5fb328a9e94831"}
{"index": {"_index":"list","_id":"3318772"}}
	{"id":3318772,"type":"sell","buyer":"hivediver","seller":"brofi-market","symbol":"LIST","quantity":"31.69732102","price":"0.00250000","timestamp":1651364568,"volume":"0.07924330","buyTxId":"7cffe7d47d7da0721f415cc7c843030bfe5e8ab0","sellTxId":"3349d6d286a1643f2f1b40718478f9ba57b6e4ed"}
{"index": {"_index":"list","_id":"3319041"}}
	{"id":3319041,"type":"sell","buyer":"hivediver","seller":"dhedge-drips","symbol":"LIST","quantity":"2.97162383","price":"0.00250000","timestamp":1651366104,"volume":"0.00742906","buyTxId":"7cffe7d47d7da0721f415cc7c843030bfe5e8ab0","sellTxId":"3954e71a2773aaa441f86351d5b54eb8dce92f4c"}
