{"index": {"_index":"list","_id":"1159357"}}
	{"id":1159357,"type":"sell","buyer":"thelogicaldude","seller":"ahmetay","symbol":"LIST","quantity":"0.00854233","price":"0.01210000","timestamp":1624246863,"volume":"0.00010336","buyTxId":"MM-P-7933222-54909915-3-0-0","sellTxId":"247fac121bf13194958e1a7c215bc7a594293a6f"}
{"index": {"_index":"list","_id":"1159495"}}
	{"id":1159495,"type":"sell","buyer":"thelogicaldude","seller":"pablodare","symbol":"LIST","quantity":"26.81123176","price":"0.01210000","timestamp":1624249695,"volume":"0.32441590","buyTxId":"MM-P-7933222-54909915-3-0-0","sellTxId":"3d39e83b61991b0893af6761b95182087bfe90e2"}
{"index": {"_index":"list","_id":"1159550"}}
	{"id":1159550,"type":"buy","buyer":"thatcryptodave","seller":"brofi-market","symbol":"LIST","quantity":"1.06310191","price":"0.01250000","timestamp":1624251435,"volume":"0.01328877","buyTxId":"a6f2093d10f065c07bb34909dc547e48485cec23","sellTxId":"e440c566073c62ac1e4a540022742f724aa7f6e3"}
{"index": {"_index":"list","_id":"1159551"}}
	{"id":1159551,"type":"buy","buyer":"thatcryptodave","seller":"thelogicaldude","symbol":"LIST","quantity":"22.99981931","price":"0.01490000","timestamp":1624251510,"volume":"0.34269731","buyTxId":"dc14cdf093c0bfd3ee25541c8850723f6522a5ac","sellTxId":"MM-P-7973646-54950670-3-0-0"}
{"index": {"_index":"list","_id":"1159597"}}
	{"id":1159597,"type":"sell","buyer":"thelogicaldude","seller":"brofi-market","symbol":"LIST","quantity":"0.10080192","price":"0.01210000","timestamp":1624253331,"volume":"0.00121970","buyTxId":"MM-P-7933222-54909915-3-0-0","sellTxId":"b1df468d5f120468ab75e108e007ee004c73b4da"}
{"index": {"_index":"list","_id":"1159640"}}
	{"id":1159640,"type":"sell","buyer":"thelogicaldude","seller":"sipahikara","symbol":"LIST","quantity":"233.12700000","price":"0.01210000","timestamp":1624255974,"volume":"2.82083670","buyTxId":"MM-P-7933222-54909915-3-0-0","sellTxId":"90109c2e70bdf053879908fd51b58b14948c523c"}
{"index": {"_index":"list","_id":"1159978"}}
	{"id":1159978,"type":"sell","buyer":"thelogicaldude","seller":"zottone444","symbol":"LIST","quantity":"140.43650481","price":"0.01210000","timestamp":1624270731,"volume":"1.69928171","buyTxId":"MM-P-7933222-54909915-3-0-0","sellTxId":"b91dd4915a5765b1fa2e3307a007d28e1f781e44"}
{"index": {"_index":"list","_id":"1160034"}}
	{"id":1160034,"type":"buy","buyer":"thelogicaldude","seller":"zottone444","symbol":"LIST","quantity":"29.02957881","price":"0.01210000","timestamp":1624272069,"volume":"0.35125790","buyTxId":"MM-P-7995927-54973046-3-0-0","sellTxId":"b91dd4915a5765b1fa2e3307a007d28e1f781e44"}
{"index": {"_index":"list","_id":"1160314"}}
	{"id":1160314,"type":"buy","buyer":"zottone444","seller":"brofi-market","symbol":"LIST","quantity":"0.10080192","price":"0.01490000","timestamp":1624282392,"volume":"0.00150195","buyTxId":"76334c3e7bd970870bc83714dc23ad43c3fdc9eb","sellTxId":"106437e401499813010b810c2c24617b4b497c64"}
{"index": {"_index":"list","_id":"1160407"}}
	{"id":1160407,"type":"sell","buyer":"zottone444","seller":"thelogicaldude","symbol":"LIST","quantity":"664.32872828","price":"0.01490000","timestamp":1624284069,"volume":"9.89849805","buyTxId":"76334c3e7bd970870bc83714dc23ad43c3fdc9eb","sellTxId":"MM-P-7999918-54977043-3-0-1"}
{"index": {"_index":"list","_id":"1160667"}}
	{"id":1160667,"type":"sell","buyer":"thelogicaldude","seller":"rishi556","symbol":"LIST","quantity":"0.00009446","price":"0.01210000","timestamp":1624288368,"volume":"0.00000114","buyTxId":"MM-P-8000516-54977643-3-0-0","sellTxId":"95ad948b9ef6ae534339bec690137a96d83b7c45-4"}
{"index": {"_index":"list","_id":"1161049"}}
	{"id":1161049,"type":"buy","buyer":"captaincryptic","seller":"thelogicaldude","symbol":"LIST","quantity":"226.00000000","price":"0.01490000","timestamp":1624289118,"volume":"3.36740000","buyTxId":"2a63d9f6a6f9bee114abf402d285e83521b1975b","sellTxId":"MM-P-7999918-54977043-3-0-1"}
{"index": {"_index":"list","_id":"1161093"}}
	{"id":1161093,"type":"sell","buyer":"thelogicaldude","seller":"zonadigital21","symbol":"LIST","quantity":"16.39698501","price":"0.01210000","timestamp":1624290315,"volume":"0.19840352","buyTxId":"MM-P-8000516-54977643-3-0-0","sellTxId":"e66ee65493a7d8fe2fbebe8fd740577969e58953"}
{"index": {"_index":"list","_id":"1161266"}}
	{"id":1161266,"type":"sell","buyer":"thelogicaldude","seller":"justinparke","symbol":"LIST","quantity":"19.79064853","price":"0.01210000","timestamp":1624294944,"volume":"0.23946685","buyTxId":"MM-P-8000516-54977643-3-0-0","sellTxId":"55d50432613d9fa94d9b217965bd85315fd82f02"}
{"index": {"_index":"list","_id":"1161440"}}
	{"id":1161440,"type":"sell","buyer":"thelogicaldude","seller":"wdougwatson","symbol":"LIST","quantity":"0.00002553","price":"0.01210000","timestamp":1624300293,"volume":"0.00000031","buyTxId":"MM-P-8000516-54977643-3-0-0","sellTxId":"4fd13c6986ea9d7a533ef07467052ca001f9e9a3"}
{"index": {"_index":"list","_id":"1161515"}}
	{"id":1161515,"type":"sell","buyer":"thelogicaldude","seller":"sipahikara","symbol":"LIST","quantity":"232.75800000","price":"0.01210000","timestamp":1624301667,"volume":"2.81637180","buyTxId":"MM-P-8000516-54977643-3-0-0","sellTxId":"931c139788eb38e87e97b65b9161a2b6a4b6ef60"}
{"index": {"_index":"list","_id":"1162205"}}
	{"id":1162205,"type":"sell","buyer":"thelogicaldude","seller":"tlundy47","symbol":"LIST","quantity":"0.00051612","price":"0.01210000","timestamp":1624319940,"volume":"0.00000625","buyTxId":"MM-P-8000516-54977643-3-0-0","sellTxId":"eb4440245dccf5d4a88ffbb55a4460bd43538b38"}
