{"index": {"_index":"list","_id":"1906379"}}
	{"id":1906379,"type":"buy","buyer":"sbi-tokens","seller":"brofi-market","symbol":"LIST","quantity":"0.46862419","price":"0.02400000","timestamp":1636247067,"volume":"0.01124698","buyTxId":"8e45048bff02c412ad19e6fee82003b54a1379fe","sellTxId":"6a37de8f35bd00e66dbb7be0e49170c38e4bf320"}
{"index": {"_index":"list","_id":"1906380"}}
	{"id":1906380,"type":"buy","buyer":"sbi-tokens","seller":"brofi-market","symbol":"LIST","quantity":"0.80180037","price":"0.02400000","timestamp":1636247067,"volume":"0.01924321","buyTxId":"8e45048bff02c412ad19e6fee82003b54a1379fe","sellTxId":"9c589ac9c9e4031eef3eb8a93cae8c61a75bf2ac"}
{"index": {"_index":"list","_id":"1906381"}}
	{"id":1906381,"type":"buy","buyer":"sbi-tokens","seller":"dhedge-drips","symbol":"LIST","quantity":"0.07516863","price":"0.02400000","timestamp":1636247067,"volume":"0.00180405","buyTxId":"8e45048bff02c412ad19e6fee82003b54a1379fe","sellTxId":"114d744948e429d7fdfdb4d1d444394ce9514d63"}
{"index": {"_index":"list","_id":"1906650"}}
	{"id":1906650,"type":"sell","buyer":"sbi-tokens","seller":"thatcryptodave","symbol":"LIST","quantity":"2.93340681","price":"0.02400000","timestamp":1636250448,"volume":"0.07040176","buyTxId":"8e45048bff02c412ad19e6fee82003b54a1379fe","sellTxId":"fc9c6fd34408cceb69e6ab11dbcab8c48ab916de"}
{"index": {"_index":"list","_id":"1906662"}}
	{"id":1906662,"type":"sell","buyer":"pi-trader","seller":"thatcryptodave","symbol":"LIST","quantity":"1.46221819","price":"0.02100002","timestamp":1636250517,"volume":"0.03070661","buyTxId":"3a83e32c914f2c6dd8e40403f91ef404e94bfa93-3","sellTxId":"945cb633760cbc9ded8c3e31e3f45e591bbe4ef2"}
{"index": {"_index":"list","_id":"1908679"}}
	{"id":1908679,"type":"sell","buyer":"pi-trader","seller":"corporateay","symbol":"LIST","quantity":"8.59632402","price":"0.02100002","timestamp":1636270857,"volume":"0.18052298","buyTxId":"98ab701c30ee0b4533eb6ef8dc94d6578c67ff5f-4","sellTxId":"331e3362e9dfba7e98b40c4e2ebe0c2a9bfb1ddb"}
{"index": {"_index":"list","_id":"1909686"}}
	{"id":1909686,"type":"sell","buyer":"pi-trader","seller":"tonytrillions","symbol":"LIST","quantity":"0.01110600","price":"0.02100002","timestamp":1636280112,"volume":"0.00023323","buyTxId":"1b1fda6753ba315d13c573a050356252bb102870-4","sellTxId":"a9f653e96589ddfac717b989770870533c514fa6"}
{"index": {"_index":"list","_id":"1909819"}}
	{"id":1909819,"type":"sell","buyer":"pi-trader","seller":"tonytrillions","symbol":"LIST","quantity":"0.18416400","price":"0.02100002","timestamp":1636280871,"volume":"0.00386745","buyTxId":"aa418c3ce5723ad426b9008aa447011e1b71a383-3","sellTxId":"7bfc492f7b67add031b39bb3a391a40e17f609f5"}
{"index": {"_index":"list","_id":"1909850"}}
	{"id":1909850,"type":"sell","buyer":"pi-trader","seller":"tonytrillions","symbol":"LIST","quantity":"0.00269200","price":"0.02100002","timestamp":1636281063,"volume":"0.00005653","buyTxId":"d67d67bc882f456e8f1125d89198d51493e469ce-5","sellTxId":"72084e20731c8418cf310060532ab3e0ebc44f4c"}
{"index": {"_index":"list","_id":"1910337"}}
	{"id":1910337,"type":"sell","buyer":"pi-trader","seller":"lebah","symbol":"LIST","quantity":"222.00000000","price":"0.02100002","timestamp":1636285614,"volume":"4.66200444","buyTxId":"5e88fe63d972fa93ecab15ee459f660be8aa7692-1","sellTxId":"7b737521b4fb6c07fa006cf8df95c543a3cdf99c"}
{"index": {"_index":"list","_id":"1910493"}}
	{"id":1910493,"type":"buy","buyer":"fiberfrau","seller":"thelogicaldude","symbol":"LIST","quantity":"3.00000000","price":"0.02690000","timestamp":1636287168,"volume":"0.08070000","buyTxId":"e7eabb73e6bd1f9007203e89e7518b960ff20df1","sellTxId":"MM-P-11968265-58954178-3-0-0"}
{"index": {"_index":"list","_id":"1910621"}}
	{"id":1910621,"type":"sell","buyer":"pi-trader","seller":"pablodare","symbol":"LIST","quantity":"22.99678281","price":"0.02100001","timestamp":1636288155,"volume":"0.48293267","buyTxId":"9296cd79518d5fb082b319c09be6390d92390067-4","sellTxId":"068881db9988fda1c7560824675d31c571405933"}
{"index": {"_index":"list","_id":"1911339"}}
	{"id":1911339,"type":"sell","buyer":"pi-trader","seller":"badbitch","symbol":"LIST","quantity":"300.00000000","price":"0.02100001","timestamp":1636293591,"volume":"6.30000300","buyTxId":"1e4eb23bd9f67e1df358b8470f53bbc5301c68fc-5","sellTxId":"fd0c4a9e4a37a164d41ed636167e0605e187e629"}
{"index": {"_index":"list","_id":"1911340"}}
	{"id":1911340,"type":"buy","buyer":"svirus","seller":"badbitch","symbol":"LIST","quantity":"3341.93274854","price":"0.02100001","timestamp":1636293594,"volume":"70.18062114","buyTxId":"69c32b886d5b136010659aff8b1a8d5664f6fb8f-0","sellTxId":"fd0c4a9e4a37a164d41ed636167e0605e187e629"}
{"index": {"_index":"list","_id":"1911847"}}
	{"id":1911847,"type":"sell","buyer":"eirik","seller":"esmeesmith","symbol":"LIST","quantity":"0.53963392","price":"0.02100000","timestamp":1636299072,"volume":"0.01133231","buyTxId":"a1053f1e3c4d8b8ecc5daf5e34246efad8455a19","sellTxId":"86792caf8d1ad51a4b7fa604311c4b98c32b919e"}
{"index": {"_index":"list","_id":"1911873"}}
	{"id":1911873,"type":"sell","buyer":"eirik","seller":"lisamgentile1961","symbol":"LIST","quantity":"0.82405079","price":"0.02100000","timestamp":1636299279,"volume":"0.01730507","buyTxId":"a1053f1e3c4d8b8ecc5daf5e34246efad8455a19","sellTxId":"473d43f03ee9e7021ebe05ce2cf92203fcd1a69c"}
{"index": {"_index":"list","_id":"1912165"}}
	{"id":1912165,"type":"sell","buyer":"eirik","seller":"brofi-market","symbol":"LIST","quantity":"1.46074200","price":"0.02100000","timestamp":1636301337,"volume":"0.03067558","buyTxId":"a1053f1e3c4d8b8ecc5daf5e34246efad8455a19","sellTxId":"518a41a617be88a48a95f5439ca54d185f323fa4"}
{"index": {"_index":"list","_id":"1912262"}}
	{"id":1912262,"type":"sell","buyer":"eirik","seller":"magnacarta","symbol":"LIST","quantity":"0.000003","price":"0.02100000","timestamp":1636302279,"volume":"0.00000006","buyTxId":"a1053f1e3c4d8b8ecc5daf5e34246efad8455a19","sellTxId":"c97d875947757bca9c6f46912178de2f75d511ab"}
{"index": {"_index":"list","_id":"1912484"}}
	{"id":1912484,"type":"sell","buyer":"eirik","seller":"yintercept","symbol":"LIST","quantity":"0.38340900","price":"0.02100000","timestamp":1636303395,"volume":"0.00805159","buyTxId":"a1053f1e3c4d8b8ecc5daf5e34246efad8455a19","sellTxId":"60882b76505956919901edc9b6ae6ab887695117"}
{"index": {"_index":"list","_id":"1913287"}}
	{"id":1913287,"type":"sell","buyer":"pi-trader","seller":"uyobong","symbol":"LIST","quantity":"39.30158029","price":"0.02100001","timestamp":1636309827,"volume":"0.82533358","buyTxId":"4697a3a246a3a88455ce6f836586e5a957eea2f2-0","sellTxId":"6b4414bbe073d563c92927439cc3d065834862e3"}
{"index": {"_index":"list","_id":"1913397"}}
	{"id":1913397,"type":"sell","buyer":"sbi-tokens","seller":"svirus","symbol":"LIST","quantity":"192.00000000","price":"0.02200000","timestamp":1636310493,"volume":"4.22400000","buyTxId":"9e997e96c8741aa39d6870eb8c012a3f4949306e","sellTxId":"9769ea67aa1b9dfb60d2d3b72854a4cb63a32cb3-1"}
{"index": {"_index":"list","_id":"1913419"}}
	{"id":1913419,"type":"sell","buyer":"sbi-tokens","seller":"svirus","symbol":"LIST","quantity":"192.00000000","price":"0.02200000","timestamp":1636310787,"volume":"4.22400000","buyTxId":"a785b30da61622a3d6f019f9514e3bf91f8e29ad","sellTxId":"1e2b577e1aa413c3fd9fdfa0d6838ac1589c8563-1"}
{"index": {"_index":"list","_id":"1913461"}}
	{"id":1913461,"type":"sell","buyer":"sbi-tokens","seller":"charityball","symbol":"LIST","quantity":"72.42341465","price":"0.02200000","timestamp":1636311186,"volume":"1.59331512","buyTxId":"6ccb60499d8c8e186c060ba282730adb513d2be4","sellTxId":"02e082a2fcd4c16f0f6a4d86f3a2ac28f5c7df22"}
{"index": {"_index":"list","_id":"1913723"}}
	{"id":1913723,"type":"buy","buyer":"weldmaster","seller":"sbi-tokens","symbol":"LIST","quantity":"5.00000000","price":"0.02600000","timestamp":1636314177,"volume":"0.13000000","buyTxId":"8b217d8d39874cd1fa9c74c655133b55a66661f5","sellTxId":"f8448b3e9568e88124d19cfe52a0fb067a33bcd2"}
{"index": {"_index":"list","_id":"1914168"}}
	{"id":1914168,"type":"buy","buyer":"rb3coins","seller":"thelogicaldude","symbol":"LIST","quantity":"10.00000000","price":"0.02590000","timestamp":1636318335,"volume":"0.25900000","buyTxId":"4cb30eb711b106aa0a7497c84da593730fe24164","sellTxId":"MM-P-11990067-58976010-3-0-0"}
{"index": {"_index":"list","_id":"1914529"}}
	{"id":1914529,"type":"sell","buyer":"sbi-tokens","seller":"svirus","symbol":"LIST","quantity":"566.00000000","price":"0.02200000","timestamp":1636321908,"volume":"12.45200000","buyTxId":"fd121a80df2b67307045919196ef2a4423356fc6","sellTxId":"e5901a831d0369407baccf4e5f1007093b50f83a-1"}
{"index": {"_index":"list","_id":"1914596"}}
	{"id":1914596,"type":"sell","buyer":"pi-trader","seller":"chinorf","symbol":"LIST","quantity":"19.99668857","price":"0.02100002","timestamp":1636322610,"volume":"0.41993086","buyTxId":"c34378ea8283d0f188b6be3a48c887e872177b47-0","sellTxId":"b09f0eb4270e6f022ecfe695c6aeca51632314b0"}
{"index": {"_index":"list","_id":"1915392"}}
	{"id":1915392,"type":"sell","buyer":"pi-trader","seller":"sn0n","symbol":"LIST","quantity":"67.90495810","price":"0.02100002","timestamp":1636328607,"volume":"1.42600548","buyTxId":"ce4ad39b5eb17ec8a7f6b83798b1c2dcd9542be0-4","sellTxId":"2270b94d1a97ca75871ff8cf3a05e188ab6fb0c5"}
