{"index": {"_index":"list","_id":"1761528"}}
	{"id":1761528,"type":"sell","buyer":"pi-trader","seller":"paulmoon410","symbol":"LIST","quantity":"5.29580364","price":"0.03254001","timestamp":1634875959,"volume":"0.17232550","buyTxId":"5aa0aec0cc3c2132a17cfc0dee71022825d3631c-4","sellTxId":"e20a91f8c2462fe6c6865942ae76871d424b3d06"}
{"index": {"_index":"list","_id":"1761794"}}
	{"id":1761794,"type":"sell","buyer":"pi-trader","seller":"tonytrillions","symbol":"LIST","quantity":"0.02894169","price":"0.03254001","timestamp":1634879964,"volume":"0.00094176","buyTxId":"288d588e770e1930252b08cafe7c1f341aa45e75-2","sellTxId":"e710d9459aba82305b3d1842a403551fe5bc091c"}
{"index": {"_index":"list","_id":"1763027"}}
	{"id":1763027,"type":"sell","buyer":"pi-trader","seller":"itharagaian","symbol":"LIST","quantity":"0.21800000","price":"0.03254001","timestamp":1634891895,"volume":"0.00709372","buyTxId":"eb46dc96203d48c30822fd18da9a39f5a6da882f-1","sellTxId":"e17b53f9d507e96d6c682956462cf5e0e4f9ed8a"}
{"index": {"_index":"list","_id":"1763869"}}
	{"id":1763869,"type":"sell","buyer":"pi-trader","seller":"tonytrillions","symbol":"LIST","quantity":"0.00215200","price":"0.03254001","timestamp":1634901837,"volume":"0.00007003","buyTxId":"aa9edc3f9c66e4b36ee613692ca910d8fa542169-1","sellTxId":"f17f4812572c37c45c2217c62ba2cc406115042b"}
{"index": {"_index":"list","_id":"1763960"}}
	{"id":1763960,"type":"sell","buyer":"pi-trader","seller":"esmeesmith","symbol":"LIST","quantity":"11.82034155","price":"0.03254001","timestamp":1634903331,"volume":"0.38463403","buyTxId":"343a711753f3acdd70f5eecd4ebae9074be25183-4","sellTxId":"d4bdf53c704ff3b2841aa20acbc719827eaeb5ff"}
{"index": {"_index":"list","_id":"1763984"}}
	{"id":1763984,"type":"buy","buyer":"fiberfrau","seller":"kitsuki","symbol":"LIST","quantity":"0.54000000","price":"0.03989000","timestamp":1634903604,"volume":"0.02154060","buyTxId":"ecbfac98cc2057ba9df5b089898f29cb1abdade9","sellTxId":"8112075c5db284fc7e7afdee558dd8e14642a9c2"}
{"index": {"_index":"list","_id":"1764012"}}
	{"id":1764012,"type":"sell","buyer":"pi-trader","seller":"adalger","symbol":"LIST","quantity":"0.00003208","price":"0.03254001","timestamp":1634903904,"volume":"0.00000104","buyTxId":"d9fb58711510e0d64829ca559db8f441a75678e6-2","sellTxId":"55ed2c4576de9f731d59029390415051e16e1552"}
{"index": {"_index":"list","_id":"1764576"}}
	{"id":1764576,"type":"sell","buyer":"pi-trader","seller":"myvest","symbol":"LIST","quantity":"0.00000872","price":"0.03254001","timestamp":1634909850,"volume":"0.00000028","buyTxId":"97e80deefde1e1ba24bc75e9a7d3c4cb3767108a-1","sellTxId":"0ce0d8aae7ba1e371c398267a7eab0640068ae3e"}
{"index": {"_index":"list","_id":"1764643"}}
	{"id":1764643,"type":"sell","buyer":"pi-trader","seller":"magnacarta","symbol":"LIST","quantity":"0.000004","price":"0.03254001","timestamp":1634910651,"volume":"0.00000013","buyTxId":"d1fe8d06ce8ac0f11732d078bd35ba52da019356-3","sellTxId":"7bc617e5e9a494efd08827a9e6222878dc440dc6"}
{"index": {"_index":"list","_id":"1765469"}}
	{"id":1765469,"type":"sell","buyer":"pi-trader","seller":"rishi556","symbol":"LIST","quantity":"0.000166","price":"0.03254001","timestamp":1634917746,"volume":"0.00000540","buyTxId":"8cf49ddc028660b549a85683ceeb92a1d34bea51-1","sellTxId":"f496a2bd0decefa194982a0accb642c25afb18c0-1"}
{"index": {"_index":"list","_id":"1766761"}}
	{"id":1766761,"type":"sell","buyer":"pi-trader","seller":"charityball","symbol":"LIST","quantity":"81.13216267","price":"0.03254001","timestamp":1634925279,"volume":"2.64004138","buyTxId":"10c7183196ccd1ec2521ec3907810b47e43e16fb-6","sellTxId":"7c380aa8823fde282d14575014e1ccaa5383623f"}
{"index": {"_index":"list","_id":"1767451"}}
	{"id":1767451,"type":"sell","buyer":"pi-trader","seller":"sipahikara","symbol":"LIST","quantity":"63.69963200","price":"0.03254001","timestamp":1634931396,"volume":"2.07278666","buyTxId":"af48ca2d9e6a72339fe41ea24e282c71ecd8596e-2","sellTxId":"ce5b22ba7db19a6f642e4c016b72d0c1d9f1504c"}
{"index": {"_index":"list","_id":"1768351"}}
	{"id":1768351,"type":"sell","buyer":"pi-trader","seller":"droida","symbol":"LIST","quantity":"0.00471310","price":"0.03254001","timestamp":1634940690,"volume":"0.00015336","buyTxId":"7f3e27ff2b4aed020fc4955636359b5f6b718235-4","sellTxId":"97525a675e8c08931ecddfc9a09b24c69e116c34"}
{"index": {"_index":"list","_id":"1769027"}}
	{"id":1769027,"type":"buy","buyer":"fiberfrau","seller":"kitsuki","symbol":"LIST","quantity":"3.46000000","price":"0.03989000","timestamp":1634948241,"volume":"0.13801940","buyTxId":"9df60b60ac95264ca00d7acec0805cec849d67c5","sellTxId":"8112075c5db284fc7e7afdee558dd8e14642a9c2"}
{"index": {"_index":"list","_id":"1769028"}}
	{"id":1769028,"type":"buy","buyer":"fiberfrau","seller":"ctpsb","symbol":"LIST","quantity":"2.61000000","price":"0.03989000","timestamp":1634948241,"volume":"0.10411290","buyTxId":"9df60b60ac95264ca00d7acec0805cec849d67c5","sellTxId":"e0452b4148fe18b4791a6d4275356e4ae98b4225"}
{"index": {"_index":"list","_id":"1769380"}}
	{"id":1769380,"type":"sell","buyer":"fiberfrau","seller":"brofi-market","symbol":"LIST","quantity":"1.21125214","price":"0.03989000","timestamp":1634953797,"volume":"0.04831685","buyTxId":"9df60b60ac95264ca00d7acec0805cec849d67c5","sellTxId":"41faee98207cb1894fba597210ce01e8f8c5563b"}
{"index": {"_index":"list","_id":"1769417"}}
	{"id":1769417,"type":"sell","buyer":"fiberfrau","seller":"thelogicaldude","symbol":"LIST","quantity":"1.71874786","price":"0.03989000","timestamp":1634954067,"volume":"0.06856085","buyTxId":"9df60b60ac95264ca00d7acec0805cec849d67c5","sellTxId":"MM-P-11538639-58523997-3-0-0"}
