{"index": {"_index":"list","_id":"1928108"}}
	{"id":1928108,"type":"sell","buyer":"braaiboy","seller":"brofi-market","symbol":"LIST","quantity":"0.10575194","price":"0.02100000","timestamp":1636431177,"volume":"0.00222079","buyTxId":"5b3df53e8a7819b7e44713702e15f414152d9988","sellTxId":"d52e0f2f8644b8ac8dc91f4f871884044788531c"}
{"index": {"_index":"list","_id":"1929706"}}
	{"id":1929706,"type":"sell","buyer":"braaiboy","seller":"devpress","symbol":"LIST","quantity":"0.68640935","price":"0.02100000","timestamp":1636443966,"volume":"0.01441460","buyTxId":"5b3df53e8a7819b7e44713702e15f414152d9988","sellTxId":"8bf45cc3ce6e17856c34a7188b5282b69cac1254"}
{"index": {"_index":"list","_id":"1929707"}}
	{"id":1929707,"type":"sell","buyer":"pi-trader","seller":"devpress","symbol":"LIST","quantity":"12.52210998","price":"0.02000001","timestamp":1636443966,"volume":"0.25044232","buyTxId":"e16fc99092e15b4e65f42b4142347b1cc73d7e8a-3","sellTxId":"8bf45cc3ce6e17856c34a7188b5282b69cac1254"}
{"index": {"_index":"list","_id":"1930595"}}
	{"id":1930595,"type":"sell","buyer":"pi-trader","seller":"esmeesmith","symbol":"LIST","quantity":"0.53329574","price":"0.02000001","timestamp":1636451547,"volume":"0.01066592","buyTxId":"f23c2d27a3992505749e136302e64a0b383ead1d-2","sellTxId":"8766547b02cc7cd984f28a2014cd9a515c91267b"}
{"index": {"_index":"list","_id":"1930861"}}
	{"id":1930861,"type":"buy","buyer":"kachinhenry","seller":"ctpsb","symbol":"LIST","quantity":"1.60700000","price":"0.02580000","timestamp":1636454304,"volume":"0.04146060","buyTxId":"bf24b34bc059097893516c6243c42542cceac1c4","sellTxId":"e60f6ca4f633a74803a4114bc0cf741ea35524d5"}
{"index": {"_index":"list","_id":"1930862"}}
	{"id":1930862,"type":"buy","buyer":"kachinhenry","seller":"brofi-market","symbol":"LIST","quantity":"0.10575194","price":"0.02590000","timestamp":1636454304,"volume":"0.00273898","buyTxId":"bf24b34bc059097893516c6243c42542cceac1c4","sellTxId":"ad46502960cf2760be6fd787ab76ad2cc7951376"}
{"index": {"_index":"list","_id":"1930863"}}
	{"id":1930863,"type":"buy","buyer":"kachinhenry","seller":"davedickeyyall","symbol":"LIST","quantity":"298.28724806","price":"0.02600000","timestamp":1636454304,"volume":"7.75546845","buyTxId":"bf24b34bc059097893516c6243c42542cceac1c4","sellTxId":"6372ff7f35fb761fea02182178b71fda50de3e24"}
{"index": {"_index":"list","_id":"1931389"}}
	{"id":1931389,"type":"buy","buyer":"fiberfrau","seller":"thelogicaldude","symbol":"LIST","quantity":"19.00000000","price":"0.02590000","timestamp":1636458960,"volume":"0.49210000","buyTxId":"5e64dfed9f24750694df068096ff265fe098ee7f","sellTxId":"MM-P-12037034-59023043-3-0-0"}
{"index": {"_index":"list","_id":"1931497"}}
	{"id":1931497,"type":"buy","buyer":"dwarflordnoj","seller":"thelogicaldude","symbol":"LIST","quantity":"50.57915057","price":"0.02590000","timestamp":1636459950,"volume":"1.31","buyTxId":"5b9dcdbeebb255ad31fd2213013a32ce395ff882","sellTxId":"MM-P-12037034-59023043-3-0-0"}
{"index": {"_index":"list","_id":"1932172"}}
	{"id":1932172,"type":"sell","buyer":"pi-trader","seller":"pablodare","symbol":"LIST","quantity":"9.02808397","price":"0.02000001","timestamp":1636467090,"volume":"0.18056177","buyTxId":"c5111fb6d7f54b7a16f30e986610d7e4fc2c8e18-4","sellTxId":"1fa546a1a46db05d47c9b6a9426f2cb570ecae4e"}
{"index": {"_index":"list","_id":"1932181"}}
	{"id":1932181,"type":"sell","buyer":"pi-trader","seller":"tonytrillions","symbol":"LIST","quantity":"0.00267600","price":"0.02000001","timestamp":1636467165,"volume":"0.00005352","buyTxId":"21f8729eaa658d5f1c762a55f4424ebe3344556a-4","sellTxId":"fc47c87cbff5cf6447b00631c4c429430c001df3"}
{"index": {"_index":"list","_id":"1932254"}}
	{"id":1932254,"type":"sell","buyer":"pi-trader","seller":"magnacarta","symbol":"LIST","quantity":"0.65171396","price":"0.02000001","timestamp":1636467666,"volume":"0.01303429","buyTxId":"32b128704239c1a636cbbdc930cda23cd6c63882-1","sellTxId":"adcfb57c1ba79c517673b709f689b527d7424ff5"}
{"index": {"_index":"list","_id":"1932439"}}
	{"id":1932439,"type":"sell","buyer":"pi-trader","seller":"chinorf","symbol":"LIST","quantity":"27.71302164","price":"0.02000001","timestamp":1636469352,"volume":"0.55426071","buyTxId":"89c09fa2c17b4761a38f7eca113aff3455e38c1c-2","sellTxId":"6245c804856b1ebec11a237a61af4585425e546d"}
{"index": {"_index":"list","_id":"1933102"}}
	{"id":1933102,"type":"sell","buyer":"pi-trader","seller":"brofi-market","symbol":"LIST","quantity":"0.37236625","price":"0.02000001","timestamp":1636474449,"volume":"0.00744733","buyTxId":"6f9a1a3f539c0594aeab12fc4a5db32862876fd6-6","sellTxId":"e409f7f4e74f0965e61297e18926ba899ffc56fb"}
{"index": {"_index":"list","_id":"1933612"}}
	{"id":1933612,"type":"sell","buyer":"pi-trader","seller":"marvinix","symbol":"LIST","quantity":"4.38","price":"0.02000001","timestamp":1636477794,"volume":"0.08760004","buyTxId":"f62f1e27fd141b2a59e466cd8f92304567eaa548-5","sellTxId":"80125aad7f82aab429e91c9bb7eb0dbdaaa75e46"}
{"index": {"_index":"list","_id":"1934230"}}
	{"id":1934230,"type":"sell","buyer":"pi-trader","seller":"charityball","symbol":"LIST","quantity":"300.00000000","price":"0.02000001","timestamp":1636482054,"volume":"6.00000300","buyTxId":"ca1edf45b5fa31d5bd5842343d5212bdcec0b6a6-6","sellTxId":"5256b057844d1053c0f62a22f2fa207917fbaab2"}
{"index": {"_index":"list","_id":"1934231"}}
	{"id":1934231,"type":"sell","buyer":"ganjafarmer","seller":"charityball","symbol":"LIST","quantity":"30.00000000","price":"0.02000001","timestamp":1636482054,"volume":"0.60000030","buyTxId":"d7519031dd1721ea83ec038a431ce41ab7415361","sellTxId":"5256b057844d1053c0f62a22f2fa207917fbaab2"}
{"index": {"_index":"list","_id":"1934232"}}
	{"id":1934232,"type":"sell","buyer":"thelogicaldude","seller":"charityball","symbol":"LIST","quantity":"500.00000000","price":"0.02000000","timestamp":1636482054,"volume":"10.00000000","buyTxId":"MM-P-11648179-58633570-3-0-0","sellTxId":"5256b057844d1053c0f62a22f2fa207917fbaab2"}
{"index": {"_index":"list","_id":"1935767"}}
	{"id":1935767,"type":"sell","buyer":"pi-trader","seller":"corporateay","symbol":"LIST","quantity":"8.59632402","price":"0.02000001","timestamp":1636495944,"volume":"0.17192657","buyTxId":"d407db7674ef94acdabcc2128f03d5d4c5392845-1","sellTxId":"9fb7cfe946e5f2762094920677aadd9b5352ab70"}
{"index": {"_index":"list","_id":"1935916"}}
	{"id":1935916,"type":"sell","buyer":"pi-trader","seller":"justinparke","symbol":"LIST","quantity":"14.00715509","price":"0.02000001","timestamp":1636497264,"volume":"0.28014324","buyTxId":"625448d4eefedbcebc6a3a8251c63209856af8ac-2","sellTxId":"81a99122bbb29df0377efee9cee90a4f388c40b2"}
