{"index": {"_index":"list","_id":"1033877"}}
	{"id":1033877,"type":"sell","buyer":"thelogicaldude","seller":"shmoogleosukami","symbol":"LIST","quantity":"1.00096659","price":"0.01730000","timestamp":1620429771,"volume":"0.01731672","buyTxId":"MM-P-6772172-53674214-3-0-0","sellTxId":"4f651d4fcd25e2ea70d0f000abb5d4f392a1256b"}
{"index": {"_index":"list","_id":"1034745"}}
	{"id":1034745,"type":"sell","buyer":"thelogicaldude","seller":"rishi556","symbol":"LIST","quantity":"1.32845186","price":"0.01750000","timestamp":1620454620,"volume":"0.02324791","buyTxId":"MM-P-6795096-53699983-3-0-0","sellTxId":"a9223e29964bdb35a88d3dd061a1bfa5de01137a-1"}
{"index": {"_index":"list","_id":"1034775"}}
	{"id":1034775,"type":"sell","buyer":"thelogicaldude","seller":"sipahikara","symbol":"LIST","quantity":"58.92000000","price":"0.01750000","timestamp":1620455457,"volume":"1.03110000","buyTxId":"MM-P-6795096-53699983-3-0-0","sellTxId":"2f8cf841c8b6742fe3ba9bfedba657ae7850f684"}
{"index": {"_index":"list","_id":"1034786"}}
	{"id":1034786,"type":"sell","buyer":"thelogicaldude","seller":"maximiliam","symbol":"LIST","quantity":"0.95034674","price":"0.01750000","timestamp":1620455919,"volume":"0.01663107","buyTxId":"MM-P-6795096-53699983-3-0-0","sellTxId":"4b647587d3a510644c3c7aaecbecc9e855c023dd"}
{"index": {"_index":"list","_id":"1035384"}}
	{"id":1035384,"type":"sell","buyer":"thelogicaldude","seller":"oswvin01","symbol":"LIST","quantity":"68.64185473","price":"0.01750000","timestamp":1620480882,"volume":"1.20123246","buyTxId":"MM-P-6795096-53699983-3-0-0","sellTxId":"c4208bd370becb2f0ba543e509bbd9abffd912b4"}
{"index": {"_index":"list","_id":"1035547"}}
	{"id":1035547,"type":"sell","buyer":"thelogicaldude","seller":"jersteemit","symbol":"LIST","quantity":"20.31958552","price":"0.01750000","timestamp":1620487179,"volume":"0.35559275","buyTxId":"MM-P-6795096-53699983-3-0-0","sellTxId":"e7667241a23df47424a80a72ac5585286435296a"}
{"index": {"_index":"list","_id":"1035738"}}
	{"id":1035738,"type":"sell","buyer":"thelogicaldude","seller":"crypto133","symbol":"LIST","quantity":"32.10522128","price":"0.01750000","timestamp":1620492057,"volume":"0.56184137","buyTxId":"MM-P-6795096-53699983-3-0-0","sellTxId":"5ba8bad8018dece83c3a591cbb054b283bfeff92"}
{"index": {"_index":"list","_id":"1035752"}}
	{"id":1035752,"type":"sell","buyer":"thelogicaldude","seller":"rishi556","symbol":"LIST","quantity":"0.00012959","price":"0.01750000","timestamp":1620492399,"volume":"0.00000227","buyTxId":"MM-P-6795096-53699983-3-0-0","sellTxId":"41b1add35b9a779664d60c7ece096512fa5f444f-2"}
{"index": {"_index":"list","_id":"1035766"}}
	{"id":1035766,"type":"sell","buyer":"thelogicaldude","seller":"hivehold","symbol":"LIST","quantity":"44.40833997","price":"0.01750000","timestamp":1620492498,"volume":"0.77714595","buyTxId":"MM-P-6795096-53699983-3-0-0","sellTxId":"a0d5f0cd5f46c9396a263e2761a6b03e7bde09cf"}
{"index": {"_index":"list","_id":"1035817"}}
	{"id":1035817,"type":"sell","buyer":"thelogicaldude","seller":"bahagia-arbi","symbol":"LIST","quantity":"141.00092102","price":"0.01750000","timestamp":1620493347,"volume":"2.46751612","buyTxId":"MM-P-6795096-53699983-3-0-0","sellTxId":"123203059cf0b1dc8337020300dd6c3b78052115"}
{"index": {"_index":"list","_id":"1035886"}}
	{"id":1035886,"type":"sell","buyer":"thelogicaldude","seller":"tonytrillions","symbol":"LIST","quantity":"0.00102475","price":"0.01750000","timestamp":1620494130,"volume":"0.00001793","buyTxId":"MM-P-6795096-53699983-3-0-0","sellTxId":"57daa1aa1ac39ccf7697c89d9fee70d80d6333e6"}
{"index": {"_index":"list","_id":"1036052"}}
	{"id":1036052,"type":"sell","buyer":"thelogicaldude","seller":"joemark","symbol":"LIST","quantity":"12.55120852","price":"0.01750000","timestamp":1620498003,"volume":"0.21964615","buyTxId":"MM-P-6795096-53699983-3-0-0","sellTxId":"dc72b5468758ba507a9c54f4bc5c7f8a671cba00"}
{"index": {"_index":"list","_id":"1036225"}}
	{"id":1036225,"type":"sell","buyer":"thelogicaldude","seller":"maximiliam","symbol":"LIST","quantity":"2.29151786","price":"0.01750000","timestamp":1620502389,"volume":"0.04010156","buyTxId":"MM-P-6795096-53699983-3-0-0","sellTxId":"37e301424aaca7888e4bef360d7251b8941549fe"}
{"index": {"_index":"list","_id":"1036331"}}
	{"id":1036331,"type":"sell","buyer":"thelogicaldude","seller":"chireerocks","symbol":"LIST","quantity":"18.69370093","price":"0.01750000","timestamp":1620503772,"volume":"0.32713977","buyTxId":"MM-P-6795096-53699983-3-0-0","sellTxId":"fa2a1e9271c7bc4c530b7727e60a33b68105f3a7"}
{"index": {"_index":"list","_id":"1036534"}}
	{"id":1036534,"type":"sell","buyer":"thelogicaldude","seller":"doitvoluntarily","symbol":"LIST","quantity":"28.64509795","price":"0.01750000","timestamp":1620506946,"volume":"0.50128921","buyTxId":"MM-P-6795096-53699983-3-0-0","sellTxId":"1f8a87d95ccfba94bc377a856b7e22e650dc3784"}
{"index": {"_index":"list","_id":"1036607"}}
	{"id":1036607,"type":"sell","buyer":"thelogicaldude","seller":"ganjafarmer","symbol":"LIST","quantity":"0.84677928","price":"0.01750000","timestamp":1620508800,"volume":"0.01481864","buyTxId":"MM-P-6795096-53699983-3-0-0","sellTxId":"217fbcf7cdf4fec107bf28b8cec6568910d2f5a4"}
