{"index": {"_index":"list","_id":"1858073"}}
	{"id":1858073,"type":"sell","buyer":"pi-trader","seller":"dhedge-drips","symbol":"LIST","quantity":"0.08694607","price":"0.02015001","timestamp":1635814059,"volume":"0.00175196","buyTxId":"81342eaedfcffd1c9af5e3104e8440a7b15dd4bf-8","sellTxId":"ef6dae368838645d3f77459d15ac39f646c797a7"}
{"index": {"_index":"list","_id":"1859676"}}
	{"id":1859676,"type":"sell","buyer":"pi-trader","seller":"devpress","symbol":"LIST","quantity":"35.51769443","price":"0.02010002","timestamp":1635829797,"volume":"0.71390637","buyTxId":"0e98520be9401b15fc3e7a225cee2db142dfef0f-5","sellTxId":"9b78245503dcd02295de1eb9f71cc7c43eb67674"}
{"index": {"_index":"list","_id":"1860344"}}
	{"id":1860344,"type":"sell","buyer":"pi-trader","seller":"ctpsb","symbol":"LIST","quantity":"13.55200000","price":"0.02010002","timestamp":1635838521,"volume":"0.27239547","buyTxId":"4a313abed8b9898ec729a9aeaf5eab9bc0093978-6","sellTxId":"5f96c5fe36c320ac0a5f7ba3ff1b9193e90a71b2"}
{"index": {"_index":"list","_id":"1860362"}}
	{"id":1860362,"type":"sell","buyer":"pi-trader","seller":"bokica80","symbol":"LIST","quantity":"0.55490813","price":"0.02010002","timestamp":1635838716,"volume":"0.01115366","buyTxId":"384c72c4b8aac419e5d29a5fd383f9702ddd39ce-6","sellTxId":"ac4a0426d69bae20bc10be7cde228add57c6769d"}
{"index": {"_index":"list","_id":"1861102"}}
	{"id":1861102,"type":"sell","buyer":"pi-trader","seller":"aiovo","symbol":"LIST","quantity":"150.00000000","price":"0.02010002","timestamp":1635846759,"volume":"3.01500300","buyTxId":"81d0bb61e1151946959f116fb7659ace7582c7a2-2","sellTxId":"137b5e8d35048272c3608a65cfb9ca3ce1ba25b6"}
{"index": {"_index":"list","_id":"1861128"}}
	{"id":1861128,"type":"sell","buyer":"pi-trader","seller":"tonytrillions","symbol":"LIST","quantity":"0.03124900","price":"0.02010002","timestamp":1635846960,"volume":"0.00062811","buyTxId":"d1a26e59ab4cd5feabd18fc942dca2cfb03357c4-8","sellTxId":"6b1c34901e6dac026b438e1080372e4645c5aca3"}
{"index": {"_index":"list","_id":"1861303"}}
	{"id":1861303,"type":"sell","buyer":"pi-trader","seller":"tonytrillions","symbol":"LIST","quantity":"0.00204800","price":"0.02010002","timestamp":1635849276,"volume":"0.00004116","buyTxId":"1af7d6d7d0471992174e535be5f164a1788ebadc-5","sellTxId":"a4d83d6946ad9cc65f72807027fed06d21755128"}
{"index": {"_index":"list","_id":"1862112"}}
	{"id":1862112,"type":"sell","buyer":"pi-trader","seller":"pablodare","symbol":"LIST","quantity":"23.98353299","price":"0.02010002","timestamp":1635857184,"volume":"0.48206949","buyTxId":"eba9afce963c50799ce946f8b0f9c4c6a90ee8c6-5","sellTxId":"4d2819b1b46ab64b4c0f320f0b64c7e5a00b0d7c"}
{"index": {"_index":"list","_id":"1862838"}}
	{"id":1862838,"type":"sell","buyer":"pi-trader","seller":"magnacarta","symbol":"LIST","quantity":"0.65171396","price":"0.02100001","timestamp":1635863232,"volume":"0.01368600","buyTxId":"1f3d91dbe5c63c91cf32424887df800ac73ba71b-1","sellTxId":"1b16c0f47f490ed3ec5d227e5d45e7de30861d9e"}
{"index": {"_index":"list","_id":"1862981"}}
	{"id":1862981,"type":"sell","buyer":"pi-trader","seller":"uyobong","symbol":"LIST","quantity":"78.32180914","price":"0.02100001","timestamp":1635864447,"volume":"1.64475878","buyTxId":"09aa97e6c7d12ecc4e9712e45078cdf19579d9df-4","sellTxId":"fee62d8a8fd28bdd04ad6a45bc2e86e629b908cc"}
{"index": {"_index":"list","_id":"1863592"}}
	{"id":1863592,"type":"sell","buyer":"pi-trader","seller":"esmeesmith","symbol":"LIST","quantity":"0.88944293","price":"0.02100001","timestamp":1635869625,"volume":"0.01867831","buyTxId":"8474eb0e279b8f01c4920389df65d7227aa3c4f1-8","sellTxId":"1d9d0939418e71e141586625c80149ab63b5d3bb"}
{"index": {"_index":"list","_id":"1865017"}}
	{"id":1865017,"type":"sell","buyer":"pi-trader","seller":"sipahikara","symbol":"LIST","quantity":"20.61260000","price":"0.02100001","timestamp":1635879276,"volume":"0.43286481","buyTxId":"77c4d873fc75099cd33569a5901d119372e8a4d5-4","sellTxId":"8a611a6fb937ca9d392f5e9c679585a5d061d6d2"}
{"index": {"_index":"list","_id":"1865514"}}
	{"id":1865514,"type":"sell","buyer":"pi-trader","seller":"brofi-market","symbol":"LIST","quantity":"1.74616707","price":"0.02100001","timestamp":1635883707,"volume":"0.03666953","buyTxId":"7cddf4905184282a73d555168ee8ecb1ffcb2219-4","sellTxId":"dea4fa9b9864ec3763c0767b1b513a8eb8929fd7"}
{"index": {"_index":"list","_id":"1865604"}}
	{"id":1865604,"type":"sell","buyer":"pi-trader","seller":"myvest","symbol":"LIST","quantity":"0.00000870","price":"0.02100001","timestamp":1635884598,"volume":"0.00000018","buyTxId":"49357c392271c52cbf609b5dc3f9505fbd0ef60e-3","sellTxId":"94e7f6aac929157812cc7ae26f60c7eb1e05bfff"}
{"index": {"_index":"list","_id":"1866727"}}
	{"id":1866727,"type":"sell","buyer":"pi-trader","seller":"matheusggr","symbol":"LIST","quantity":"16.95931726","price":"0.02100001","timestamp":1635894315,"volume":"0.35614583","buyTxId":"14632563670ae3007a0247c49e430c76e32824f6-7","sellTxId":"e5879cea6792a2b0c2aef1a8f40aa0e9afe9b8d0"}
{"index": {"_index":"list","_id":"1867327"}}
	{"id":1867327,"type":"sell","buyer":"pi-trader","seller":"dhedge-drips","symbol":"LIST","quantity":"0.16370315","price":"0.02100001","timestamp":1635900414,"volume":"0.00343777","buyTxId":"53b6e691601cb82f2083147184ec047f8d8d4b71-8","sellTxId":"8ad5e3fadf0e5516bfcf529f6bfa020acc9b7c7f"}
