{"index": {"_index":"list","_id":"1841352"}}
	{"id":1841352,"type":"sell","buyer":"pi-trader","seller":"brofi-market","symbol":"LIST","quantity":"0.16762482","price":"0.02100024","timestamp":1635653385,"volume":"0.00352016","buyTxId":"b93cbf7f0832daa3cc7c2c5195c509e8c7c41a0b-9","sellTxId":"2bd0d23213efc0eb44299d2db275fdd3b2edc6c9"}
{"index": {"_index":"list","_id":"1841476"}}
	{"id":1841476,"type":"sell","buyer":"pi-trader","seller":"badbitch","symbol":"LIST","quantity":"300.00000000","price":"0.02100024","timestamp":1635655188,"volume":"6.30007200","buyTxId":"5b8951b59ae876bd4aa3058bb114e5223e949f05-4","sellTxId":"de1cc42e6254d4f6f2fdb95d9ab93718ca6828ac"}
{"index": {"_index":"list","_id":"1841477"}}
	{"id":1841477,"type":"sell","buyer":"bityobit","seller":"badbitch","symbol":"LIST","quantity":"200.00000000","price":"0.02100023","timestamp":1635655224,"volume":"4.20004600","buyTxId":"aed096d65e228e88b93611c2c3c26c785f5e63c1","sellTxId":"e9c8d5ffcd2d989982dab0a892dcea4ba94a46cb"}
{"index": {"_index":"list","_id":"1841482"}}
	{"id":1841482,"type":"sell","buyer":"pi-trader","seller":"badbitch","symbol":"LIST","quantity":"300.00000000","price":"0.02100024","timestamp":1635655257,"volume":"6.30007200","buyTxId":"c6df9c2132191946565a6f42f4ec55dc80eb617e-2","sellTxId":"a44985fea7d32c657e9b8e1aea79ade55f4dcb5a"}
{"index": {"_index":"list","_id":"1841486"}}
	{"id":1841486,"type":"sell","buyer":"pi-trader","seller":"badbitch","symbol":"LIST","quantity":"80.69328126","price":"0.02100022","timestamp":1635655353,"volume":"1.69457666","buyTxId":"66d9ae9540beec29f9a64092e185822db9250cb7-1","sellTxId":"3d643d01a13a26b87247c0573447e38dce394344"}
{"index": {"_index":"list","_id":"1841507"}}
	{"id":1841507,"type":"sell","buyer":"pi-trader","seller":"badbitch","symbol":"LIST","quantity":"300.00000000","price":"0.02100022","timestamp":1635655752,"volume":"6.30006600","buyTxId":"de5351f38bd3963f30a7beeaec928e4496607019-3","sellTxId":"aafe59a980f007268ff519b51562b945f19d035f"}
{"index": {"_index":"list","_id":"1841508"}}
	{"id":1841508,"type":"buy","buyer":"svirus","seller":"badbitch","symbol":"LIST","quantity":"2700.00000000","price":"0.02100022","timestamp":1635655755,"volume":"56.70059400","buyTxId":"dbb9801f3ec1c602d22170b43d79343e811a26e8-0","sellTxId":"aafe59a980f007268ff519b51562b945f19d035f"}
{"index": {"_index":"list","_id":"1841924"}}
	{"id":1841924,"type":"sell","buyer":"pi-trader","seller":"mercurial9","symbol":"LIST","quantity":"2.95947985","price":"0.02100022","timestamp":1635660615,"volume":"0.06214973","buyTxId":"5701f7961badd32b44991ebb1774acee88377902-4","sellTxId":"59325bf1d1587dc543e4bea993b279377fa8c250"}
{"index": {"_index":"list","_id":"1842456"}}
	{"id":1842456,"type":"sell","buyer":"pi-trader","seller":"saachi.list","symbol":"LIST","quantity":"58.00000000","price":"0.02100022","timestamp":1635665346,"volume":"1.21801276","buyTxId":"f6b6db174b0e0efb694165766a7c8133363265bb-2","sellTxId":"48b64594aada2a011124a6d4cc702f2a168175ab"}
{"index": {"_index":"list","_id":"1842583"}}
	{"id":1842583,"type":"sell","buyer":"pi-trader","seller":"buildahouse","symbol":"LIST","quantity":"0.47000000","price":"0.02100022","timestamp":1635666798,"volume":"0.00987010","buyTxId":"1c9d92a4d1d0a9a56cec10c1f4c7c729678a0c69-6","sellTxId":"998d4cb7c62bad2b29a7964fc11e6b0d63a6b05c"}
{"index": {"_index":"list","_id":"1843499"}}
	{"id":1843499,"type":"sell","buyer":"pi-trader","seller":"corporateay","symbol":"LIST","quantity":"0.67839905","price":"0.02100024","timestamp":1635675594,"volume":"0.01424654","buyTxId":"c149f86c9862fb87a226d0c4a01aea1b7b007238-7","sellTxId":"7e570271fb85a3a6d9033cdcc7160e4cb9471767"}
{"index": {"_index":"list","_id":"1843821"}}
	{"id":1843821,"type":"buy","buyer":"fiberfrau","seller":"brofi-market","symbol":"LIST","quantity":"0.16650016","price":"0.03000000","timestamp":1635679137,"volume":"0.00499500","buyTxId":"b010bc65df4e0cb0953efbcfe5484646ae65e41b","sellTxId":"a492dc46d02809a0dee384ece9897ebc8c7e58eb"}
{"index": {"_index":"list","_id":"1843822"}}
	{"id":1843822,"type":"buy","buyer":"fiberfrau","seller":"brofi-market","symbol":"LIST","quantity":"0.16762482","price":"0.03000000","timestamp":1635679137,"volume":"0.00502874","buyTxId":"b010bc65df4e0cb0953efbcfe5484646ae65e41b","sellTxId":"d30102196ca4f8c78ca4998d90599e1e68f94628"}
{"index": {"_index":"list","_id":"1843851"}}
	{"id":1843851,"type":"sell","buyer":"fiberfrau","seller":"arbys","symbol":"LIST","quantity":"17.66587502","price":"0.03000000","timestamp":1635679815,"volume":"0.52997625","buyTxId":"b010bc65df4e0cb0953efbcfe5484646ae65e41b","sellTxId":"582cd0fb8a322a528df357a83ccdbec9c1173c40-1"}
{"index": {"_index":"list","_id":"1844030"}}
	{"id":1844030,"type":"sell","buyer":"pi-trader","seller":"chekohler","symbol":"LIST","quantity":"0.00017900","price":"0.02100026","timestamp":1635681963,"volume":"0.00000376","buyTxId":"cfa86802257da295d47d83c827381ca5984af027-2","sellTxId":"8fd7b9ce67a5c247ec3f315658a05a777100fd68"}
{"index": {"_index":"list","_id":"1844349"}}
	{"id":1844349,"type":"sell","buyer":"pi-trader","seller":"esmeesmith","symbol":"LIST","quantity":"5.8243222","price":"0.02100026","timestamp":1635685170,"volume":"0.12231228","buyTxId":"5823cf62c5332492e85ee8f1cab6a40006601a5c-4","sellTxId":"80e36b985348efa06500367c49def8f91572025a"}
{"index": {"_index":"list","_id":"1844703"}}
	{"id":1844703,"type":"sell","buyer":"pi-trader","seller":"chinorf","symbol":"LIST","quantity":"13.99584218","price":"0.02100026","timestamp":1635689724,"volume":"0.29391632","buyTxId":"e7fce5ebf39630dfb2cc65fa3bae6cc83377298e-3","sellTxId":"db9ea6584a7cb07f80549d236f27a9580c033bd3"}
{"index": {"_index":"list","_id":"1844908"}}
	{"id":1844908,"type":"sell","buyer":"pi-trader","seller":"magnacarta","symbol":"LIST","quantity":"0.000003","price":"0.02100026","timestamp":1635692010,"volume":"0.00000006","buyTxId":"dff3f7a028a57f596410a552428331fdeea31fe9-6","sellTxId":"d7d0b497e0ef407d8341e67bd59865e75256c1bf"}
{"index": {"_index":"list","_id":"1846219"}}
	{"id":1846219,"type":"sell","buyer":"pi-trader","seller":"zonadigital21","symbol":"LIST","quantity":"12.82627678","price":"0.02100026","timestamp":1635700980,"volume":"0.26935515","buyTxId":"56a5cf0e5eef5ef35a8a012594f25b89be805b66-3","sellTxId":"298a5ba0b18756324064915f9452595fc48ed05a"}
{"index": {"_index":"list","_id":"1848303"}}
	{"id":1848303,"type":"buy","buyer":"shmoogleosukami","seller":"thelogicaldude","symbol":"LIST","quantity":"1000.00000000","price":"0.03190000","timestamp":1635721500,"volume":"31.90000000","buyTxId":"68dcbded9f021a23f31da629869dc85881ad9b15","sellTxId":"MM-P-11778742-58764463-3-0-0"}
{"index": {"_index":"list","_id":"1848304"}}
	{"id":1848304,"type":"buy","buyer":"shmoogleosukami","seller":"hivelist","symbol":"LIST","quantity":"316.11893583","price":"0.03195000","timestamp":1635721500,"volume":"10.10000000","buyTxId":"68dcbded9f021a23f31da629869dc85881ad9b15","sellTxId":"201d5474cb2b0c8e743e9ecc8ee10911b5b40181"}
{"index": {"_index":"list","_id":"1848345"}}
	{"id":1848345,"type":"sell","buyer":"pi-trader","seller":"badbitch","symbol":"LIST","quantity":"226.08917819","price":"0.02100026","timestamp":1635722277,"volume":"4.74793153","buyTxId":"2adc18874a19874b2ec0d072fb5e0a24c323098e-2","sellTxId":"bcf43ac61b9a0678c00e0e2ca089f4d2ac2a1d4c"}
{"index": {"_index":"list","_id":"1848593"}}
	{"id":1848593,"type":"sell","buyer":"pi-trader","seller":"brofi-market","symbol":"LIST","quantity":"0.79954062","price":"0.02100026","timestamp":1635725475,"volume":"0.01679056","buyTxId":"61a267495f59b92fdbadc4f843502d8af1ff02ef-4","sellTxId":"8705e912639f42cd16e72f632d09bcdfaf571958"}
{"index": {"_index":"list","_id":"1849543"}}
	{"id":1849543,"type":"sell","buyer":"pi-trader","seller":"hive-id","symbol":"LIST","quantity":"6.00000000","price":"0.02100026","timestamp":1635735507,"volume":"0.12600156","buyTxId":"87930863723967c9c1c7532a98915febdd8645ed-7","sellTxId":"10e20b69f70a3f3f039ad6f5980257835e4f6541"}
{"index": {"_index":"list","_id":"1849824"}}
	{"id":1849824,"type":"buy","buyer":"kachinhenry","seller":"thelogicaldude","symbol":"LIST","quantity":"300.00000000","price":"0.03175000","timestamp":1635738447,"volume":"9.52500000","buyTxId":"3bd688ccee8323ce78b6562214ec0a5cb62d9f65","sellTxId":"MM-P-11798956-58784684-3-0-0"}
