{"index": {"_index":"list","_id":"1642644"}}
	{"id":1642644,"type":"sell","buyer":"dibblers.dabs","seller":"esmeesmith","symbol":"LIST","quantity":"7.27402357","price":"0.03000000","timestamp":1633403343,"volume":"0.21822071","buyTxId":"86d3a0f76d32d711c4f86ee6ca60d20f3eae5e8d","sellTxId":"4bdbd4ab3552444695bcf76fa4034c4ab2e69076"}
{"index": {"_index":"list","_id":"1643307"}}
	{"id":1643307,"type":"sell","buyer":"dibblers.dabs","seller":"stickupboys","symbol":"LIST","quantity":"0.11884100","price":"0.03000000","timestamp":1633417539,"volume":"0.00356523","buyTxId":"86d3a0f76d32d711c4f86ee6ca60d20f3eae5e8d","sellTxId":"8d6a3f8d19d479287cceef3057c29153e1d236e6"}
{"index": {"_index":"list","_id":"1644191"}}
	{"id":1644191,"type":"sell","buyer":"eirik","seller":"brofi-market","symbol":"LIST","quantity":"1.64873358","price":"0.03010000","timestamp":1633435863,"volume":"0.04962688","buyTxId":"65d4d637d0ef5edc56a9b81767717457baad14a5","sellTxId":"d425c8d523ecc024f679e8cb2de32a460bc2021c"}
{"index": {"_index":"list","_id":"1644400"}}
	{"id":1644400,"type":"sell","buyer":"eirik","seller":"dswap","symbol":"LIST","quantity":"0.37775211","price":"0.03010000","timestamp":1633438314,"volume":"0.01137034","buyTxId":"65d4d637d0ef5edc56a9b81767717457baad14a5","sellTxId":"c0ea21146ff4305a31ad07b32d43dd4283ea600b"}
{"index": {"_index":"list","_id":"1644485"}}
	{"id":1644485,"type":"sell","buyer":"eirik","seller":"tonytrillions","symbol":"LIST","quantity":"0.00225100","price":"0.03010000","timestamp":1633439655,"volume":"0.00006776","buyTxId":"65d4d637d0ef5edc56a9b81767717457baad14a5","sellTxId":"1aad1baa8b81817ff669d9b89e5355d08570a2e4"}
{"index": {"_index":"list","_id":"1644537"}}
	{"id":1644537,"type":"sell","buyer":"eirik","seller":"offgridlife","symbol":"LIST","quantity":"45.00000000","price":"0.03010000","timestamp":1633440372,"volume":"1.35450000","buyTxId":"65d4d637d0ef5edc56a9b81767717457baad14a5","sellTxId":"95928f60b95573a5b23eab7c914c4b5ae7b1f649"}
{"index": {"_index":"list","_id":"1645374"}}
	{"id":1645374,"type":"sell","buyer":"eirik","seller":"esmeesmith","symbol":"LIST","quantity":"2.97126331","price":"0.03010000","timestamp":1633451313,"volume":"0.08943502","buyTxId":"65d4d637d0ef5edc56a9b81767717457baad14a5","sellTxId":"1db55f395d138fc88e8e0b47c0dff182ea46a07c"}
{"index": {"_index":"list","_id":"1645375"}}
	{"id":1645375,"type":"sell","buyer":"dibblers.dabs","seller":"esmeesmith","symbol":"LIST","quantity":"1.48222393","price":"0.03000000","timestamp":1633451313,"volume":"0.04446672","buyTxId":"86d3a0f76d32d711c4f86ee6ca60d20f3eae5e8d","sellTxId":"1db55f395d138fc88e8e0b47c0dff182ea46a07c"}
{"index": {"_index":"list","_id":"1645603"}}
	{"id":1645603,"type":"sell","buyer":"dibblers.dabs","seller":"thatsweeneyguy","symbol":"LIST","quantity":"20.95745841","price":"0.03000000","timestamp":1633453191,"volume":"0.62872375","buyTxId":"86d3a0f76d32d711c4f86ee6ca60d20f3eae5e8d","sellTxId":"ec2db3d2862b9362c1394de284764cdac3629e84"}
{"index": {"_index":"list","_id":"1645636"}}
	{"id":1645636,"type":"sell","buyer":"dibblers.dabs","seller":"khazrakh","symbol":"LIST","quantity":"31.42799962","price":"0.03000000","timestamp":1633453410,"volume":"0.94283999","buyTxId":"86d3a0f76d32d711c4f86ee6ca60d20f3eae5e8d","sellTxId":"e0b1ecf6c5b73f2188fc14b26de112d00c4c7927"}
{"index": {"_index":"list","_id":"1645961"}}
	{"id":1645961,"type":"sell","buyer":"dibblers.dabs","seller":"chinorf","symbol":"LIST","quantity":"27.37732896","price":"0.03000000","timestamp":1633456614,"volume":"0.82131987","buyTxId":"86d3a0f76d32d711c4f86ee6ca60d20f3eae5e8d","sellTxId":"c7cafd1a6dccd5809e26e5bbffd9b9cd3cf05e1d"}
{"index": {"_index":"list","_id":"1646395"}}
	{"id":1646395,"type":"sell","buyer":"risingstargame","seller":"ackza","symbol":"LIST","quantity":"1.37449083","price":"0.03701000","timestamp":1633461567,"volume":"0.05086991","buyTxId":"a504abe57311c6ed2c274e186f9e615122f702b4","sellTxId":"a54b4151af7102643e97e5645d2ded526800297a"}
{"index": {"_index":"list","_id":"1646600"}}
	{"id":1646600,"type":"sell","buyer":"risingstargame","seller":"sipahikara","symbol":"LIST","quantity":"17.61610000","price":"0.03701000","timestamp":1633464213,"volume":"0.65197186","buyTxId":"a504abe57311c6ed2c274e186f9e615122f702b4","sellTxId":"0f86711b57b1e4cce61d3b34ba828802526f2fc4"}
{"index": {"_index":"list","_id":"1646614"}}
	{"id":1646614,"type":"sell","buyer":"risingstargame","seller":"gatticus","symbol":"LIST","quantity":"0.00000040","price":"0.03701000","timestamp":1633464414,"volume":"0.00000001","buyTxId":"a504abe57311c6ed2c274e186f9e615122f702b4","sellTxId":"48022de4798a19ebfd597b375212e66e4dbff951"}
{"index": {"_index":"list","_id":"1647034"}}
	{"id":1647034,"type":"sell","buyer":"dibblers.dabs","seller":"crypto133","symbol":"LIST","quantity":"104.72863728","price":"0.03701100","timestamp":1633468968,"volume":"3.87611159","buyTxId":"5402f9f9f2c3a77ad7f0b69f54774c0a6a094c75","sellTxId":"b2e39f2f64ce08681926f0e385a623e83ce02fd4"}
{"index": {"_index":"list","_id":"1647093"}}
	{"id":1647093,"type":"sell","buyer":"dibblers.dabs","seller":"crypto133","symbol":"LIST","quantity":"15.65877319","price":"0.03701100","timestamp":1633469769,"volume":"0.57954685","buyTxId":"5402f9f9f2c3a77ad7f0b69f54774c0a6a094c75","sellTxId":"d6a2659ef8d70efbcc116416a6ce52ef2109cf7a"}
{"index": {"_index":"list","_id":"1649556"}}
	{"id":1649556,"type":"sell","buyer":"risingstargame","seller":"kingkinslow","symbol":"LIST","quantity":"13.67917174","price":"0.03701000","timestamp":1633486353,"volume":"0.50626615","buyTxId":"a504abe57311c6ed2c274e186f9e615122f702b4","sellTxId":"4357114f73e35b8f07be107f526edc7beffb0621"}
