{"index": {"_index":"list","_id":"3953729"}}
	{"id":3953729,"type":"sell","buyer":"pjansen","seller":"clicmaster","symbol":"LIST","quantity":"61.34796585","price":"0.00412601","timestamp":1658377563,"volume":"0.25312232","buyTxId":"c13e7ef2fb89545fc65be2bf7459fb183f00eab0","sellTxId":"9a546c9a65b70ef47219d53ada25afd729ce2f5d"}
{"index": {"_index":"list","_id":"3954072"}}
	{"id":3954072,"type":"sell","buyer":"pjansen","seller":"evernoticethat","symbol":"LIST","quantity":"174.47265343","price":"0.00412601","timestamp":1658384553,"volume":"0.71987591","buyTxId":"c734c519927a4b252364ee0b4d0a7e00fc5fc5e9","sellTxId":"e6a8f61b2fafadcb6512ef349024af0384b1c9f2"}
{"index": {"_index":"list","_id":"3954256"}}
	{"id":3954256,"type":"buy","buyer":"hivediver","seller":"kaunglay2","symbol":"LIST","quantity":"54.49000000","price":"0.00420000","timestamp":1658387319,"volume":"0.22885800","buyTxId":"55502d2ec6c10ec27dff98741723b1a0f5757e54","sellTxId":"95bcf7e6b988c284b5379bad597aed0237ae39a2"}
{"index": {"_index":"list","_id":"3954257"}}
	{"id":3954257,"type":"buy","buyer":"hivediver","seller":"richardcrill","symbol":"LIST","quantity":"47.16765167","price":"0.00590000","timestamp":1658387319,"volume":"0.27828914","buyTxId":"55502d2ec6c10ec27dff98741723b1a0f5757e54","sellTxId":"MM-P-19320302-66314021-3-7-0"}
{"index": {"_index":"list","_id":"3954258"}}
	{"id":3954258,"type":"buy","buyer":"hivediver","seller":"chapelle","symbol":"LIST","quantity":"26.34234833","price":"0.00600000","timestamp":1658387319,"volume":"0.15805409","buyTxId":"55502d2ec6c10ec27dff98741723b1a0f5757e54","sellTxId":"42de03ba5b989a8aa9747a71081b1adc4d21cc8c"}
{"index": {"_index":"list","_id":"3954262"}}
	{"id":3954262,"type":"buy","buyer":"hivediver","seller":"chapelle","symbol":"LIST","quantity":"0.61455468","price":"0.00600000","timestamp":1658387373,"volume":"0.00368733","buyTxId":"6e3144a6a1aa21b838a1ddb6ce02f23efcd42ff0","sellTxId":"42de03ba5b989a8aa9747a71081b1adc4d21cc8c"}
{"index": {"_index":"list","_id":"3954333"}}
	{"id":3954333,"type":"sell","buyer":"pjansen","seller":"jdike","symbol":"LIST","quantity":"16.94569909","price":"0.00412701","timestamp":1658388564,"volume":"0.06993507","buyTxId":"a392f82b5dd0959540180c73dfc5f74af5fbdf5d","sellTxId":"aaeebd2aac90963667863fde2c70c654b123d6ba"}
{"index": {"_index":"list","_id":"3955642"}}
	{"id":3955642,"type":"sell","buyer":"pjansen","seller":"lottery-entry","symbol":"LIST","quantity":"0.96356809","price":"0.00412901","timestamp":1658403927,"volume":"0.00397858","buyTxId":"2d57bffde346aba145a9b7e22218ed866d0c492c","sellTxId":"fa6edb2236cf75d5c0012e992ed238f3315d1f7b"}
{"index": {"_index":"list","_id":"3956378"}}
	{"id":3956378,"type":"sell","buyer":"pjansen","seller":"theycallmewell","symbol":"LIST","quantity":"2.54066386","price":"0.00412901","timestamp":1658412792,"volume":"0.01049043","buyTxId":"8b750d6530549f413f2448f01bb11313954c0d91","sellTxId":"5d4d778fc305b90a2e4df1e92f73e8e47b1c78e7"}
{"index": {"_index":"list","_id":"3956408"}}
	{"id":3956408,"type":"sell","buyer":"pjansen","seller":"victoria-bella","symbol":"LIST","quantity":"3.55675149","price":"0.00412901","timestamp":1658413080,"volume":"0.01468586","buyTxId":"5a55f8c202ff3905847c64de8645ccaf3c5bfe00","sellTxId":"2277cea6c4bca299ae11414a01d68c7dbe95bc09"}
{"index": {"_index":"list","_id":"3956808"}}
	{"id":3956808,"type":"sell","buyer":"pjansen","seller":"peterale","symbol":"LIST","quantity":"64.99361672","price":"0.00412901","timestamp":1658416356,"volume":"0.26835929","buyTxId":"c412c1b3cd59aa77f4da4ec8e0c3f15c7f8e4a35","sellTxId":"151776b8408f95934e8229409ddd4bd30042eb80"}
{"index": {"_index":"list","_id":"3957988"}}
	{"id":3957988,"type":"sell","buyer":"onlydoge","seller":"pablodare","symbol":"LIST","quantity":"816.58212802","price":"0.00413100","timestamp":1658426193,"volume":"3.37330077","buyTxId":"524e56b7b7fc4ac57e67b6cecd12f9bcc6453843","sellTxId":"5f1a0601b843328d9958e1b4f3fb1139be94ec80"}
{"index": {"_index":"list","_id":"3958906"}}
	{"id":3958906,"type":"sell","buyer":"pjansen","seller":"isiksenpalvoja","symbol":"LIST","quantity":"0.06666600","price":"0.00411502","timestamp":1658435640,"volume":"0.00027433","buyTxId":"33853b1d9672216a184ea9c27929ee3c63d1a475","sellTxId":"ee4f53146b90cfa2aec4091bc9c379be54429433"}
{"index": {"_index":"list","_id":"3960633"}}
	{"id":3960633,"type":"sell","buyer":"pjansen","seller":"frugal-fun","symbol":"LIST","quantity":"21.65311266","price":"0.00411502","timestamp":1658457369,"volume":"0.08910299","buyTxId":"d1e3f739a46d8be8595ce6d79b22111f7add7665","sellTxId":"f742141a9732b26dee01396f32555af589f00a1c"}
