{"index": {"_index":"list","_id":"2600688"}}
	{"id":2600688,"type":"sell","buyer":"master-lamps","seller":"pablodare","symbol":"LIST","quantity":"15.48724264","price":"0.00459998","timestamp":1642729638,"volume":"0.07124101","buyTxId":"f61e24f3ea3cba54ede1ba27b254d2083ed1003c","sellTxId":"90eafc2a1a938b34a17ed7f5d27990a59fc49d0c"}
{"index": {"_index":"list","_id":"2602051"}}
	{"id":2602051,"type":"sell","buyer":"master-lamps","seller":"tonytrillions","symbol":"LIST","quantity":"86.96182345","price":"0.00459998","timestamp":1642746471,"volume":"0.40002265","buyTxId":"f61e24f3ea3cba54ede1ba27b254d2083ed1003c","sellTxId":"088661ccc92e4065ae6cb122e6168d6fc12f4565"}
{"index": {"_index":"list","_id":"2602582"}}
	{"id":2602582,"type":"sell","buyer":"master-lamps","seller":"brofi-market","symbol":"LIST","quantity":"1.25093391","price":"0.00459998","timestamp":1642752921,"volume":"0.00575427","buyTxId":"f61e24f3ea3cba54ede1ba27b254d2083ed1003c","sellTxId":"c3eac73eaaa13a900c27ff2f876124727ad33dae"}
{"index": {"_index":"list","_id":"2603250"}}
	{"id":2603250,"type":"buy","buyer":"master-lamps","seller":"brofi-market","symbol":"LIST","quantity":"3.46736082","price":"0.00459998","timestamp":1642761021,"volume":"0.01594979","buyTxId":"28d07a4cc744af47869ca307321487b1231e1d41","sellTxId":"c3eac73eaaa13a900c27ff2f876124727ad33dae"}
{"index": {"_index":"list","_id":"2603304"}}
	{"id":2603304,"type":"sell","buyer":"trentonlundy1","seller":"tonytrillions","symbol":"LIST","quantity":"0.00078407","price":"0.00459994","timestamp":1642762194,"volume":"0.00000361","buyTxId":"a670df04ccdf0384962b788b12fabfc54281c3ca","sellTxId":"e737940b9a35261590ee6ba7e666111191a406c0"}
{"index": {"_index":"list","_id":"2603374"}}
	{"id":2603374,"type":"sell","buyer":"trentonlundy1","seller":"michelmake","symbol":"LIST","quantity":"2.84878423","price":"0.00459994","timestamp":1642763310,"volume":"0.01310423","buyTxId":"a670df04ccdf0384962b788b12fabfc54281c3ca","sellTxId":"8bc4520156262abd2b67d1dbced8d9ee17696c85"}
{"index": {"_index":"list","_id":"2603488"}}
	{"id":2603488,"type":"sell","buyer":"pi-trader","seller":"pablodare3","symbol":"LIST","quantity":"3.09873489","price":"0.00352011","timestamp":1642764669,"volume":"0.01090789","buyTxId":"90001faf46089b8a47cbfedd25ae33ada667ac05-5","sellTxId":"efa8d6136c3768088e68f096a01696df5145b490"}
{"index": {"_index":"list","_id":"2603904"}}
	{"id":2603904,"type":"sell","buyer":"pi-trader","seller":"dhedge-drips","symbol":"LIST","quantity":"0.44234009","price":"0.00352011","timestamp":1642769232,"volume":"0.00155709","buyTxId":"45cfb29ebbdd5645649a0473ff9bbafd4af91734-4","sellTxId":"496a2867dd1c5ea9905a942175937bd86d0866e2"}
{"index": {"_index":"list","_id":"2604903"}}
	{"id":2604903,"type":"sell","buyer":"pi-trader","seller":"lisamgentile1961","symbol":"LIST","quantity":"0.25955303","price":"0.00352011","timestamp":1642781364,"volume":"0.00091366","buyTxId":"31a94ebb44dd82963c53833383909698b944e56e-6","sellTxId":"fab63127518f636688ded7e23dbaf57aed8485ed"}
{"index": {"_index":"list","_id":"2607083"}}
	{"id":2607083,"type":"sell","buyer":"pi-trader","seller":"charityball","symbol":"LIST","quantity":"92.96667588","price":"0.00352011","timestamp":1642796094,"volume":"0.32725293","buyTxId":"ccae631105c7f8c9fae2539ca423af8d20886191-1","sellTxId":"eee51a033fbc0bac13e8d1c01bda04a160f64544"}
{"index": {"_index":"list","_id":"2607300"}}
	{"id":2607300,"type":"buy","buyer":"svirus","seller":"sbi-tokens","symbol":"LIST","quantity":"2638.00000000","price":"0.00450000","timestamp":1642798266,"volume":"11.87100000","buyTxId":"25e4cee64bb9946d8b89e26f2c02863ef26f4076-0","sellTxId":"e0a02a9fb13c4d3f6f818c15b8451cb0e1aa5201"}
{"index": {"_index":"list","_id":"2607797"}}
	{"id":2607797,"type":"sell","buyer":"pi-trader","seller":"andy4475","symbol":"LIST","quantity":"9.92281584","price":"0.00360001","timestamp":1642802490,"volume":"0.03572224","buyTxId":"a091d487b8223ecdde40fb7f3dc555000fc06407-2","sellTxId":"3574b43f4ac7f52ad325d00595bf61e051f80aaa"}
