{"index": {"_index":"list","_id":"1662215"}}
	{"id":1662215,"type":"sell","buyer":"pi-trader","seller":"brofi-market","symbol":"LIST","quantity":"0.37170433","price":"0.04001001","timestamp":1633666365,"volume":"0.01487189","buyTxId":"715d8dc3aecfc1b17d0c533c32cb52fcfdf171e8-5","sellTxId":"1345daff5287ecac9bf8fe9386510393f17bb06f"}
{"index": {"_index":"list","_id":"1662626"}}
	{"id":1662626,"type":"sell","buyer":"pi-trader","seller":"esmeesmith","symbol":"LIST","quantity":"1.74571611","price":"0.04001001","timestamp":1633675233,"volume":"0.06984612","buyTxId":"5f3eaa4a46a5c288f168eee8379d314138882024-1","sellTxId":"c97b2467486311ee1de622819449d0e777b866b6"}
{"index": {"_index":"list","_id":"1662655"}}
	{"id":1662655,"type":"sell","buyer":"pi-trader","seller":"dhedge-drips","symbol":"LIST","quantity":"0.03484729","price":"0.04001001","timestamp":1633675593,"volume":"0.00139424","buyTxId":"3f79c632312ee356d7145c1619ed4566d571a97a-2","sellTxId":"f4225305944fed872adc5e7ff544bc913070e2c5"}
{"index": {"_index":"list","_id":"1663164"}}
	{"id":1663164,"type":"sell","buyer":"pi-trader","seller":"photosnap","symbol":"LIST","quantity":"19.31762642","price":"0.04001001","timestamp":1633688304,"volume":"0.77289843","buyTxId":"c64949cede803b0dca4f33cea5deba2abdb4aa7f-5","sellTxId":"ec3741cfd7704669d267c9ae5f57b45622709e10"}
{"index": {"_index":"list","_id":"1663182"}}
	{"id":1663182,"type":"sell","buyer":"pi-trader","seller":"tonytrillions","symbol":"LIST","quantity":"0.14656399","price":"0.04001001","timestamp":1633688775,"volume":"0.00586403","buyTxId":"685a90ec0f8509167e55a0b36078628889f9f487-5","sellTxId":"d9df1a18bd04a17fb26e30aed7b8cbda0e2dd830"}
{"index": {"_index":"list","_id":"1663201"}}
	{"id":1663201,"type":"sell","buyer":"pi-trader","seller":"tonytrillions","symbol":"LIST","quantity":"0.00223300","price":"0.04001001","timestamp":1633689372,"volume":"0.00008934","buyTxId":"5c63690deb5bda17b3b83fa5cc8b41283515a595-7","sellTxId":"764eda033ca7d46b1751c0fd012641db88e5a8e3"}
{"index": {"_index":"list","_id":"1663257"}}
	{"id":1663257,"type":"buy","buyer":"fiberfrau","seller":"dhedge-drips","symbol":"LIST","quantity":"0.03484729","price":"0.06953000","timestamp":1633690704,"volume":"0.00242293","buyTxId":"762532329b24b5ff0a09611faf3381ed6a4a361a","sellTxId":"73b274d9abfad194fd0b4cee9bbbf3317d5f1d66"}
{"index": {"_index":"list","_id":"1663258"}}
	{"id":1663258,"type":"buy","buyer":"fiberfrau","seller":"ctpsb","symbol":"LIST","quantity":"2.43000000","price":"0.06953000","timestamp":1633690704,"volume":"0.16895790","buyTxId":"762532329b24b5ff0a09611faf3381ed6a4a361a","sellTxId":"869031b3f151560054bd5de7f87c59945c685c32"}
{"index": {"_index":"list","_id":"1663259"}}
	{"id":1663259,"type":"buy","buyer":"fiberfrau","seller":"thelogicaldude","symbol":"LIST","quantity":"25.53515271","price":"0.06953000","timestamp":1633690704,"volume":"1.77545917","buyTxId":"762532329b24b5ff0a09611faf3381ed6a4a361a","sellTxId":"MM-P-11118766-58103846-3-0-0"}
{"index": {"_index":"list","_id":"1663439"}}
	{"id":1663439,"type":"sell","buyer":"pi-trader","seller":"chesatochi","symbol":"LIST","quantity":"0.87139701","price":"0.04001001","timestamp":1633695159,"volume":"0.03486460","buyTxId":"2e13755e3c9d236ec9ace42d873648a69f02007f-7","sellTxId":"d85cf1fe7483ef91e7ce2f348035a05277255c54"}
{"index": {"_index":"list","_id":"1664088"}}
	{"id":1664088,"type":"sell","buyer":"pi-trader","seller":"yintercept","symbol":"LIST","quantity":"0.47676364","price":"0.04025001","timestamp":1633704252,"volume":"0.01918974","buyTxId":"23006b68df32659c850c2d77d3f11009eaec866a-3","sellTxId":"f445851a185943e94c356d4fa081caae08fe0308"}
{"index": {"_index":"list","_id":"1664228"}}
	{"id":1664228,"type":"sell","buyer":"pi-trader","seller":"ministickupboy","symbol":"LIST","quantity":"0.17224583","price":"0.04025001","timestamp":1633706226,"volume":"0.00693290","buyTxId":"621849dbc9e404987bdbd8a3944559bf3374bd35-3","sellTxId":"6b8d15815c1a83088417ed157dd1c84caba72cf9"}
{"index": {"_index":"list","_id":"1665276"}}
	{"id":1665276,"type":"sell","buyer":"pi-trader","seller":"rishi556","symbol":"LIST","quantity":"0.000173","price":"0.04001001","timestamp":1633719201,"volume":"0.00000692","buyTxId":"7c1b6443e51f9516b60af405a61a80b26b1f49d8-1","sellTxId":"742f61244b8899cd14f888c3a3cef8d7e971d1b3-3"}
{"index": {"_index":"list","_id":"1666011"}}
	{"id":1666011,"type":"sell","buyer":"pi-trader","seller":"charityball","symbol":"LIST","quantity":"3.62925000","price":"0.04002001","timestamp":1633731072,"volume":"0.14524262","buyTxId":"b10036afa08e5e1c02c34bea3aebf9576a503110-13","sellTxId":"c4278fa8eaa1f69906f04b9f7a42c342dc1f9bd2"}
{"index": {"_index":"list","_id":"1666718"}}
	{"id":1666718,"type":"sell","buyer":"pi-trader","seller":"adhammer","symbol":"LIST","quantity":"0.01594200","price":"0.04002001","timestamp":1633742586,"volume":"0.00063800","buyTxId":"f6c795ce4a586de3583da947241e7a04f15557bf-7","sellTxId":"9f7d0e9992c8de282ed6739fda32d95e4a5b0fe8"}
