{"index": {"_index":"list","_id":"1476229"}}
	{"id":1476229,"type":"sell","buyer":"thelogicaldude","seller":"nahueldare3627","symbol":"LIST","quantity":"0.45856908","price":"0.01410000","timestamp":1630722660,"volume":"0.00646582","buyTxId":"MM-P-10125600-57109433-3-0-0","sellTxId":"c7c32c69998d5fbc096d20d32bc5682102a9fa92"}
{"index": {"_index":"list","_id":"1476322"}}
	{"id":1476322,"type":"sell","buyer":"thelogicaldude","seller":"jorgecitoxxxx","symbol":"LIST","quantity":"8.48204832","price":"0.01410000","timestamp":1630723314,"volume":"0.11959688","buyTxId":"MM-P-10125600-57109433-3-0-0","sellTxId":"b03ea207372acd6d3f1b6e9111bd757d4617b53b"}
{"index": {"_index":"list","_id":"1476870"}}
	{"id":1476870,"type":"sell","buyer":"thelogicaldude","seller":"brofi-market","symbol":"LIST","quantity":"0.23580022","price":"0.01410000","timestamp":1630728639,"volume":"0.00332478","buyTxId":"MM-P-10125600-57109433-3-0-0","sellTxId":"4d570cb345919887c5b09e2b7adecda10d9b2cd4"}
{"index": {"_index":"list","_id":"1477511"}}
	{"id":1477511,"type":"sell","buyer":"thelogicaldude","seller":"dhedge-drips","symbol":"LIST","quantity":"0.02210627","price":"0.01410000","timestamp":1630737972,"volume":"0.00031170","buyTxId":"MM-P-10125600-57109433-3-0-0","sellTxId":"8ee1d6944cecea0f05bc0059f03b1ee627e33194"}
{"index": {"_index":"list","_id":"1477852"}}
	{"id":1477852,"type":"sell","buyer":"thelogicaldude","seller":"chekohler","symbol":"LIST","quantity":"64.27017584","price":"0.01410000","timestamp":1630743858,"volume":"0.90620948","buyTxId":"MM-P-10125600-57109433-3-0-0","sellTxId":"6e1ee43c48a2e8da8fdf9fd6459faa1350dd7ed4"}
{"index": {"_index":"list","_id":"1478129"}}
	{"id":1478129,"type":"sell","buyer":"thelogicaldude","seller":"itharagaian","symbol":"LIST","quantity":"0.14010000","price":"0.01410000","timestamp":1630747320,"volume":"0.00197541","buyTxId":"MM-P-10125600-57109433-3-0-0","sellTxId":"d32994bb74f8680fbed988e7032abe17561d8885"}
{"index": {"_index":"list","_id":"1478200"}}
	{"id":1478200,"type":"sell","buyer":"thelogicaldude","seller":"hive-143869","symbol":"LIST","quantity":"0.25600000","price":"0.01410000","timestamp":1630749108,"volume":"0.00360960","buyTxId":"MM-P-10125600-57109433-3-0-0","sellTxId":"2b0aa5bdc9b660b8c4788ea4dd11933412f739e7"}
{"index": {"_index":"list","_id":"1478319"}}
	{"id":1478319,"type":"sell","buyer":"thelogicaldude","seller":"tonytrillions","symbol":"LIST","quantity":"0.00024343","price":"0.01410000","timestamp":1630751457,"volume":"0.00000343","buyTxId":"MM-P-10125600-57109433-3-0-0","sellTxId":"732fee88a4d4c678c95902f7b5e50ba52789af12"}
{"index": {"_index":"list","_id":"1480554"}}
	{"id":1480554,"type":"sell","buyer":"thelogicaldude","seller":"rishi556","symbol":"LIST","quantity":"0.00001941","price":"0.01410000","timestamp":1630782570,"volume":"0.00000027","buyTxId":"MM-P-10125600-57109433-3-0-0","sellTxId":"4b40c01503bf851ff8089b434951df807295cd2d-2"}
{"index": {"_index":"list","_id":"1481155"}}
	{"id":1481155,"type":"sell","buyer":"thelogicaldude","seller":"charityball","symbol":"LIST","quantity":"23.00950711","price":"0.01410000","timestamp":1630793988,"volume":"0.32443405","buyTxId":"MM-P-10125600-57109433-3-0-0","sellTxId":"c981d35d3e41bbc3b568b9d1863f1485067cbd0a"}
{"index": {"_index":"list","_id":"1481230"}}
	{"id":1481230,"type":"sell","buyer":"thelogicaldude","seller":"pablodare","symbol":"LIST","quantity":"6.67332203","price":"0.01410000","timestamp":1630795173,"volume":"0.09409384","buyTxId":"MM-P-10125600-57109433-3-0-0","sellTxId":"732e81cdc5734385a87f8109d81b8c4ad7f56aa5"}
{"index": {"_index":"list","_id":"1481265"}}
	{"id":1481265,"type":"sell","buyer":"thelogicaldude","seller":"droida","symbol":"LIST","quantity":"0.00126393","price":"0.01410000","timestamp":1630795839,"volume":"0.00001782","buyTxId":"MM-P-10125600-57109433-3-0-0","sellTxId":"464de1062ebffbfe0cbf1a970b157061a617bd38"}
{"index": {"_index":"list","_id":"1481308"}}
	{"id":1481308,"type":"sell","buyer":"thelogicaldude","seller":"pablodare","symbol":"LIST","quantity":"1.91807975","price":"0.01410000","timestamp":1630796805,"volume":"0.02704492","buyTxId":"MM-P-10125600-57109433-3-0-0","sellTxId":"9bd1a6a68139a1e938fa5391a1d39ff229f7b284"}
{"index": {"_index":"list","_id":"1481823"}}
	{"id":1481823,"type":"sell","buyer":"thelogicaldude","seller":"marvinix","symbol":"LIST","quantity":"14","price":"0.01410000","timestamp":1630804302,"volume":"0.19740000","buyTxId":"MM-P-10125600-57109433-3-0-0","sellTxId":"09fd525c1c177951dfd16994c69f565ac99d3280"}
