{"index": {"_index":"list","_id":"1061409"}}
	{"id":1061409,"type":"sell","buyer":"thelogicaldude","seller":"adhammer","symbol":"LIST","quantity":"0.00376642","price":"0.01940000","timestamp":1621224117,"volume":"0.00007307","buyTxId":"MM-P-6999306-53928716-3-0-0","sellTxId":"9c74bbcde5f6d076153c48f49dbcadbbc0a9761a"}
{"index": {"_index":"list","_id":"1061679"}}
	{"id":1061679,"type":"sell","buyer":"thelogicaldude","seller":"aiovo","symbol":"LIST","quantity":"410.39483986","price":"0.01940000","timestamp":1621234140,"volume":"7.96165989","buyTxId":"MM-P-6999306-53928716-3-0-0","sellTxId":"89286eb121a120e22b607a15595ade05a4d4ae8c"}
{"index": {"_index":"list","_id":"1061681"}}
	{"id":1061681,"type":"sell","buyer":"blue.rabbit","seller":"aiovo","symbol":"LIST","quantity":"98.70519627","price":"0.01930000","timestamp":1621234200,"volume":"1.90501028","buyTxId":"39bc46ceb525e9f66d2e0a135d5658a2db097559","sellTxId":"213245e09d13d098d0c0f8040cea416dd20f8662"}
{"index": {"_index":"list","_id":"1061683"}}
	{"id":1061683,"type":"sell","buyer":"yintercept","seller":"aiovo","symbol":"LIST","quantity":"1.89914783","price":"0.01740000","timestamp":1621234311,"volume":"0.03304517","buyTxId":"4079ed373770383421ea72f6b4733511f5a068dd","sellTxId":"861469056807577d9d66ee8d04f2a49887a075d4"}
{"index": {"_index":"list","_id":"1061684"}}
	{"id":1061684,"type":"sell","buyer":"dera123","seller":"aiovo","symbol":"LIST","quantity":"513.37094147","price":"0.01720000","timestamp":1621234311,"volume":"8.82998019","buyTxId":"7fed693ce825a4dc842954756efbcd26b35d9056","sellTxId":"861469056807577d9d66ee8d04f2a49887a075d4"}
{"index": {"_index":"list","_id":"1061685"}}
	{"id":1061685,"type":"sell","buyer":"dera123","seller":"aiovo","symbol":"LIST","quantity":"1.89914783","price":"0.01720000","timestamp":1621234353,"volume":"0.03266534","buyTxId":"7fed693ce825a4dc842954756efbcd26b35d9056","sellTxId":"6a2a0d95c8d7a4911e20c9a3b23cfdd8c2ee8d97"}
{"index": {"_index":"list","_id":"1061686"}}
	{"id":1061686,"type":"sell","buyer":"allcapsonezero","seller":"aiovo","symbol":"LIST","quantity":"268.96360112","price":"0.01700000","timestamp":1621234353,"volume":"4.57238122","buyTxId":"f8a3dccce26b1a41ae7ca3c3338072c95c9586eb","sellTxId":"6a2a0d95c8d7a4911e20c9a3b23cfdd8c2ee8d97"}
{"index": {"_index":"list","_id":"1061948"}}
	{"id":1061948,"type":"sell","buyer":"thelogicaldude","seller":"tonytrillions","symbol":"LIST","quantity":"0.09500000","price":"0.01710000","timestamp":1621242174,"volume":"0.00162450","buyTxId":"MM-P-7032245-53964169-3-0-0","sellTxId":"e50455a78635ba8c5127fb66378028aac861d3b1"}
{"index": {"_index":"list","_id":"1062025"}}
	{"id":1062025,"type":"sell","buyer":"thelogicaldude","seller":"valchiz","symbol":"LIST","quantity":"584.70032164","price":"0.01710000","timestamp":1621244418,"volume":"9.99837550","buyTxId":"MM-P-7032245-53964169-3-0-0","sellTxId":"d458cfafea6f7465e0905b7547fece5e39133f3b"}
{"index": {"_index":"list","_id":"1062026"}}
	{"id":1062026,"type":"sell","buyer":"allcapsonezero","seller":"valchiz","symbol":"LIST","quantity":"35.29967836","price":"0.01700000","timestamp":1621244418,"volume":"0.60009453","buyTxId":"f8a3dccce26b1a41ae7ca3c3338072c95c9586eb","sellTxId":"d458cfafea6f7465e0905b7547fece5e39133f3b"}
{"index": {"_index":"list","_id":"1062186"}}
	{"id":1062186,"type":"sell","buyer":"allcapsonezero","seller":"writeandearn","symbol":"LIST","quantity":"128.00000000","price":"0.01700000","timestamp":1621250499,"volume":"2.17600000","buyTxId":"f8a3dccce26b1a41ae7ca3c3338072c95c9586eb","sellTxId":"3d61dc6341bdc035c85164b48c6723e3a1aeaa1a"}
{"index": {"_index":"list","_id":"1062208"}}
	{"id":1062208,"type":"sell","buyer":"allcapsonezero","seller":"tonytrillions","symbol":"LIST","quantity":"0.00094052","price":"0.01700000","timestamp":1621250646,"volume":"0.00001599","buyTxId":"f8a3dccce26b1a41ae7ca3c3338072c95c9586eb","sellTxId":"90ece39c248d77f7b91d5e36f3795286492798fc"}
{"index": {"_index":"list","_id":"1062465"}}
	{"id":1062465,"type":"sell","buyer":"thelogicaldude","seller":"srmallara","symbol":"LIST","quantity":"0.00036783","price":"0.01710000","timestamp":1621257324,"volume":"0.00000629","buyTxId":"MM-P-7035390-53967564-3-0-0","sellTxId":"3deadc2e9530b9fb1255f4b52191164309afce8d"}
{"index": {"_index":"list","_id":"1062695"}}
	{"id":1062695,"type":"sell","buyer":"thelogicaldude","seller":"sipahikara","symbol":"LIST","quantity":"19.01310000","price":"0.01710000","timestamp":1621262676,"volume":"0.32512401","buyTxId":"MM-P-7035390-53967564-3-0-0","sellTxId":"c1a0ede65d3a9133cc54bbb2faf66b8343dcfa0c"}
{"index": {"_index":"list","_id":"1062771"}}
	{"id":1062771,"type":"sell","buyer":"thelogicaldude","seller":"lifeskills-tv","symbol":"LIST","quantity":"1.45238012","price":"0.01710000","timestamp":1621264098,"volume":"0.02483570","buyTxId":"MM-P-7035390-53967564-3-0-0","sellTxId":"0605d7432378183abd4234cafa4ed09b7326d415"}
{"index": {"_index":"list","_id":"1063090"}}
	{"id":1063090,"type":"sell","buyer":"yintercept","seller":"rishi556","symbol":"LIST","quantity":"0.00011894","price":"0.01740000","timestamp":1621271529,"volume":"0.00000207","buyTxId":"f65046d7e565cef67e8e7f848cdb0111c420ebeb","sellTxId":"63b88403cc084228a1c8b0789ed99338182e179c-4"}
{"index": {"_index":"list","_id":"1063504"}}
	{"id":1063504,"type":"sell","buyer":"yintercept","seller":"ervin-lemark","symbol":"LIST","quantity":"9.99988106","price":"0.01740000","timestamp":1621283049,"volume":"0.17399793","buyTxId":"f65046d7e565cef67e8e7f848cdb0111c420ebeb","sellTxId":"02550c82d77c6fdf8149142a0c131f20fe333e39"}
{"index": {"_index":"list","_id":"1063507"}}
	{"id":1063507,"type":"sell","buyer":"thelogicaldude","seller":"ervin-lemark","symbol":"LIST","quantity":"0.01257981","price":"0.01710000","timestamp":1621283091,"volume":"0.00021511","buyTxId":"MM-P-7035390-53967564-3-0-0","sellTxId":"176cbb0974811a5c912de103cad926e4e50cace4"}
{"index": {"_index":"list","_id":"1063976"}}
	{"id":1063976,"type":"sell","buyer":"thelogicaldude","seller":"nulledgh0st","symbol":"LIST","quantity":"13.59251821","price":"0.01710000","timestamp":1621289808,"volume":"0.23243206","buyTxId":"MM-P-7035390-53967564-3-0-0","sellTxId":"d6419a7943c37c2ee7420c88f3c118cb35b98de5"}
{"index": {"_index":"list","_id":"1064336"}}
	{"id":1064336,"type":"sell","buyer":"thelogicaldude","seller":"mapac","symbol":"LIST","quantity":"0.00893308","price":"0.01710000","timestamp":1621299465,"volume":"0.00015276","buyTxId":"MM-P-7035390-53967564-3-0-0","sellTxId":"dfcd04239a171eef7ff4f8557930725aee827256"}
