{"index": {"_index":"list","_id":"2777790"}}
	{"id":2777790,"type":"sell","buyer":"pi-trader","seller":"thisisawesome","symbol":"LIST","quantity":"0.00964981","price":"0.00400001","timestamp":1644880350,"volume":"0.00003860","buyTxId":"ff5e1649ad08b0b9fdf498174a5730cd3b7dffa6-2","sellTxId":"d856709e9e2b02e65ba420e05bae4684ff395eb4"}
{"index": {"_index":"list","_id":"2779466"}}
	{"id":2779466,"type":"sell","buyer":"pi-trader","seller":"tonytrillions","symbol":"LIST","quantity":"103.81154912","price":"0.00400001","timestamp":1644902598,"volume":"0.41524723","buyTxId":"28c173c4187853a1d14a070fd5ffaf6e84d3240a-1","sellTxId":"7e7f0022579c96977e79ba10c0c7a083474375ec"}
{"index": {"_index":"list","_id":"2779568"}}
	{"id":2779568,"type":"sell","buyer":"pi-trader","seller":"pablodare","symbol":"LIST","quantity":"13.22238425","price":"0.00400001","timestamp":1644904425,"volume":"0.05288967","buyTxId":"cecac953eed7ad90932a5caade54f758ad8b6a43-4","sellTxId":"bed5ff6e59b56a263d5369b58c13e445dce320f0"}
{"index": {"_index":"list","_id":"2779871"}}
	{"id":2779871,"type":"sell","buyer":"pi-trader","seller":"ctpsb","symbol":"LIST","quantity":"14.55500000","price":"0.00400001","timestamp":1644909426,"volume":"0.05822015","buyTxId":"41c1a371a0589b6a5043960889959b2f449cec15-4","sellTxId":"5ce79a45a6fcb400111744587f164a9a4fb1289a"}
{"index": {"_index":"list","_id":"2781079"}}
	{"id":2781079,"type":"buy","buyer":"fiberfrau","seller":"master-lamps","symbol":"LIST","quantity":"41.07600864","price":"0.00449998","timestamp":1644924033,"volume":"0.18484122","buyTxId":"9161a627c686d611ecccd863aec7cb99e44b1934","sellTxId":"fe0abcd64b9212737c48e2a00544ae17c1cbe2d5"}
{"index": {"_index":"list","_id":"2781080"}}
	{"id":2781080,"type":"buy","buyer":"fiberfrau","seller":"brofi-market","symbol":"LIST","quantity":"4.01489015","price":"0.00449998","timestamp":1644924033,"volume":"0.01806693","buyTxId":"9161a627c686d611ecccd863aec7cb99e44b1934","sellTxId":"7f1b565a252920d6460310cf60e3514285513405"}
{"index": {"_index":"list","_id":"2781081"}}
	{"id":2781081,"type":"buy","buyer":"fiberfrau","seller":"dhedge-drips","symbol":"LIST","quantity":"0.37639595","price":"0.00449998","timestamp":1644924033,"volume":"0.00169377","buyTxId":"9161a627c686d611ecccd863aec7cb99e44b1934","sellTxId":"35a2b374bc1bdd8601d136b64bdccdc4d4be5f2e"}
{"index": {"_index":"list","_id":"2781082"}}
	{"id":2781082,"type":"buy","buyer":"fiberfrau","seller":"master-lamps","symbol":"LIST","quantity":"0.53270526","price":"0.00449998","timestamp":1644924033,"volume":"0.00239716","buyTxId":"9161a627c686d611ecccd863aec7cb99e44b1934","sellTxId":"3a684bc969334f7397ca79f069219204800172ad"}
{"index": {"_index":"list","_id":"2781206"}}
	{"id":2781206,"type":"sell","buyer":"pi-trader","seller":"dswap","symbol":"LIST","quantity":"9.40156347","price":"0.00400001","timestamp":1644926742,"volume":"0.03760635","buyTxId":"836b3c9d40be9dbef93b97b5f0a725a118b98feb-2","sellTxId":"a7a6c7993c8b77f05af28d28137a21435be07cb9"}
{"index": {"_index":"list","_id":"2782392"}}
	{"id":2782392,"type":"sell","buyer":"pi-trader","seller":"brofi-market","symbol":"LIST","quantity":"6.66766650","price":"0.00400001","timestamp":1644941871,"volume":"0.02667073","buyTxId":"aeece709279b8a4479bcccfe3496050dfa098c24-2","sellTxId":"3794b3160cfec979274faae8a870a9527f90b06d"}
{"index": {"_index":"list","_id":"2783027"}}
	{"id":2783027,"type":"buy","buyer":"drifter1","seller":"master-lamps","symbol":"LIST","quantity":"8.89799008","price":"0.00449998","timestamp":1644945909,"volume":"0.04004078","buyTxId":"176f855942977b9bf6ec5ce6c52cc2292d6462ce","sellTxId":"3a684bc969334f7397ca79f069219204800172ad"}
{"index": {"_index":"list","_id":"2783028"}}
	{"id":2783028,"type":"buy","buyer":"drifter1","seller":"master-lamps","symbol":"LIST","quantity":"0.51300000","price":"0.00449998","timestamp":1644945909,"volume":"0.00230849","buyTxId":"176f855942977b9bf6ec5ce6c52cc2292d6462ce","sellTxId":"c06fe117f50ca0b8a251374891e9d84837bd58c0"}
{"index": {"_index":"list","_id":"2783029"}}
	{"id":2783029,"type":"buy","buyer":"drifter1","seller":"brofi-market","symbol":"LIST","quantity":"6.66766650","price":"0.00449998","timestamp":1644945909,"volume":"0.03000437","buyTxId":"176f855942977b9bf6ec5ce6c52cc2292d6462ce","sellTxId":"a714c2585ecf999a9eab845a8fa4e875af25eccb"}
{"index": {"_index":"list","_id":"2783030"}}
	{"id":2783030,"type":"buy","buyer":"drifter1","seller":"brofi-market","symbol":"LIST","quantity":"4.81083266","price":"0.00449999","timestamp":1644945909,"volume":"0.02164870","buyTxId":"176f855942977b9bf6ec5ce6c52cc2292d6462ce","sellTxId":"1fcaf483e3ede3411095eefef197d0c17998c59c"}
{"index": {"_index":"list","_id":"2783031"}}
	{"id":2783031,"type":"buy","buyer":"drifter1","seller":"dhedge-drips","symbol":"LIST","quantity":"0.45101556","price":"0.00449999","timestamp":1644945909,"volume":"0.00202957","buyTxId":"176f855942977b9bf6ec5ce6c52cc2292d6462ce","sellTxId":"d127db80e59d2fd46d5981facef5e8aaad396949"}
{"index": {"_index":"list","_id":"2783032"}}
	{"id":2783032,"type":"buy","buyer":"drifter1","seller":"saachi.list","symbol":"LIST","quantity":"100.00000000","price":"0.00450000","timestamp":1644945909,"volume":"0.45000000","buyTxId":"176f855942977b9bf6ec5ce6c52cc2292d6462ce","sellTxId":"a61f5d55847ef03fb84815ce2034200ba35d3eaa"}
{"index": {"_index":"list","_id":"2783033"}}
	{"id":2783033,"type":"buy","buyer":"drifter1","seller":"brofi-market","symbol":"LIST","quantity":"5.90093819","price":"0.00450000","timestamp":1644945909,"volume":"0.02655422","buyTxId":"176f855942977b9bf6ec5ce6c52cc2292d6462ce","sellTxId":"a73d1a52124049a46692937dffb7011f39157097"}
{"index": {"_index":"list","_id":"2783034"}}
	{"id":2783034,"type":"buy","buyer":"drifter1","seller":"dhedge-drips","symbol":"LIST","quantity":"0.55321295","price":"0.00450000","timestamp":1644945909,"volume":"0.00248946","buyTxId":"176f855942977b9bf6ec5ce6c52cc2292d6462ce","sellTxId":"74429a6edeed66d73b8ee7eb79167f2ca3933a70"}
{"index": {"_index":"list","_id":"2783035"}}
	{"id":2783035,"type":"buy","buyer":"drifter1","seller":"recording-box","symbol":"LIST","quantity":"3672.20534406","price":"0.00499989","timestamp":1644945909,"volume":"18.36062278","buyTxId":"176f855942977b9bf6ec5ce6c52cc2292d6462ce","sellTxId":"d58a8525ee3811a613be9089b7d59475ed8c8b4c"}
{"index": {"_index":"list","_id":"2783447"}}
	{"id":2783447,"type":"sell","buyer":"pi-trader","seller":"adhammer","symbol":"LIST","quantity":"1.52034397","price":"0.00400001","timestamp":1644947133,"volume":"0.00608139","buyTxId":"d4ee480ca7ab915fa7d1729a404d479874c2760d-2","sellTxId":"41cff6c71100acb9d76f4254fdd5b05b185239ff"}
{"index": {"_index":"list","_id":"2783939"}}
	{"id":2783939,"type":"sell","buyer":"pi-trader","seller":"dhedge-drips","symbol":"LIST","quantity":"0.62509373","price":"0.00400001","timestamp":1644950829,"volume":"0.00250038","buyTxId":"5d9a4741397e7481f3bf3d6e03eb67ca5b2cc41c-4","sellTxId":"687ed9e843fd6e2734a6bfab771aed4b3c75530d"}
{"index": {"_index":"list","_id":"2785719"}}
	{"id":2785719,"type":"sell","buyer":"pi-trader","seller":"stickupmusic","symbol":"LIST","quantity":"7.62097820","price":"0.00400001","timestamp":1644964323,"volume":"0.03048399","buyTxId":"c635b0fe7e202869506feeffde8249bb0f97eea7-2","sellTxId":"9168378631f91a4f0f55317808341ffb3ad1df3b"}
