{"index": {"_index":"list","_id":"1189692"}}
	{"id":1189692,"type":"sell","buyer":"thelogicaldude","seller":"pablodare","symbol":"LIST","quantity":"27.89058099","price":"0.01020100","timestamp":1625259906,"volume":"0.28451182","buyTxId":"MM-P-8321287-55300137-3-0-0","sellTxId":"384483336547808b565296c3282949a3935c1aa4"}
{"index": {"_index":"list","_id":"1191065"}}
	{"id":1191065,"type":"sell","buyer":"thelogicaldude","seller":"brofi-market","symbol":"LIST","quantity":"0.12712573","price":"0.01121000","timestamp":1625295432,"volume":"0.00142508","buyTxId":"MM-P-8325759-55304611-3-0-0","sellTxId":"85378e5c206803cdc9e6517c7601bdf3b31abf4b"}
{"index": {"_index":"list","_id":"1191397"}}
	{"id":1191397,"type":"sell","buyer":"thelogicaldude","seller":"tonytrillions","symbol":"LIST","quantity":"0.00160240","price":"0.01121000","timestamp":1625311008,"volume":"0.00001796","buyTxId":"MM-P-8325759-55304611-3-0-0","sellTxId":"84bcea8da7f74a02b1f9e7b774f21a48663e9591"}
{"index": {"_index":"list","_id":"1191407"}}
	{"id":1191407,"type":"sell","buyer":"thelogicaldude","seller":"aiovo","symbol":"LIST","quantity":"169.00000000","price":"0.01121000","timestamp":1625311533,"volume":"1.89449000","buyTxId":"MM-P-8325759-55304611-3-0-0","sellTxId":"86cc0fd5b4fef5204ba7acdae3b009f9355b023c"}
{"index": {"_index":"list","_id":"1191557"}}
	{"id":1191557,"type":"sell","buyer":"thelogicaldude","seller":"rishi556","symbol":"LIST","quantity":"0.00008652","price":"0.01121000","timestamp":1625319798,"volume":"0.00000097","buyTxId":"MM-P-8325759-55304611-3-0-0","sellTxId":"2910e40ba095493567620010a83a2fcaa5406c98-1"}
{"index": {"_index":"list","_id":"1192252"}}
	{"id":1192252,"type":"buy","buyer":"curatorcat.leo","seller":"brofi-market","symbol":"LIST","quantity":"0.12712573","price":"0.01230000","timestamp":1625341221,"volume":"0.00156365","buyTxId":"aad0cdd135f6ee46c7ab9238a4d8b1fdb3ec56ec","sellTxId":"e4c34486d976b11fe4c2186c74f587ea8891c769"}
{"index": {"_index":"list","_id":"1192254"}}
	{"id":1192254,"type":"buy","buyer":"curatorcat.leo","seller":"kennyskitchen","symbol":"LIST","quantity":"8.54495721","price":"0.01250000","timestamp":1625341335,"volume":"0.10681197","buyTxId":"6d74e567811f66d5983f8b1f1e2ed0d68e773dd4","sellTxId":"a95f88a6415de3b38c2611b4e5e965ccfd9a4c37"}
{"index": {"_index":"list","_id":"1192257"}}
	{"id":1192257,"type":"buy","buyer":"curatorcat.leo","seller":"brofi-market","symbol":"LIST","quantity":"0.10080000","price":"0.01250000","timestamp":1625341374,"volume":"0.00126000","buyTxId":"fbf8a8c865d5d925e401f285798d456e4e00ee60","sellTxId":"45697e857615ccf91c77b130efc2a43f8b0c9b95"}
{"index": {"_index":"list","_id":"1192261"}}
	{"id":1192261,"type":"buy","buyer":"curatorcat.leo","seller":"brofi-market","symbol":"LIST","quantity":"0.49205379","price":"0.01250000","timestamp":1625341419,"volume":"0.00615067","buyTxId":"5cc1e0243338019758e628a52ae8ed2daa2ddeda","sellTxId":"0aa760f3cb2c0d3e93a308c5a481102088b08c1e"}
{"index": {"_index":"list","_id":"1192264"}}
	{"id":1192264,"type":"buy","buyer":"curatorcat.leo","seller":"brofi-market","symbol":"LIST","quantity":"0.53671066","price":"0.01580000","timestamp":1625341461,"volume":"0.00848003","buyTxId":"6a5c177f537d3852ba4c82f804be4b60bab56802","sellTxId":"5f8f50601e61588a17f248db5b02abc0f997765a"}
{"index": {"_index":"list","_id":"1192266"}}
	{"id":1192266,"type":"buy","buyer":"curatorcat.leo","seller":"brofi-market","symbol":"LIST","quantity":"0.10080087","price":"0.01580000","timestamp":1625341494,"volume":"0.00159265","buyTxId":"dd51e34d94c6d5389b275d37cae2ca4b6aa4cbc8","sellTxId":"28b6f47b049dcc8fec104740995a025197fb5c35"}
{"index": {"_index":"list","_id":"1192267"}}
	{"id":1192267,"type":"buy","buyer":"curatorcat.leo","seller":"eirik","symbol":"LIST","quantity":"0.20104723","price":"0.01600000","timestamp":1625341527,"volume":"0.00321676","buyTxId":"80708e18918234be357ae4297309f6ca304b3331","sellTxId":"2cfef0665436c5f6310cecb28d7ebedcb359b9e0"}
{"index": {"_index":"list","_id":"1192268"}}
	{"id":1192268,"type":"buy","buyer":"curatorcat.leo","seller":"thelogicaldude","symbol":"LIST","quantity":"0.58700000","price":"0.01690000","timestamp":1625341566,"volume":"0.00992030","buyTxId":"a34bae9267017e428c1f8698a950faa4b4fdd1f1","sellTxId":"MM-P-8340441-55319316-3-0-0"}
