{"index": {"_index":"list","_id":"1379922"}}
	{"id":1379922,"type":"sell","buyer":"thelogicaldude","seller":"trentonlundy1","symbol":"LIST","quantity":"0.18638775","price":"0.01190002","timestamp":1629326892,"volume":"0.00221802","buyTxId":"MM-P-9657770-56640849-3-0-0","sellTxId":"69e36a2c1068b3e10be989f3846c4c9970af1fd2"}
{"index": {"_index":"list","_id":"1380283"}}
	{"id":1380283,"type":"sell","buyer":"thelogicaldude","seller":"brofi-market","symbol":"LIST","quantity":"2.02584492","price":"0.01190002","timestamp":1629331920,"volume":"0.02410760","buyTxId":"MM-P-9657770-56640849-3-0-0","sellTxId":"6a47a309ebc9711407e9c66d968e6f98434d718e"}
{"index": {"_index":"list","_id":"1380400"}}
	{"id":1380400,"type":"sell","buyer":"thelogicaldude","seller":"dhedge-drips","symbol":"LIST","quantity":"0.18992296","price":"0.01190002","timestamp":1629334077,"volume":"0.00226009","buyTxId":"MM-P-9657770-56640849-3-0-0","sellTxId":"ed221e5723fdbd60e3e1b0d72bf09f0a7bebad17"}
{"index": {"_index":"list","_id":"1381278"}}
	{"id":1381278,"type":"sell","buyer":"thelogicaldude","seller":"itharagaian","symbol":"LIST","quantity":"0.13600000","price":"0.01190002","timestamp":1629349098,"volume":"0.00161840","buyTxId":"MM-P-9657770-56640849-3-0-0","sellTxId":"bc3c64bdb8bbc9cf18738d39c3dd336faa936022"}
{"index": {"_index":"list","_id":"1381965"}}
	{"id":1381965,"type":"sell","buyer":"thelogicaldude","seller":"brofi-market","symbol":"LIST","quantity":"0.03746887","price":"0.01190002","timestamp":1629360630,"volume":"0.00044588","buyTxId":"MM-P-9657770-56640849-3-0-0","sellTxId":"228a3ebc27edadcb15f4ae16191b18b3a83df13a"}
{"index": {"_index":"list","_id":"1382225"}}
	{"id":1382225,"type":"buy","buyer":"pinkfloyd878","seller":"pablodare","symbol":"LIST","quantity":"12.45308039","price":"0.01300000","timestamp":1629365568,"volume":"0.16189005","buyTxId":"1fa35cd6f6b5ada8a4cbab759d4a8d0aef5fb510","sellTxId":"4bb5eff66bd5e5eee94609e95c186f8393ddbc15"}
{"index": {"_index":"list","_id":"1382226"}}
	{"id":1382226,"type":"buy","buyer":"pinkfloyd878","seller":"brofi-market","symbol":"LIST","quantity":"0.03746861","price":"0.01300000","timestamp":1629365568,"volume":"0.00048709","buyTxId":"1fa35cd6f6b5ada8a4cbab759d4a8d0aef5fb510","sellTxId":"e0fcdfac0b400fa4a7a2a4fd88f80fe202018361"}
{"index": {"_index":"list","_id":"1382227"}}
	{"id":1382227,"type":"buy","buyer":"pinkfloyd878","seller":"happyfrog420-new","symbol":"LIST","quantity":"3.49514428","price":"0.01379998","timestamp":1629365592,"volume":"0.04823292","buyTxId":"eb9075243d81baf9ccac20e19f3b4e689a7b2012","sellTxId":"43a6e58d035d6d88d356999cc34c9913463c60ec"}
{"index": {"_index":"list","_id":"1382228"}}
	{"id":1382228,"type":"buy","buyer":"pinkfloyd878","seller":"brofi-market","symbol":"LIST","quantity":"0.68034919","price":"0.01379998","timestamp":1629365592,"volume":"0.00938881","buyTxId":"eb9075243d81baf9ccac20e19f3b4e689a7b2012","sellTxId":"328549eb118c80b51ec56e2e49bb1d26db397b5a"}
{"index": {"_index":"list","_id":"1382229"}}
	{"id":1382229,"type":"buy","buyer":"pinkfloyd878","seller":"dhedge-drips","symbol":"LIST","quantity":"0.06378272","price":"0.01379998","timestamp":1629365592,"volume":"0.00088020","buyTxId":"eb9075243d81baf9ccac20e19f3b4e689a7b2012","sellTxId":"9b824a4a231c0f00a1ad1739a8312068d8da3545"}
{"index": {"_index":"list","_id":"1382230"}}
	{"id":1382230,"type":"buy","buyer":"pinkfloyd878","seller":"brofi-market","symbol":"LIST","quantity":"2.02584492","price":"0.01379998","timestamp":1629365592,"volume":"0.02795662","buyTxId":"eb9075243d81baf9ccac20e19f3b4e689a7b2012","sellTxId":"350fe1ff8b9bec22c744353c86e6d5e1417cc846"}
{"index": {"_index":"list","_id":"1382231"}}
	{"id":1382231,"type":"buy","buyer":"pinkfloyd878","seller":"dhedge-drips","symbol":"LIST","quantity":"0.18992289","price":"0.01379998","timestamp":1629365592,"volume":"0.00262093","buyTxId":"eb9075243d81baf9ccac20e19f3b4e689a7b2012","sellTxId":"b7530a05d2b0874162e618cb745f723d662aad74"}
{"index": {"_index":"list","_id":"1382234"}}
	{"id":1382234,"type":"buy","buyer":"pinkfloyd878","seller":"brofi-market","symbol":"LIST","quantity":"0.10170007","price":"0.01379999","timestamp":1629365637,"volume":"0.00140346","buyTxId":"94a9d85625417c0198d2f584b9f57a027cca6e52","sellTxId":"31dffaa72b88cdba4e882a9c1d2c7f48b4380606"}
{"index": {"_index":"list","_id":"1382235"}}
	{"id":1382235,"type":"buy","buyer":"pinkfloyd878","seller":"dhedge-drips","symbol":"LIST","quantity":"0.00953439","price":"0.01379999","timestamp":1629365637,"volume":"0.00013157","buyTxId":"94a9d85625417c0198d2f584b9f57a027cca6e52","sellTxId":"ad3b743d0d858e5b9da4e37f805167d61a876d69"}
{"index": {"_index":"list","_id":"1382236"}}
	{"id":1382236,"type":"buy","buyer":"pinkfloyd878","seller":"brofi-market","symbol":"LIST","quantity":"0.60909524","price":"0.01379999","timestamp":1629365637,"volume":"0.00840551","buyTxId":"94a9d85625417c0198d2f584b9f57a027cca6e52","sellTxId":"e3b5d156c8c2242357c35803a9446e7fad34a760"}
{"index": {"_index":"list","_id":"1382237"}}
	{"id":1382237,"type":"buy","buyer":"pinkfloyd878","seller":"dhedge-drips","symbol":"LIST","quantity":"0.05710230","price":"0.01379999","timestamp":1629365637,"volume":"0.00078801","buyTxId":"94a9d85625417c0198d2f584b9f57a027cca6e52","sellTxId":"cae73af74c2d67787be206311243dd5bbc621851"}
{"index": {"_index":"list","_id":"1382239"}}
	{"id":1382239,"type":"buy","buyer":"pinkfloyd878","seller":"dhedge-drips","symbol":"LIST","quantity":"0.00000037","price":"0.01379999","timestamp":1629365679,"volume":"0.00000001","buyTxId":"286c82f7c5c398a09c388463f090aba4a22eaf1b","sellTxId":"cae73af74c2d67787be206311243dd5bbc621851"}
{"index": {"_index":"list","_id":"1382240"}}
	{"id":1382240,"type":"buy","buyer":"pinkfloyd878","seller":"charityball","symbol":"LIST","quantity":"3.72375000","price":"0.01380000","timestamp":1629365679,"volume":"0.05138775","buyTxId":"286c82f7c5c398a09c388463f090aba4a22eaf1b","sellTxId":"c1eb3be95bdc5c06b3d63e369f479bde9257cc2d"}
{"index": {"_index":"list","_id":"1382249"}}
	{"id":1382249,"type":"buy","buyer":"pinkfloyd878","seller":"dhedge-drips","symbol":"LIST","quantity":"0.01248757","price":"0.01398000","timestamp":1629365745,"volume":"0.00017458","buyTxId":"1491d50eddfe2d57f69d82e9cd5818c1ff7355b9","sellTxId":"1a94a023c7c148d16e82d3aa6383b1b95da76d76"}
{"index": {"_index":"list","_id":"1382250"}}
	{"id":1382250,"type":"buy","buyer":"pinkfloyd878","seller":"brofi-market","symbol":"LIST","quantity":"0.13320091","price":"0.01399000","timestamp":1629365745,"volume":"0.00186348","buyTxId":"1491d50eddfe2d57f69d82e9cd5818c1ff7355b9","sellTxId":"7e4b73308b277b5163b3f304ab87950841162635"}
{"index": {"_index":"list","_id":"1382251"}}
	{"id":1382251,"type":"buy","buyer":"pinkfloyd878","seller":"brofi-market","symbol":"LIST","quantity":"0.58080010","price":"0.01400000","timestamp":1629365745,"volume":"0.00813120","buyTxId":"1491d50eddfe2d57f69d82e9cd5818c1ff7355b9","sellTxId":"9d9ff78e377677c1c9d55bf9d52fd314ff3aa1a8"}
{"index": {"_index":"list","_id":"1382252"}}
	{"id":1382252,"type":"buy","buyer":"pinkfloyd878","seller":"dhedge-drips","symbol":"LIST","quantity":"0.05445002","price":"0.01400000","timestamp":1629365745,"volume":"0.00076230","buyTxId":"1491d50eddfe2d57f69d82e9cd5818c1ff7355b9","sellTxId":"91a50732ef76e0ff8486dc10267595f4185ac99f"}
{"index": {"_index":"list","_id":"1382253"}}
	{"id":1382253,"type":"buy","buyer":"pinkfloyd878","seller":"chekohler","symbol":"LIST","quantity":"21.21906140","price":"0.01790000","timestamp":1629365745,"volume":"0.37982120","buyTxId":"1491d50eddfe2d57f69d82e9cd5818c1ff7355b9","sellTxId":"c89c568dc90f4632445f27098f69973fe73bc55e"}
{"index": {"_index":"list","_id":"1382259"}}
	{"id":1382259,"type":"buy","buyer":"pinkfloyd878","seller":"chekohler","symbol":"LIST","quantity":"0.18546021","price":"0.01790000","timestamp":1629365772,"volume":"0.00331974","buyTxId":"66192d5843a4f51b46aa5495fe2bfcc87d59588a","sellTxId":"c89c568dc90f4632445f27098f69973fe73bc55e"}
{"index": {"_index":"list","_id":"1382260"}}
	{"id":1382260,"type":"buy","buyer":"pinkfloyd878","seller":"brofi-market","symbol":"LIST","quantity":"0.95958964","price":"0.01888000","timestamp":1629365772,"volume":"0.01811705","buyTxId":"66192d5843a4f51b46aa5495fe2bfcc87d59588a","sellTxId":"6f3480387a87b490759250f355b9d071ece3023b"}
{"index": {"_index":"list","_id":"1382261"}}
	{"id":1382261,"type":"buy","buyer":"pinkfloyd878","seller":"dhedge-drips","symbol":"LIST","quantity":"0.08996152","price":"0.01888000","timestamp":1629365772,"volume":"0.00169847","buyTxId":"66192d5843a4f51b46aa5495fe2bfcc87d59588a","sellTxId":"a28bb86cf0cb50306aebc85a2bdbda594be5a1e5"}
{"index": {"_index":"list","_id":"1382262"}}
	{"id":1382262,"type":"buy","buyer":"pinkfloyd878","seller":"dhedge-drips","symbol":"LIST","quantity":"0.09004346","price":"0.01927900","timestamp":1629365772,"volume":"0.00173595","buyTxId":"66192d5843a4f51b46aa5495fe2bfcc87d59588a","sellTxId":"d0ffe927c44758ea74451fca1afffd8ef98e3d69"}
{"index": {"_index":"list","_id":"1382263"}}
	{"id":1382263,"type":"buy","buyer":"pinkfloyd878","seller":"brofi-market","symbol":"LIST","quantity":"0.96046346","price":"0.01970000","timestamp":1629365772,"volume":"0.01892113","buyTxId":"66192d5843a4f51b46aa5495fe2bfcc87d59588a","sellTxId":"a91a18d8af2b525dd7d14273f0788d710a7bab24"}
{"index": {"_index":"list","_id":"1382264"}}
	{"id":1382264,"type":"buy","buyer":"pinkfloyd878","seller":"brofi-market","symbol":"LIST","quantity":"0.96952152","price":"0.02189000","timestamp":1629365772,"volume":"0.02122283","buyTxId":"66192d5843a4f51b46aa5495fe2bfcc87d59588a","sellTxId":"e1cd0d6b2ad15dae47d8974fb9c696abcda9a82d"}
{"index": {"_index":"list","_id":"1382265"}}
	{"id":1382265,"type":"buy","buyer":"pinkfloyd878","seller":"dhedge-drips","symbol":"LIST","quantity":"0.09089203","price":"0.02189000","timestamp":1629365772,"volume":"0.00198963","buyTxId":"66192d5843a4f51b46aa5495fe2bfcc87d59588a","sellTxId":"c954b2b0974ac74edbe3327c838935f556e62a2d"}
{"index": {"_index":"list","_id":"1382266"}}
	{"id":1382266,"type":"buy","buyer":"pinkfloyd878","seller":"dhedge-drips","symbol":"LIST","quantity":"0.01274068","price":"0.02190000","timestamp":1629365772,"volume":"0.00027902","buyTxId":"66192d5843a4f51b46aa5495fe2bfcc87d59588a","sellTxId":"8bb39e6b67a6a9b6abada97c765922137251ba09"}
{"index": {"_index":"list","_id":"1382267"}}
	{"id":1382267,"type":"buy","buyer":"pinkfloyd878","seller":"brofi-market","symbol":"LIST","quantity":"1.64132748","price":"0.02190000","timestamp":1629365772,"volume":"0.03594507","buyTxId":"66192d5843a4f51b46aa5495fe2bfcc87d59588a","sellTxId":"dfd66f4d7929f54be293a17ad2085452d411ebec"}
{"index": {"_index":"list","_id":"1382269"}}
	{"id":1382269,"type":"buy","buyer":"pinkfloyd878","seller":"brofi-market","symbol":"LIST","quantity":"1.68936767","price":"0.02190000","timestamp":1629365802,"volume":"0.03699715","buyTxId":"facb02430b1cc5545440214b3b0af4b3536cca9c","sellTxId":"dfd66f4d7929f54be293a17ad2085452d411ebec"}
{"index": {"_index":"list","_id":"1382270"}}
	{"id":1382270,"type":"buy","buyer":"pinkfloyd878","seller":"dhedge-drips","symbol":"LIST","quantity":"0.03942626","price":"0.02194990","timestamp":1629365802,"volume":"0.00086540","buyTxId":"facb02430b1cc5545440214b3b0af4b3536cca9c","sellTxId":"92f75c350d9c6f4551b9b92fdb630b6a465580bc"}
{"index": {"_index":"list","_id":"1382294"}}
	{"id":1382294,"type":"sell","buyer":"pinkfloyd878","seller":"aiovo","symbol":"LIST","quantity":"8.27120607","price":"0.02194990","timestamp":1629366177,"volume":"0.18155215","buyTxId":"facb02430b1cc5545440214b3b0af4b3536cca9c","sellTxId":"eefe113410cfad8a2b577d542b02095d2dcb3fdf"}
{"index": {"_index":"list","_id":"1382577"}}
	{"id":1382577,"type":"buy","buyer":"phusionphil","seller":"dera123","symbol":"LIST","quantity":"2.08316800","price":"0.02000000","timestamp":1629370929,"volume":"0.04166336","buyTxId":"0901667d65083539f113994550f11274952c9ad2","sellTxId":"744940bd3691aa7b4f70a16125c862ee763af882"}
{"index": {"_index":"list","_id":"1382951"}}
	{"id":1382951,"type":"sell","buyer":"thelogicaldude","seller":"crypto133","symbol":"LIST","quantity":"37.25927941","price":"0.01190002","timestamp":1629375264,"volume":"0.44338617","buyTxId":"MM-P-9657770-56640849-3-0-0","sellTxId":"b57defd398aadc751fc3e81702897a93e2ae6108"}
{"index": {"_index":"list","_id":"1383073"}}
	{"id":1383073,"type":"sell","buyer":"thelogicaldude","seller":"rishi556","symbol":"LIST","quantity":"0.00003072","price":"0.01190002","timestamp":1629377100,"volume":"0.00000037","buyTxId":"MM-P-9657770-56640849-3-0-0","sellTxId":"bfbe61a40e89d50d95bdce451fec8dc6a6ded106-2"}
{"index": {"_index":"list","_id":"1383097"}}
	{"id":1383097,"type":"sell","buyer":"thelogicaldude","seller":"dhedge-drips","symbol":"LIST","quantity":"0.00936610","price":"0.01190002","timestamp":1629377220,"volume":"0.00011146","buyTxId":"MM-P-9657770-56640849-3-0-0","sellTxId":"c5f8667581687f819e297950a2ef6fb7ce3a6968"}
{"index": {"_index":"list","_id":"1385346"}}
	{"id":1385346,"type":"sell","buyer":"thelogicaldude","seller":"insaneworks","symbol":"LIST","quantity":"0.00000336","price":"0.01190002","timestamp":1629402207,"volume":"0.00000004","buyTxId":"MM-P-9657770-56640849-3-0-0","sellTxId":"18581e58942538c6bee8c37d8bce6c5966a1a0a1"}
{"index": {"_index":"list","_id":"1385718"}}
	{"id":1385718,"type":"sell","buyer":"thelogicaldude","seller":"charityball","symbol":"LIST","quantity":"24.48683584","price":"0.01190002","timestamp":1629406092,"volume":"0.29139384","buyTxId":"MM-P-9657770-56640849-3-0-0","sellTxId":"c63bf44d534118038a9ab570f28850aeca5d462c"}
