{"index": {"_index":"list","_id":"4074800"}}
	{"id":4074800,"type":"buy","buyer":"hankanon","seller":"tonytrillions","symbol":"LIST","quantity":"10.38264481","price":"0.00450000","timestamp":1659733071,"volume":"0.04672190","buyTxId":"cd7fe11df057e9a0336bf6e4a5168127dfac0d03","sellTxId":"0535aa92d0c7717da932dc6073207c5d847aebb4"}
{"index": {"_index":"list","_id":"4074801"}}
	{"id":4074801,"type":"buy","buyer":"hankanon","seller":"pablodare","symbol":"LIST","quantity":"185.12128000","price":"0.00550000","timestamp":1659733071,"volume":"1.01816704","buyTxId":"cd7fe11df057e9a0336bf6e4a5168127dfac0d03","sellTxId":"a13c887476d6cd7ecac678d88a63e1ad66b52631"}
{"index": {"_index":"list","_id":"4075142"}}
	{"id":4075142,"type":"sell","buyer":"onlydoge","seller":"frugal-fun","symbol":"LIST","quantity":"11.59122918","price":"0.00180010","timestamp":1659737319,"volume":"0.02086537","buyTxId":"b4089ac27d1c7e8ca05a6b4dfd08eb9f901f0f42","sellTxId":"b62b0fa7e89204385ea35ff9b0b91a297a238437"}
{"index": {"_index":"list","_id":"4077758"}}
	{"id":4077758,"type":"buy","buyer":"hankanon","seller":"master-lamps","symbol":"LIST","quantity":"64.64667273","price":"0.00498998","timestamp":1659776400,"volume":"0.32258560","buyTxId":"c1effe84626f29518cda74aa7822ad7d0f749432","sellTxId":"5c317914c1b1e36d02a2c5f85b6838460112d703"}
{"index": {"_index":"list","_id":"4077759"}}
	{"id":4077759,"type":"buy","buyer":"hankanon","seller":"pablodare","symbol":"LIST","quantity":"20.34102473","price":"0.00498999","timestamp":1659776400,"volume":"0.10150151","buyTxId":"c1effe84626f29518cda74aa7822ad7d0f749432","sellTxId":"15f70274ed399d3b080576dadd495f9efe43d778"}
{"index": {"_index":"list","_id":"4078206"}}
	{"id":4078206,"type":"sell","buyer":"metzli","seller":"coquicoin","symbol":"LIST","quantity":"4.09128275","price":"0.00181000","timestamp":1659782670,"volume":"0.00740522","buyTxId":"b71fd7e8ebd758eba60a9004a6b81ef0cb6bf04a","sellTxId":"8f31610b4e1fc9d2bb6bcd21ee81ca085ab4123d"}
{"index": {"_index":"list","_id":"4078922"}}
	{"id":4078922,"type":"buy","buyer":"hankanon","seller":"zapmin","symbol":"LIST","quantity":"29.25910338","price":"0.00498990","timestamp":1659793440,"volume":"0.146","buyTxId":"4f9490566d979b8ab6632e1d1b4a77fa7c3bdf04","sellTxId":"252aad25151f87bf6d1576b45a44e596bdc11ac9"}
{"index": {"_index":"list","_id":"4079141"}}
	{"id":4079141,"type":"sell","buyer":"metzli","seller":"maurojd","symbol":"LIST","quantity":"9.90871725","price":"0.00181000","timestamp":1659796074,"volume":"0.01793478","buyTxId":"b71fd7e8ebd758eba60a9004a6b81ef0cb6bf04a","sellTxId":"bb0d8e4d497f65b1fd8b7066b905b2c91d3360b3"}
{"index": {"_index":"list","_id":"4079142"}}
	{"id":4079142,"type":"sell","buyer":"onlydoge","seller":"maurojd","symbol":"LIST","quantity":"26.02289361","price":"0.00180010","timestamp":1659796074,"volume":"0.04684381","buyTxId":"b4089ac27d1c7e8ca05a6b4dfd08eb9f901f0f42","sellTxId":"bb0d8e4d497f65b1fd8b7066b905b2c91d3360b3"}
{"index": {"_index":"list","_id":"4079194"}}
	{"id":4079194,"type":"sell","buyer":"onlydoge","seller":"chireerocks","symbol":"LIST","quantity":"9.57342238","price":"0.00180010","timestamp":1659796596,"volume":"0.01723312","buyTxId":"b4089ac27d1c7e8ca05a6b4dfd08eb9f901f0f42","sellTxId":"c1ea29a91d845f2997f52d4f892b9688dec18c42"}
{"index": {"_index":"list","_id":"4080892"}}
	{"id":4080892,"type":"buy","buyer":"beststart","seller":"apoloo1","symbol":"LIST","quantity":"28.91838413","price":"0.00300000","timestamp":1659815103,"volume":"0.08675515","buyTxId":"da1388c49de4ca36c653d6a2a937672babff4c58","sellTxId":"79c432aeb1366ebd8400c2d876bf884a316d84d8"}
{"index": {"_index":"list","_id":"4080893"}}
	{"id":4080893,"type":"buy","buyer":"beststart","seller":"zapmin","symbol":"LIST","quantity":"8.43897426","price":"0.00498990","timestamp":1659815103,"volume":"0.04210964","buyTxId":"da1388c49de4ca36c653d6a2a937672babff4c58","sellTxId":"252aad25151f87bf6d1576b45a44e596bdc11ac9"}
{"index": {"_index":"list","_id":"4080894"}}
	{"id":4080894,"type":"buy","buyer":"beststart","seller":"pablodare","symbol":"LIST","quantity":"568.18415361","price":"0.00498999","timestamp":1659815103,"volume":"2.83523324","buyTxId":"da1388c49de4ca36c653d6a2a937672babff4c58","sellTxId":"15f70274ed399d3b080576dadd495f9efe43d778"}
{"index": {"_index":"list","_id":"4080900"}}
	{"id":4080900,"type":"buy","buyer":"beststart","seller":"pablodare","symbol":"LIST","quantity":"37.35735800","price":"0.00498999","timestamp":1659815136,"volume":"0.18641284","buyTxId":"da1f098ddbbf52c1849d1bbc7a977f230d8bc73f","sellTxId":"15f70274ed399d3b080576dadd495f9efe43d778"}
{"index": {"_index":"list","_id":"4080912"}}
	{"id":4080912,"type":"buy","buyer":"beststart","seller":"master-lamps","symbol":"LIST","quantity":"400.00000000","price":"0.00572899","timestamp":1659815217,"volume":"2.29159600","buyTxId":"6ce7b5b96dd8a4bdc3948cc9d8a5cc2d3e616c78","sellTxId":"751b7fbdb1bff60987f38c019a8b87b432497b77"}
{"index": {"_index":"list","_id":"4081206"}}
	{"id":4081206,"type":"sell","buyer":"onlydoge","seller":"florenceboens","symbol":"LIST","quantity":"1.64323100","price":"0.00180010","timestamp":1659819180,"volume":"0.00295798","buyTxId":"b4089ac27d1c7e8ca05a6b4dfd08eb9f901f0f42","sellTxId":"fbd87fee761c3260a4166bb6e1dcb3779642255e"}
