{"index": {"_index":"list","_id":"3982895"}}
	{"id":3982895,"type":"sell","buyer":"onlydoge","seller":"dubble.eth","symbol":"LIST","quantity":"33.73707230","price":"0.00411700","timestamp":1658733261,"volume":"0.13889553","buyTxId":"bd2006e38a622ae8ec6ae691d63b9517ac472b37","sellTxId":"24888cfe615c5bb9c7b3928d6ecb7ceb7657a007"}
{"index": {"_index":"list","_id":"3982918"}}
	{"id":3982918,"type":"sell","buyer":"onlydoge","seller":"god0","symbol":"LIST","quantity":"5.03492105","price":"0.00411700","timestamp":1658733354,"volume":"0.02072877","buyTxId":"bd2006e38a622ae8ec6ae691d63b9517ac472b37","sellTxId":"e4f6b3a64a8a0f626850cb1567927dfbb9463f9c-1"}
{"index": {"_index":"list","_id":"3982939"}}
	{"id":3982939,"type":"sell","buyer":"onlydoge","seller":"synergie","symbol":"LIST","quantity":"5.03400000","price":"0.00411700","timestamp":1658733459,"volume":"0.02072498","buyTxId":"bd2006e38a622ae8ec6ae691d63b9517ac472b37","sellTxId":"aec3a4e1c6f87ed0f144f5969d435bf27011e9a9"}
{"index": {"_index":"list","_id":"3983529"}}
	{"id":3983529,"type":"sell","buyer":"onlydoge","seller":"assassyn","symbol":"LIST","quantity":"0.47484013","price":"0.00411700","timestamp":1658738136,"volume":"0.00195492","buyTxId":"bd2006e38a622ae8ec6ae691d63b9517ac472b37","sellTxId":"26a7099f58e82ef1df0ee3ac9201341ce38a917f"}
{"index": {"_index":"list","_id":"3984402"}}
	{"id":3984402,"type":"sell","buyer":"onlydoge","seller":"monsterjamgold","symbol":"LIST","quantity":"5.69634857","price":"0.00411700","timestamp":1658745654,"volume":"0.02345187","buyTxId":"bd2006e38a622ae8ec6ae691d63b9517ac472b37","sellTxId":"476a041a6978779dac92e9930837f10c693a4c07"}
{"index": {"_index":"list","_id":"3984621"}}
	{"id":3984621,"type":"sell","buyer":"onlydoge","seller":"cookaiss","symbol":"LIST","quantity":"0.99999892","price":"0.00411700","timestamp":1658748174,"volume":"0.00411700","buyTxId":"bd2006e38a622ae8ec6ae691d63b9517ac472b37","sellTxId":"3a43b923a2e22b374971a9817d5600158df26fa0"}
{"index": {"_index":"list","_id":"3984655"}}
	{"id":3984655,"type":"sell","buyer":"onlydoge","seller":"cookaiss","symbol":"LIST","quantity":"9.99999990","price":"0.00411700","timestamp":1658748483,"volume":"0.04117000","buyTxId":"bd2006e38a622ae8ec6ae691d63b9517ac472b37","sellTxId":"35c421b48f673e19705c817c9e5d7f167a865765"}
{"index": {"_index":"list","_id":"3984677"}}
	{"id":3984677,"type":"sell","buyer":"onlydoge","seller":"cookaiss","symbol":"LIST","quantity":"1.00000099","price":"0.00411700","timestamp":1658748798,"volume":"0.00411700","buyTxId":"bd2006e38a622ae8ec6ae691d63b9517ac472b37","sellTxId":"284887a751098d898fd84ef1768eb9f7cc1f208d"}
{"index": {"_index":"list","_id":"3984680"}}
	{"id":3984680,"type":"sell","buyer":"onlydoge","seller":"cookaiss","symbol":"LIST","quantity":"1.00000118","price":"0.00411700","timestamp":1658748849,"volume":"0.00411700","buyTxId":"bd2006e38a622ae8ec6ae691d63b9517ac472b37","sellTxId":"53d68dc32a079f7731e899863073a24667648f73"}
{"index": {"_index":"list","_id":"3984686"}}
	{"id":3984686,"type":"sell","buyer":"onlydoge","seller":"cookaiss","symbol":"LIST","quantity":"0.99999894","price":"0.00411700","timestamp":1658748912,"volume":"0.00411700","buyTxId":"bd2006e38a622ae8ec6ae691d63b9517ac472b37","sellTxId":"3a0f1bd41c3bf494b45a093b7c24be4a23d88602"}
{"index": {"_index":"list","_id":"3985677"}}
	{"id":3985677,"type":"sell","buyer":"onlydoge","seller":"lottery-entry","symbol":"LIST","quantity":"2.30484439","price":"0.00411700","timestamp":1658758029,"volume":"0.00948904","buyTxId":"bd2006e38a622ae8ec6ae691d63b9517ac472b37","sellTxId":"a8b4318ac010669c20261587f83694e2ea059dc1"}
{"index": {"_index":"list","_id":"3986354"}}
	{"id":3986354,"type":"sell","buyer":"onlydoge","seller":"valchiz","symbol":"LIST","quantity":"1676.06458358","price":"0.00411700","timestamp":1658763783,"volume":"6.90035789","buyTxId":"bd2006e38a622ae8ec6ae691d63b9517ac472b37","sellTxId":"3799197602c3937c85a4ae618b6f4dcb1611249f"}
{"index": {"_index":"list","_id":"3986558"}}
	{"id":3986558,"type":"sell","buyer":"onlydoge","seller":"florenceboens","symbol":"LIST","quantity":"0.48154700","price":"0.00411700","timestamp":1658765619,"volume":"0.00198253","buyTxId":"bd2006e38a622ae8ec6ae691d63b9517ac472b37","sellTxId":"2c49f9fea8913988200a836f08f9d06e13d11ac4"}
{"index": {"_index":"list","_id":"3986604"}}
	{"id":3986604,"type":"sell","buyer":"onlydoge","seller":"svirus","symbol":"LIST","quantity":"587.80237543","price":"0.00411700","timestamp":1658766120,"volume":"2.41998238","buyTxId":"bd2006e38a622ae8ec6ae691d63b9517ac472b37","sellTxId":"e136f356563f084909bce6263cc3e4809606b59d-1"}
{"index": {"_index":"list","_id":"3986798"}}
	{"id":3986798,"type":"sell","buyer":"onlydoge","seller":"pjansen","symbol":"LIST","quantity":"98.32258762","price":"0.00411700","timestamp":1658767539,"volume":"0.40479409","buyTxId":"bd2006e38a622ae8ec6ae691d63b9517ac472b37","sellTxId":"4b6f78c8c05716f417bbf2de27d439015cb8e714-1"}
{"index": {"_index":"list","_id":"3986799"}}
	{"id":3986799,"type":"sell","buyer":"master-lamps","seller":"pjansen","symbol":"LIST","quantity":"925.19581563","price":"0.00411601","timestamp":1658767539,"volume":"3.80811523","buyTxId":"63ef2f8cbb34d1a68f334e2e4ffdd077c4a435e5","sellTxId":"4b6f78c8c05716f417bbf2de27d439015cb8e714-1"}
{"index": {"_index":"list","_id":"3986801"}}
	{"id":3986801,"type":"sell","buyer":"master-lamps","seller":"pjansen","symbol":"LIST","quantity":"257.14873975","price":"0.00411601","timestamp":1658767551,"volume":"1.05842678","buyTxId":"63ef2f8cbb34d1a68f334e2e4ffdd077c4a435e5","sellTxId":"8564b3de660a428ffe08dc3fd533af2a88570a81"}
{"index": {"_index":"list","_id":"3986917"}}
	{"id":3986917,"type":"sell","buyer":"master-lamps","seller":"pjansen","symbol":"LIST","quantity":"1.96306965","price":"0.00411601","timestamp":1658768346,"volume":"0.00808001","buyTxId":"63ef2f8cbb34d1a68f334e2e4ffdd077c4a435e5","sellTxId":"14fcf05e8f3a4ab3736ccced0fe61d1531278726-1"}
{"index": {"_index":"list","_id":"3986918"}}
	{"id":3986918,"type":"sell","buyer":"master-lamps","seller":"pjansen","symbol":"LIST","quantity":"0.46891026","price":"0.00411601","timestamp":1658768358,"volume":"0.00193004","buyTxId":"63ef2f8cbb34d1a68f334e2e4ffdd077c4a435e5","sellTxId":"810d0e6c0dcd21b000edfdfc2dd7991a492b0ce6"}
{"index": {"_index":"list","_id":"3986956"}}
	{"id":3986956,"type":"sell","buyer":"master-lamps","seller":"cookaiss","symbol":"LIST","quantity":"9.99999925","price":"0.00411601","timestamp":1658768649,"volume":"0.04116010","buyTxId":"63ef2f8cbb34d1a68f334e2e4ffdd077c4a435e5","sellTxId":"98491b9d8d92a464d6d4e55fa0d8aa2a9dfd7278"}
{"index": {"_index":"list","_id":"3986968"}}
	{"id":3986968,"type":"sell","buyer":"master-lamps","seller":"cookaiss","symbol":"LIST","quantity":"9.99999931","price":"0.00411601","timestamp":1658768766,"volume":"0.04116010","buyTxId":"63ef2f8cbb34d1a68f334e2e4ffdd077c4a435e5","sellTxId":"af375ef651fb5308ad1d06f8f2a7f7308957a7e7"}
{"index": {"_index":"list","_id":"3986985"}}
	{"id":3986985,"type":"sell","buyer":"master-lamps","seller":"cookaiss","symbol":"LIST","quantity":"19.99999920","price":"0.00411601","timestamp":1658768862,"volume":"0.08232020","buyTxId":"63ef2f8cbb34d1a68f334e2e4ffdd077c4a435e5","sellTxId":"dc337dcf69ecb913d6cd91096ab2e54bbf7b15c1"}
{"index": {"_index":"list","_id":"3986989"}}
	{"id":3986989,"type":"sell","buyer":"master-lamps","seller":"cookaiss","symbol":"LIST","quantity":"19.99999902","price":"0.00411601","timestamp":1658768937,"volume":"0.08232020","buyTxId":"63ef2f8cbb34d1a68f334e2e4ffdd077c4a435e5","sellTxId":"bc842a97c8b2e4081dfa3417963bfa3511b72006"}
{"index": {"_index":"list","_id":"3987023"}}
	{"id":3987023,"type":"sell","buyer":"master-lamps","seller":"cookaiss","symbol":"LIST","quantity":"49.99999933","price":"0.00411601","timestamp":1658769264,"volume":"0.20580050","buyTxId":"63ef2f8cbb34d1a68f334e2e4ffdd077c4a435e5","sellTxId":"01189bc16990a0addf2613ed0ccb3a6f97facfc1"}
{"index": {"_index":"list","_id":"3987347"}}
	{"id":3987347,"type":"sell","buyer":"master-lamps","seller":"kaunglay2","symbol":"LIST","quantity":"22.33157897","price":"0.00411601","timestamp":1658771883,"volume":"0.09191700","buyTxId":"63ef2f8cbb34d1a68f334e2e4ffdd077c4a435e5","sellTxId":"532443399bb3bc0001503d4b47482156995aaf07"}
{"index": {"_index":"list","_id":"3988387"}}
	{"id":3988387,"type":"sell","buyer":"master-lamps","seller":"svirus","symbol":"LIST","quantity":"593.67950474","price":"0.00411601","timestamp":1658781057,"volume":"2.44359077","buyTxId":"63ef2f8cbb34d1a68f334e2e4ffdd077c4a435e5","sellTxId":"b0c8e7f8c316524f2ff62dff77990656dc1a65a9-1"}
{"index": {"_index":"list","_id":"3988388"}}
	{"id":3988388,"type":"sell","buyer":"quinnertronics","seller":"konvik","symbol":"LIST","quantity":"45.60113448","price":"0.00411501","timestamp":1658781060,"volume":"0.18764912","buyTxId":"15856aa65a0ff87ee5e0a6f25a3d72f01a44e7e3","sellTxId":"1b4573be830186626349f403e7b571d55f9678aa-1"}
{"index": {"_index":"list","_id":"3988389"}}
	{"id":3988389,"type":"sell","buyer":"noctury","seller":"konvik","symbol":"LIST","quantity":"250.00000000","price":"0.00410001","timestamp":1658781060,"volume":"1.02500250","buyTxId":"5379ea81a67616eb61fd43517fb9390d51353160","sellTxId":"1b4573be830186626349f403e7b571d55f9678aa-1"}
{"index": {"_index":"list","_id":"3988390"}}
	{"id":3988390,"type":"sell","buyer":"ahmadmanga","seller":"konvik","symbol":"LIST","quantity":"990.00000000","price":"0.00399900","timestamp":1658781060,"volume":"3.95901000","buyTxId":"7ad0b62541d0655a02a798d9e00375d4a3e1326f","sellTxId":"1b4573be830186626349f403e7b571d55f9678aa-1"}
{"index": {"_index":"list","_id":"3988391"}}
	{"id":3988391,"type":"sell","buyer":"baconface","seller":"konvik","symbol":"LIST","quantity":"0.79335334","price":"0.00399750","timestamp":1658781060,"volume":"0.00317143","buyTxId":"0f9a9e4b5a91353e823c576d7929fcf8f0ecc6a5","sellTxId":"1b4573be830186626349f403e7b571d55f9678aa-1"}
{"index": {"_index":"list","_id":"3989695"}}
	{"id":3989695,"type":"sell","buyer":"baconface","seller":"maurojd","symbol":"LIST","quantity":"0.81369625","price":"0.00389756","timestamp":1658794287,"volume":"0.00317143","buyTxId":"c9328a96376667a8076fe175ff69eff03bbac609","sellTxId":"e1ab19479d918fc517c702148fcc4a83a691fbe2"}
{"index": {"_index":"list","_id":"3989696"}}
	{"id":3989696,"type":"sell","buyer":"baconface","seller":"maurojd","symbol":"LIST","quantity":"0.83456048","price":"0.00380012","timestamp":1658794287,"volume":"0.00317143","buyTxId":"076662311e81666d0db45505ae986053d6676ad0","sellTxId":"e1ab19479d918fc517c702148fcc4a83a691fbe2"}
{"index": {"_index":"list","_id":"3989697"}}
	{"id":3989697,"type":"sell","buyer":"pjansen","seller":"maurojd","symbol":"LIST","quantity":"25.46148205","price":"0.00380001","timestamp":1658794287,"volume":"0.09675389","buyTxId":"b652ce5c5c29f10bfabf19de99668e56b30ab280","sellTxId":"e1ab19479d918fc517c702148fcc4a83a691fbe2"}
