{"index": {"_index":"list","_id":"1647034"}}
	{"id":1647034,"type":"sell","buyer":"dibblers.dabs","seller":"crypto133","symbol":"LIST","quantity":"104.72863728","price":"0.03701100","timestamp":1633468968,"volume":"3.87611159","buyTxId":"5402f9f9f2c3a77ad7f0b69f54774c0a6a094c75","sellTxId":"b2e39f2f64ce08681926f0e385a623e83ce02fd4"}
{"index": {"_index":"list","_id":"1647093"}}
	{"id":1647093,"type":"sell","buyer":"dibblers.dabs","seller":"crypto133","symbol":"LIST","quantity":"15.65877319","price":"0.03701100","timestamp":1633469769,"volume":"0.57954685","buyTxId":"5402f9f9f2c3a77ad7f0b69f54774c0a6a094c75","sellTxId":"d6a2659ef8d70efbcc116416a6ce52ef2109cf7a"}
{"index": {"_index":"list","_id":"1649556"}}
	{"id":1649556,"type":"sell","buyer":"risingstargame","seller":"kingkinslow","symbol":"LIST","quantity":"13.67917174","price":"0.03701000","timestamp":1633486353,"volume":"0.50626615","buyTxId":"a504abe57311c6ed2c274e186f9e615122f702b4","sellTxId":"4357114f73e35b8f07be107f526edc7beffb0621"}
{"index": {"_index":"list","_id":"1650017"}}
	{"id":1650017,"type":"sell","buyer":"risingstargame","seller":"espandor","symbol":"LIST","quantity":"1447.80307468","price":"0.03701000","timestamp":1633489677,"volume":"53.58319179","buyTxId":"a504abe57311c6ed2c274e186f9e615122f702b4","sellTxId":"60eaf2160d104d6d25d0f88f69874a0cd6980a57"}
{"index": {"_index":"list","_id":"1650021"}}
	{"id":1650021,"type":"sell","buyer":"risingstargame","seller":"rishi556","symbol":"LIST","quantity":"0.000174","price":"0.03701000","timestamp":1633489695,"volume":"0.00000644","buyTxId":"a504abe57311c6ed2c274e186f9e615122f702b4","sellTxId":"5b8a1f3ca7400a0decedac8b8f278452d2053874-2"}
{"index": {"_index":"list","_id":"1650529"}}
	{"id":1650529,"type":"sell","buyer":"risingstargame","seller":"arbi.sportstalk","symbol":"LIST","quantity":"19.50000000","price":"0.03701000","timestamp":1633493625,"volume":"0.72169500","buyTxId":"a504abe57311c6ed2c274e186f9e615122f702b4","sellTxId":"b0d70413f882ea677b75d9eccc563d08dff942b5"}
{"index": {"_index":"list","_id":"1650531"}}
	{"id":1650531,"type":"buy","buyer":"phusionphil","seller":"thelogicaldude","symbol":"LIST","quantity":"0.49776328","price":"0.07190000","timestamp":1633493637,"volume":"0.03578918","buyTxId":"026af0058527f379c3dff443b65914d290a26e3c","sellTxId":"MM-P-11052216-58037269-3-0-0"}
{"index": {"_index":"list","_id":"1650545"}}
	{"id":1650545,"type":"sell","buyer":"risingstargame","seller":"arbi.sportstalk","symbol":"LIST","quantity":"0.02698835","price":"0.03701000","timestamp":1633493739,"volume":"0.00099884","buyTxId":"a504abe57311c6ed2c274e186f9e615122f702b4","sellTxId":"c608710b94c0cbbc098e3ef3bff9bde39dcadf7c"}
{"index": {"_index":"list","_id":"1650646"}}
	{"id":1650646,"type":"buy","buyer":"blue.rabbit","seller":"arbi.sportstalk","symbol":"LIST","quantity":"45.00000000","price":"0.03701000","timestamp":1633495047,"volume":"1.66545000","buyTxId":"93fc7d8616b97fef820cf30b0f8f4647788fa8eb","sellTxId":"c608710b94c0cbbc098e3ef3bff9bde39dcadf7c"}
{"index": {"_index":"list","_id":"1650781"}}
	{"id":1650781,"type":"sell","buyer":"pi-trader","seller":"badbitch","symbol":"LIST","quantity":"226.63645050","price":"0.03700001","timestamp":1633496937,"volume":"8.38555093","buyTxId":"e4267379430971133b016a1ab317f2abbeca195a-7","sellTxId":"7ba7b1258b236220f6a6e9da5ca2d02ca491a0e7"}
{"index": {"_index":"list","_id":"1651322"}}
	{"id":1651322,"type":"sell","buyer":"pi-trader","seller":"sportsgeek","symbol":"LIST","quantity":"13.49361822","price":"0.03700001","timestamp":1633504500,"volume":"0.49926401","buyTxId":"d28a778d1855168ddeedcafb335ca83656428cc2-6","sellTxId":"0675102509d46334cf8114d1d907766c9a26afc2"}
{"index": {"_index":"list","_id":"1651557"}}
	{"id":1651557,"type":"sell","buyer":"pi-trader","seller":"esmeesmith","symbol":"LIST","quantity":"1.41966733","price":"0.03700001","timestamp":1633507671,"volume":"0.05252771","buyTxId":"4f6561907f7136034addcf74f984d96510379697-5","sellTxId":"737323a964e33070a328c0279c671e0d6b970f54"}
{"index": {"_index":"list","_id":"1651573"}}
	{"id":1651573,"type":"sell","buyer":"pi-trader","seller":"brofi-market","symbol":"LIST","quantity":"1.21662354","price":"0.03700001","timestamp":1633507803,"volume":"0.04501508","buyTxId":"13ee4fa96511ad9ed6fca7fc1248b81b51590325-5","sellTxId":"9777a7afc4b6e39f5b6157186abc1b9b369ea896"}
{"index": {"_index":"list","_id":"1651576"}}
	{"id":1651576,"type":"buy","buyer":"megalithic","seller":"arbi.sportstalk","symbol":"LIST","quantity":"0.33594711","price":"0.03701000","timestamp":1633507821,"volume":"0.01243340","buyTxId":"da3146810a65310f75208b71281a79afb9d3fe5a","sellTxId":"c608710b94c0cbbc098e3ef3bff9bde39dcadf7c"}
{"index": {"_index":"list","_id":"1651577"}}
	{"id":1651577,"type":"buy","buyer":"megalithic","seller":"brofi-market","symbol":"LIST","quantity":"1.21662354","price":"0.03701000","timestamp":1633507821,"volume":"0.04502724","buyTxId":"da3146810a65310f75208b71281a79afb9d3fe5a","sellTxId":"7be86a97dcd0bfa46781808091764660366f683f"}
{"index": {"_index":"list","_id":"1651578"}}
	{"id":1651578,"type":"buy","buyer":"megalithic","seller":"thelogicaldude","symbol":"LIST","quantity":"498.44742935","price":"0.07180000","timestamp":1633507821,"volume":"35.78852543","buyTxId":"da3146810a65310f75208b71281a79afb9d3fe5a","sellTxId":"MM-P-11057800-58042855-3-0-0"}
{"index": {"_index":"list","_id":"1651585"}}
	{"id":1651585,"type":"buy","buyer":"megalithic","seller":"thelogicaldude","symbol":"LIST","quantity":"250.00000000","price":"0.07180000","timestamp":1633507947,"volume":"17.95000000","buyTxId":"d6347be79372602b976ddc3cebcce3a10c6c4af9","sellTxId":"MM-P-11057800-58042855-3-0-0"}
{"index": {"_index":"list","_id":"1651622"}}
	{"id":1651622,"type":"sell","buyer":"megalithic","seller":"svirus","symbol":"LIST","quantity":"500.00000000","price":"0.05000000","timestamp":1633508523,"volume":"25.00000000","buyTxId":"d8bc47223371846adee5109eb8ec019c78992f15","sellTxId":"cc1a5a2e263be65aa6eeb008c5a7f87069142b7b-1"}
{"index": {"_index":"list","_id":"1651624"}}
	{"id":1651624,"type":"buy","buyer":"megalithic","seller":"thelogicaldude","symbol":"LIST","quantity":"250.00000000","price":"0.07180000","timestamp":1633508544,"volume":"17.95000000","buyTxId":"4916bbffae4857e782bb7f3e09a9ce2e1abd2c75","sellTxId":"MM-P-11057800-58042855-3-0-0"}
{"index": {"_index":"list","_id":"1651631"}}
	{"id":1651631,"type":"sell","buyer":"pi-trader","seller":"hive-143869","symbol":"LIST","quantity":"1.10990000","price":"0.03730001","timestamp":1633508664,"volume":"0.04139928","buyTxId":"109b923577856a44468863504f06f44258699110-7","sellTxId":"4788576330c4ab468d6404c8b34e8c0ae6f3d78e"}
{"index": {"_index":"list","_id":"1651775"}}
	{"id":1651775,"type":"sell","buyer":"pi-trader","seller":"aiovo","symbol":"LIST","quantity":"250.00000000","price":"0.04000001","timestamp":1633509606,"volume":"10.00000250","buyTxId":"235379245ead0355292f6d69064d86f75dadec1e-6","sellTxId":"9e6adfdc98489deeefa344211cd6d488a5b62dca"}
{"index": {"_index":"list","_id":"1652358"}}
	{"id":1652358,"type":"sell","buyer":"pi-trader","seller":"joemark","symbol":"LIST","quantity":"4.58003374","price":"0.04001001","timestamp":1633517232,"volume":"0.18324720","buyTxId":"1c27263dcc5575066c809220fec7ed3c8633e6ff-5","sellTxId":"7c7404bf5d2b414df2271faa642faf06e819ffc9"}
{"index": {"_index":"list","_id":"1652856"}}
	{"id":1652856,"type":"sell","buyer":"pi-trader","seller":"dhedge-drips","symbol":"LIST","quantity":"0.11405864","price":"0.04250001","timestamp":1633524378,"volume":"0.00484749","buyTxId":"e93ecfd7a0d2e6db1d499751ae2f13c14a78b8ed-1","sellTxId":"b980b9a475e4f626ff309affebb0adaa93201b50"}
{"index": {"_index":"list","_id":"1653130"}}
	{"id":1653130,"type":"sell","buyer":"pi-trader","seller":"zottone444","symbol":"LIST","quantity":"300.00000000","price":"0.04250001","timestamp":1633528560,"volume":"12.75000300","buyTxId":"95d1add63f61822a84a61fe4eec1376e4dc6719a-3","sellTxId":"b5291e12d2c0ed68e618ba07daeea0eb4e9e8b0c"}
{"index": {"_index":"list","_id":"1653133"}}
	{"id":1653133,"type":"buy","buyer":"pi-trader","seller":"zottone444","symbol":"LIST","quantity":"24.86752716","price":"0.04250001","timestamp":1633528587,"volume":"1.05687015","buyTxId":"00e881c066638d0ee4da93e36c907ab655f39126-4","sellTxId":"b5291e12d2c0ed68e618ba07daeea0eb4e9e8b0c"}
{"index": {"_index":"list","_id":"1653448"}}
	{"id":1653448,"type":"sell","buyer":"pi-trader","seller":"rishi556","symbol":"LIST","quantity":"0.000174","price":"0.04250001","timestamp":1633532697,"volume":"0.00000740","buyTxId":"212b7681ed90b2507ec52fc7842756f4d7ae8469-7","sellTxId":"053b27763cfc96229fa359396206c789a4782c84-4"}
{"index": {"_index":"list","_id":"1653819"}}
	{"id":1653819,"type":"sell","buyer":"pi-trader","seller":"dswap","symbol":"LIST","quantity":"5.34053655","price":"0.04250001","timestamp":1633537833,"volume":"0.22697286","buyTxId":"ea5a6a1f8a08673aef1c2fbbc8f19edd5ea2959c-7","sellTxId":"4a6e321139b1e3aab6485489eedb4db977ac9975"}
{"index": {"_index":"list","_id":"1654070"}}
	{"id":1654070,"type":"sell","buyer":"pi-trader","seller":"justinparke","symbol":"LIST","quantity":"4.59399342","price":"0.04250001","timestamp":1633540497,"volume":"0.19524477","buyTxId":"abc722d6b6fc98ee2d295ab322da2eb84ef97376-3","sellTxId":"9bc1d5bf173d06db5bc6d15da3587a578a352718"}
{"index": {"_index":"list","_id":"1654181"}}
	{"id":1654181,"type":"sell","buyer":"pi-trader","seller":"cwow2","symbol":"LIST","quantity":"0.59906182","price":"0.04250001","timestamp":1633541916,"volume":"0.02546013","buyTxId":"2adc2b7b10c6f0b9d674b9945ec24ee1c54185dc-3","sellTxId":"fea4ad03f68356de09424533af5894a2c73417c7"}
{"index": {"_index":"list","_id":"1654937"}}
	{"id":1654937,"type":"buy","buyer":"igel2017","seller":"pablodare","symbol":"LIST","quantity":"5.56774612","price":"0.06450000","timestamp":1633553652,"volume":"0.35911962","buyTxId":"b9651b4609e2c81a56a5de34e58532400cc4900b","sellTxId":"0eeab75d294743ac3bddd2a198afac7d88c4da4a"}
{"index": {"_index":"list","_id":"1654938"}}
	{"id":1654938,"type":"buy","buyer":"igel2017","seller":"eirik","symbol":"LIST","quantity":"1.50000000","price":"0.06500000","timestamp":1633553682,"volume":"0.09750000","buyTxId":"7621c2e9dc44ee6e97d6b912723973b1035cae9e","sellTxId":"998e41c1c7f63c1fad46e0c3f4a0445b79ae4c79"}
{"index": {"_index":"list","_id":"1654945"}}
	{"id":1654945,"type":"buy","buyer":"igel2017","seller":"dhedge-drips","symbol":"LIST","quantity":"0.11405864","price":"0.06500000","timestamp":1633553721,"volume":"0.00741381","buyTxId":"9795188096a8dbe209c5480bf3546ca603028b16","sellTxId":"2f3b5ceb7f50f0074b969e7ee8ff3388fb6f7e79"}
{"index": {"_index":"list","_id":"1654947"}}
	{"id":1654947,"type":"buy","buyer":"igel2017","seller":"thelogicaldude","symbol":"LIST","quantity":"1.55257065","price":"0.07180000","timestamp":1633553763,"volume":"0.11147457","buyTxId":"e43f9aafc3196e9e4ecf59b2a422b97b5657467c","sellTxId":"MM-P-11057800-58042855-3-0-0"}
{"index": {"_index":"list","_id":"1654951"}}
	{"id":1654951,"type":"buy","buyer":"igel2017","seller":"captain.future","symbol":"LIST","quantity":"5.00000000","price":"0.07226000","timestamp":1633553838,"volume":"0.36130000","buyTxId":"da8c13a219b667e4862f3ecbe2b064fb5d3780be","sellTxId":"MM-P-11051835-58036887-3-0-0"}
