{"index": {"_index":"list","_id":"2077564"}}
	{"id":2077564,"type":"buy","buyer":"terapallo","seller":"master-lamps","symbol":"LIST","quantity":"7.91428502","price":"0.02399989","timestamp":1637644527,"volume":"0.18994197","buyTxId":"14f0f439ff8907533d8c185c0b4602db94e2cb69","sellTxId":"713cbefc2078e11cb91a9da763b037d274cc4501"}
{"index": {"_index":"list","_id":"2078243"}}
	{"id":2078243,"type":"sell","buyer":"master-lamps","seller":"joemark","symbol":"LIST","quantity":"9.70519619","price":"0.02200003","timestamp":1637653350,"volume":"0.21351461","buyTxId":"a8ff7c28a545fe90bccbeaff4f2b6101a6bb53d9","sellTxId":"4fd62502e09308675b9aa19330dc083a095c7b73"}
{"index": {"_index":"list","_id":"2078244"}}
	{"id":2078244,"type":"sell","buyer":"kobusu","seller":"joemark","symbol":"LIST","quantity":"184.41306861","price":"0.02200000","timestamp":1637653350,"volume":"4.05708751","buyTxId":"1cfead9c607d5e85dcbefae38a49f7625473237f","sellTxId":"4fd62502e09308675b9aa19330dc083a095c7b73"}
{"index": {"_index":"list","_id":"2078454"}}
	{"id":2078454,"type":"sell","buyer":"kobusu","seller":"roger.remix","symbol":"LIST","quantity":"192.63370021","price":"0.02200000","timestamp":1637656449,"volume":"4.23794140","buyTxId":"1cfead9c607d5e85dcbefae38a49f7625473237f","sellTxId":"e7f8ff033ea9c00ce6e119c7aa02e26c5e9dad32"}
{"index": {"_index":"list","_id":"2078790"}}
	{"id":2078790,"type":"sell","buyer":"kobusu","seller":"emeka4","symbol":"LIST","quantity":"11.73340353","price":"0.02200000","timestamp":1637661141,"volume":"0.25813488","buyTxId":"1cfead9c607d5e85dcbefae38a49f7625473237f","sellTxId":"52b64a5eb115686e987f328148ea1ab793d7e294"}
{"index": {"_index":"list","_id":"2079213"}}
	{"id":2079213,"type":"sell","buyer":"pi-trader","seller":"tonytrillions","symbol":"LIST","quantity":"0.00260300","price":"0.02100001","timestamp":1637666691,"volume":"0.00005466","buyTxId":"e01fcfb754e11b2d77e41333030ffc1c20b954bf-4","sellTxId":"d720792a5230cf0ef05d9a28d08c251db4015590"}
{"index": {"_index":"list","_id":"2079830"}}
	{"id":2079830,"type":"buy","buyer":"terapallo","seller":"master-lamps","symbol":"LIST","quantity":"5.24627446","price":"0.02399989","timestamp":1637673018,"volume":"0.12591001","buyTxId":"4bd7b8d060d5ea81d31128d48ddd4048085835bf","sellTxId":"713cbefc2078e11cb91a9da763b037d274cc4501"}
{"index": {"_index":"list","_id":"2080164"}}
	{"id":2080164,"type":"sell","buyer":"pi-trader","seller":"esmeesmith","symbol":"LIST","quantity":"0.71671322","price":"0.02120003","timestamp":1637675553,"volume":"0.01519434","buyTxId":"59263a67143809b39908b1a097ede66c4b7d771a-1","sellTxId":"055770e582ef6e5bdbdca9632bee1fa429e1bf58"}
{"index": {"_index":"list","_id":"2080232"}}
	{"id":2080232,"type":"sell","buyer":"pi-trader","seller":"devpress","symbol":"LIST","quantity":"5.08323001","price":"0.02120003","timestamp":1637676075,"volume":"0.10776463","buyTxId":"59c24bce2eae65e14d16ed75c9d5fb25a65c8ff8-4","sellTxId":"324e69264fecb14ab08e21ac239ab1d7b60406cb"}
{"index": {"_index":"list","_id":"2081131"}}
	{"id":2081131,"type":"sell","buyer":"pi-trader","seller":"brofi-market","symbol":"LIST","quantity":"0.81764502","price":"0.02120003","timestamp":1637683872,"volume":"0.01733410","buyTxId":"67e2782a6b1197d213853e86e070a5db77356840-2","sellTxId":"74eff6819e5ea12b63407be9cb8b61193d385307"}
{"index": {"_index":"list","_id":"2081703"}}
	{"id":2081703,"type":"sell","buyer":"pi-trader","seller":"pablodare","symbol":"LIST","quantity":"17.34317905","price":"0.02120003","timestamp":1637687820,"volume":"0.36767592","buyTxId":"9ef1ed498483707aab40528e8fc97f5337dd21be-8","sellTxId":"d64e28adee6f8bb1cbb47cd81e609da6d89dfc87"}
{"index": {"_index":"list","_id":"2081756"}}
	{"id":2081756,"type":"sell","buyer":"pi-trader","seller":"magnacarta","symbol":"LIST","quantity":"0.651712","price":"0.02120003","timestamp":1637688210,"volume":"0.01381631","buyTxId":"f28901be68fe0725738c275c8d73713033d93550-6","sellTxId":"cbe4e88be6906b06e275c81d937f4ceec55388e5"}
{"index": {"_index":"list","_id":"2082105"}}
	{"id":2082105,"type":"sell","buyer":"pi-trader","seller":"charityball","symbol":"LIST","quantity":"54.41921240","price":"0.02120003","timestamp":1637689869,"volume":"1.15368894","buyTxId":"a3d33062e282f4b965f95805bc7350914cfc6a92-3","sellTxId":"1e5427777d83670395d8886dc89afbcf5d9038dd"}
{"index": {"_index":"list","_id":"2083318"}}
	{"id":2083318,"type":"sell","buyer":"pi-trader","seller":"brofi-market","symbol":"LIST","quantity":"1.11509942","price":"0.02120003","timestamp":1637698416,"volume":"0.02364014","buyTxId":"c0b2dc65ceae8a6427a09f938ba15e492f699688-3","sellTxId":"ded2c14444d131edb9e032b537a600280c796247"}
{"index": {"_index":"list","_id":"2084536"}}
	{"id":2084536,"type":"sell","buyer":"pi-trader","seller":"shaddrak","symbol":"LIST","quantity":"6.93269512","price":"0.02120003","timestamp":1637708346,"volume":"0.14697334","buyTxId":"ef785b0f05a5b42bcc717eb51398000e0a71f992-5","sellTxId":"d036ab84cc435638de1fbc9128ff8ca87b829dfe"}
{"index": {"_index":"list","_id":"2085505"}}
	{"id":2085505,"type":"sell","buyer":"pi-trader","seller":"dhedge-drips","symbol":"LIST","quantity":"0.18119457","price":"0.02120003","timestamp":1637714829,"volume":"0.00384133","buyTxId":"5d877af96a985c01160ffa858354c9968c6e5efc-3","sellTxId":"0c45bb3a6f4c4c8100be46e234fc4f990b526caf"}
{"index": {"_index":"list","_id":"2085744"}}
	{"id":2085744,"type":"sell","buyer":"pi-trader","seller":"openwide","symbol":"LIST","quantity":"7.82889840","price":"0.02120003","timestamp":1637717100,"volume":"0.16597288","buyTxId":"40715e9403f50f4d77e35f01bb9cee385239c779-3","sellTxId":"df43636efa90f0feb9246d1dc23d70e81c50b094"}
{"index": {"_index":"list","_id":"2086605"}}
	{"id":2086605,"type":"buy","buyer":"kachinhenry","seller":"unorgmilitia","symbol":"LIST","quantity":"100.00000000","price":"0.02300000","timestamp":1637724219,"volume":"2.30000000","buyTxId":"0a22d2404433775d95e26e88b344c90ba816b1d7","sellTxId":"1863df4bd55857e8ddb9be9036670938d1838648"}
{"index": {"_index":"list","_id":"2086636"}}
	{"id":2086636,"type":"sell","buyer":"pi-trader","seller":"mawit07","symbol":"LIST","quantity":"300.00000000","price":"0.02120003","timestamp":1637724513,"volume":"6.36000900","buyTxId":"624724ee008b995de07248f422a8c54fd760dde7-1","sellTxId":"f7762fa4dd235dc570de9e45353b66b41a97b45c"}
{"index": {"_index":"list","_id":"2086637"}}
	{"id":2086637,"type":"sell","buyer":"master-lamps","seller":"mawit07","symbol":"LIST","quantity":"5.93890000","price":"0.02120002","timestamp":1637724513,"volume":"0.12590480","buyTxId":"935c169081e8101458557ff881c60bc6a8939077","sellTxId":"f7762fa4dd235dc570de9e45353b66b41a97b45c"}
{"index": {"_index":"list","_id":"2086638"}}
	{"id":2086638,"type":"sell","buyer":"kobusu","seller":"mawit07","symbol":"LIST","quantity":"453.69570207","price":"0.02120000","timestamp":1637724513,"volume":"9.61834888","buyTxId":"9485bb15c20e4fd6a246724b01deb7e7c489331a","sellTxId":"f7762fa4dd235dc570de9e45353b66b41a97b45c"}
