{"index": {"_index":"list","_id":"1947836"}}
	{"id":1947836,"type":"sell","buyer":"pi-trader","seller":"mawit07","symbol":"LIST","quantity":"300.00000000","price":"0.02000002","timestamp":1636611939,"volume":"6.00000600","buyTxId":"b58ea037583be755bea5e33270336f192e7dba7f-5","sellTxId":"97938084484e0fb3ba25e0293981242f48fbf71e"}
{"index": {"_index":"list","_id":"1947837"}}
	{"id":1947837,"type":"sell","buyer":"ganjafarmer","seller":"mawit07","symbol":"LIST","quantity":"30.00000000","price":"0.02000001","timestamp":1636611939,"volume":"0.60000030","buyTxId":"a32aa2a240d5868f613abed542acc14841110914","sellTxId":"97938084484e0fb3ba25e0293981242f48fbf71e"}
{"index": {"_index":"list","_id":"1947838"}}
	{"id":1947838,"type":"sell","buyer":"dadspardan","seller":"mawit07","symbol":"LIST","quantity":"1199.82772471","price":"0.02000000","timestamp":1636611939,"volume":"23.99655449","buyTxId":"cdc75f8db900a7db1b1c63b2a1a541f6824ffd46","sellTxId":"97938084484e0fb3ba25e0293981242f48fbf71e"}
{"index": {"_index":"list","_id":"1947915"}}
	{"id":1947915,"type":"buy","buyer":"dadspardan","seller":"ganjafarmer","symbol":"LIST","quantity":"1.01066152","price":"0.02579000","timestamp":1636612557,"volume":"0.02606496","buyTxId":"21d2bb81f24c56aeedff4a66d7ce3e9f3e73c3d3","sellTxId":"1f02dc64988473014e9a8d21d7ab5286685e7132"}
{"index": {"_index":"list","_id":"1947916"}}
	{"id":1947916,"type":"buy","buyer":"dadspardan","seller":"atifaman","symbol":"LIST","quantity":"396.24955827","price":"0.02589000","timestamp":1636612557,"volume":"10.25890106","buyTxId":"21d2bb81f24c56aeedff4a66d7ce3e9f3e73c3d3","sellTxId":"9e34a5ef0152c0196ed2ad5e57c1cf97e6eca253"}
{"index": {"_index":"list","_id":"1947917"}}
	{"id":1947917,"type":"buy","buyer":"dadspardan","seller":"davedickeyyall","symbol":"LIST","quantity":"786.98115967","price":"0.02600000","timestamp":1636612557,"volume":"20.46151015","buyTxId":"21d2bb81f24c56aeedff4a66d7ce3e9f3e73c3d3","sellTxId":"6372ff7f35fb761fea02182178b71fda50de3e24"}
{"index": {"_index":"list","_id":"1947918"}}
	{"id":1947918,"type":"buy","buyer":"dadspardan","seller":"dhedge-drips","symbol":"LIST","quantity":"0.01251986","price":"0.02690000","timestamp":1636612557,"volume":"0.00033678","buyTxId":"21d2bb81f24c56aeedff4a66d7ce3e9f3e73c3d3","sellTxId":"1a031ba36ae1d90ff65366eb521ba9549fe7327a"}
{"index": {"_index":"list","_id":"1947919"}}
	{"id":1947919,"type":"buy","buyer":"dadspardan","seller":"alokkumar121","symbol":"LIST","quantity":"3049.47487807","price":"0.02779000","timestamp":1636612557,"volume":"84.74490686","buyTxId":"21d2bb81f24c56aeedff4a66d7ce3e9f3e73c3d3","sellTxId":"ea809710c00afa3c8cd849ac240391cf59d84670"}
{"index": {"_index":"list","_id":"1947966"}}
	{"id":1947966,"type":"sell","buyer":"dadspardan","seller":"konvik","symbol":"LIST","quantity":"1165.11648148","price":"0.02779000","timestamp":1636612917,"volume":"32.37858702","buyTxId":"21d2bb81f24c56aeedff4a66d7ce3e9f3e73c3d3","sellTxId":"a7a9f83a448f6c9312fbc922621004b59e67e3b7-1"}
{"index": {"_index":"list","_id":"1948314"}}
	{"id":1948314,"type":"sell","buyer":"dadspardan","seller":"tonytrillions","symbol":"LIST","quantity":"0.08550000","price":"0.02779000","timestamp":1636616145,"volume":"0.00237605","buyTxId":"21d2bb81f24c56aeedff4a66d7ce3e9f3e73c3d3","sellTxId":"cb4632d049c194ae472f0f9d5dfc75f1006af1af"}
{"index": {"_index":"list","_id":"1948396"}}
	{"id":1948396,"type":"sell","buyer":"dadspardan","seller":"thatcryptodave","symbol":"LIST","quantity":"1.06924113","price":"0.02779000","timestamp":1636616793,"volume":"0.02971421","buyTxId":"21d2bb81f24c56aeedff4a66d7ce3e9f3e73c3d3","sellTxId":"037374f2e8d58e19f3dbf3b9e673435503f7f117"}
{"index": {"_index":"list","_id":"1948426"}}
	{"id":1948426,"type":"sell","buyer":"pi-trader","seller":"thatcryptodave","symbol":"LIST","quantity":"0.60470487","price":"0.01890030","timestamp":1636616874,"volume":"0.01142910","buyTxId":"57026bedbe72da53b106a9c28b95c801182d8d56-2","sellTxId":"1d63a843a90dc47921d034564a5fcca1a9cf54ca"}
{"index": {"_index":"list","_id":"1948961"}}
	{"id":1948961,"type":"sell","buyer":"pi-trader","seller":"esmeesmith","symbol":"LIST","quantity":"0.33922943","price":"0.02000001","timestamp":1636621848,"volume":"0.00678459","buyTxId":"7202e3279a16869a6a88b0a39bfe6df2f2043a8b-2","sellTxId":"c205e409ed505478360cea79022e0c9f87d8be66"}
{"index": {"_index":"list","_id":"1949608"}}
	{"id":1949608,"type":"sell","buyer":"pi-trader","seller":"tonytrillions","symbol":"LIST","quantity":"0.00266700","price":"0.02000001","timestamp":1636628379,"volume":"0.00005334","buyTxId":"5903d8f362bbc31f3970b949545df94390bafba6-2","sellTxId":"85417bd92dd568be0d64a388dc2ad0fd0ecb93f2"}
{"index": {"_index":"list","_id":"1949688"}}
	{"id":1949688,"type":"sell","buyer":"pi-trader","seller":"buildahouse","symbol":"LIST","quantity":"0.27930000","price":"0.02000001","timestamp":1636629501,"volume":"0.00558600","buyTxId":"72f943e1b8bb991626372e1ff84d5086907f1195-1","sellTxId":"1562d507a3f47737e8286aefe66d6944952b275e"}
{"index": {"_index":"list","_id":"1950134"}}
	{"id":1950134,"type":"sell","buyer":"pi-trader","seller":"brofi-market","symbol":"LIST","quantity":"0.42996914","price":"0.02000001","timestamp":1636632636,"volume":"0.00859939","buyTxId":"2953651d63f78edf86dd9e5cfe755f9d82ca0fb7-1","sellTxId":"698d54e8ae45ffbcbddbd21425a3e68de09cc0de"}
{"index": {"_index":"list","_id":"1950398"}}
	{"id":1950398,"type":"sell","buyer":"pi-trader","seller":"dhedge-drips","symbol":"LIST","quantity":"0.04030960","price":"0.02000001","timestamp":1636634769,"volume":"0.00080619","buyTxId":"dd959b92d6e45e2e697a6453854f0e21ca4950d3-9","sellTxId":"4ce9a23f207b0d10322442eba36911ccca767cee"}
{"index": {"_index":"list","_id":"1950709"}}
	{"id":1950709,"type":"sell","buyer":"pi-trader","seller":"magnacarta","symbol":"LIST","quantity":"0.000001","price":"0.02000001","timestamp":1636638108,"volume":"0.00000002","buyTxId":"f539f6036c2b5931d4da2885beaff88b4eddddaf-3","sellTxId":"4d4e610554df0f9395d2686ab8e04846d798f5da"}
{"index": {"_index":"list","_id":"1950746"}}
	{"id":1950746,"type":"sell","buyer":"pi-trader","seller":"chinorf","symbol":"LIST","quantity":"25.73064354","price":"0.02000001","timestamp":1636638372,"volume":"0.51461313","buyTxId":"e2f70334ef64e5e271d61e3d912507bc7fb9897b-2","sellTxId":"879d5425096f41243910a9266663f21f70f567c4"}
{"index": {"_index":"list","_id":"1951304"}}
	{"id":1951304,"type":"sell","buyer":"pi-trader","seller":"coffeelovers","symbol":"LIST","quantity":"0.56704388","price":"0.02000001","timestamp":1636642077,"volume":"0.01134088","buyTxId":"f51356e6a9ccfc90d53b6534b112afb80308c982-4","sellTxId":"b28039222db1d3ed514081c4b324ad8638c461ec"}
{"index": {"_index":"list","_id":"1952180"}}
	{"id":1952180,"type":"sell","buyer":"pi-trader","seller":"charityball","symbol":"LIST","quantity":"300.00000000","price":"0.02000001","timestamp":1636650471,"volume":"6.00000300","buyTxId":"0e0686abf7b5893ce87159b0af92d247636c60e0-1","sellTxId":"236ed171027fc6311f262edf25478491a34d549d"}
{"index": {"_index":"list","_id":"1952181"}}
	{"id":1952181,"type":"sell","buyer":"thelogicaldude","seller":"charityball","symbol":"LIST","quantity":"43.60863032","price":"0.02000000","timestamp":1636650471,"volume":"0.87217261","buyTxId":"MM-P-12091364-59077442-3-0-0","sellTxId":"236ed171027fc6311f262edf25478491a34d549d"}
{"index": {"_index":"list","_id":"1954161"}}
	{"id":1954161,"type":"sell","buyer":"pi-trader","seller":"edystringz","symbol":"LIST","quantity":"300.00000000","price":"0.02000001","timestamp":1636664739,"volume":"6.00000300","buyTxId":"2adb6389f58baade3d115c0e32959d4b297263cd-1","sellTxId":"e8e8999e9ae03e8b65a041f971bde35f88a98388"}
{"index": {"_index":"list","_id":"1954166"}}
	{"id":1954166,"type":"buy","buyer":"pi-trader","seller":"edystringz","symbol":"LIST","quantity":"80.00000000","price":"0.02000001","timestamp":1636664757,"volume":"1.60000080","buyTxId":"375db2e239751b2263e204101f073569a6bc0bef-3","sellTxId":"e8e8999e9ae03e8b65a041f971bde35f88a98388"}
{"index": {"_index":"list","_id":"1954241"}}
	{"id":1954241,"type":"sell","buyer":"pi-trader","seller":"sipahikara","symbol":"LIST","quantity":"5.80529192","price":"0.02000001","timestamp":1636665369,"volume":"0.11610590","buyTxId":"7edc96e688977f8c45563f22c37ecbd31c24996a-2","sellTxId":"aaa705237f245404d72c8e3ee4df68fc29f57524"}
{"index": {"_index":"list","_id":"1954736"}}
	{"id":1954736,"type":"sell","buyer":"pi-trader","seller":"lisamgentile1961","symbol":"LIST","quantity":"76.67336121","price":"0.02000001","timestamp":1636669113,"volume":"1.53346799","buyTxId":"6c65281ee21e55b916b71f6ed705f54458db8612-6","sellTxId":"49894bffe38444fd78af9b3a023b51ba4be16f02"}
{"index": {"_index":"list","_id":"1955581"}}
	{"id":1955581,"type":"sell","buyer":"pi-trader","seller":"justinparke","symbol":"LIST","quantity":"8.37506743","price":"0.02000001","timestamp":1636676580,"volume":"0.16750143","buyTxId":"73401578aa9e6637fd2d86d58198e00cc38c230e-8","sellTxId":"6eacf01c5d9976387867351e3dcf5c1a84f3a68f"}
{"index": {"_index":"list","_id":"1956576"}}
	{"id":1956576,"type":"sell","buyer":"sbi-tokens","seller":"thatsweeneyguy","symbol":"LIST","quantity":"102.09802431","price":"0.02100000","timestamp":1636685934,"volume":"2.14405851","buyTxId":"38607ca6c610d0fcf7320a2ff78b8ba2b73d3e76","sellTxId":"441c451940a19b455be18d9b3cec0d9ca9de1c3e"}
{"index": {"_index":"list","_id":"1956727"}}
	{"id":1956727,"type":"sell","buyer":"sbi-tokens","seller":"thatcryptodave","symbol":"LIST","quantity":"3.66763300","price":"0.02100000","timestamp":1636687359,"volume":"0.07702029","buyTxId":"38607ca6c610d0fcf7320a2ff78b8ba2b73d3e76","sellTxId":"2d84ba7377221ef582ea4d3b37216665821c9df8"}
