{"index": {"_index":"list","_id":"1117466"}}
	{"id":1117466,"type":"sell","buyer":"b4phom3t","seller":"crypto133","symbol":"LIST","quantity":"20.56132835","price":"0.02000000","timestamp":1622934009,"volume":"0.41122657","buyTxId":"4c4676afef282576fc143de9df55b6e9ef0efa91","sellTxId":"90ce3cc77c11f08e2ab6b0797789df263a78870b"}
{"index": {"_index":"list","_id":"1117546"}}
	{"id":1117546,"type":"sell","buyer":"b4phom3t","seller":"brofi-market","symbol":"LIST","quantity":"0.10170115","price":"0.01990000","timestamp":1622937000,"volume":"0.00202385","buyTxId":"d3cbcc8bad795a57c97c6ae7d8be22fdc59a2790","sellTxId":"ce26cd2853050d5807647f753acd703fa47f86e9"}
{"index": {"_index":"list","_id":"1117559"}}
	{"id":1117559,"type":"buy","buyer":"thelogicaldude","seller":"crypto133","symbol":"LIST","quantity":"1.32523911","price":"0.02000000","timestamp":1622937600,"volume":"0.02650478","buyTxId":"MM-P-7553381-54528790-3-0-0","sellTxId":"90ce3cc77c11f08e2ab6b0797789df263a78870b"}
{"index": {"_index":"list","_id":"1117560"}}
	{"id":1117560,"type":"buy","buyer":"thelogicaldude","seller":"brofi-market","symbol":"LIST","quantity":"0.10170115","price":"0.02000000","timestamp":1622937600,"volume":"0.00203402","buyTxId":"MM-P-7553381-54528790-3-0-0","sellTxId":"1164aec66b7bdc1f2da1a3d93ccfbf00d4220b72"}
{"index": {"_index":"list","_id":"1117831"}}
	{"id":1117831,"type":"buy","buyer":"yintercept","seller":"hivelist","symbol":"LIST","quantity":"45.00000000","price":"0.02200000","timestamp":1622944005,"volume":"0.99000000","buyTxId":"6641907faa086c4f356d0c9650d3d2fdaec2a590","sellTxId":"cf5f3e9760b367b2b3fb5804189b9154b65765e6"}
{"index": {"_index":"list","_id":"1117882"}}
	{"id":1117882,"type":"sell","buyer":"thelogicaldude","seller":"chireerocks","symbol":"LIST","quantity":"38.74631266","price":"0.02000000","timestamp":1622945883,"volume":"0.77492625","buyTxId":"MM-P-7553381-54528790-3-0-0","sellTxId":"21a6ac99350b69d092b03267f7235c6639e69eca"}
{"index": {"_index":"list","_id":"1117897"}}
	{"id":1117897,"type":"sell","buyer":"thelogicaldude","seller":"doitvoluntarily","symbol":"LIST","quantity":"112.00000000","price":"0.02000000","timestamp":1622946177,"volume":"2.24000000","buyTxId":"MM-P-7553381-54528790-3-0-0","sellTxId":"88bd024b8f88a1e8d2d05eec14de31a17e858dd7"}
{"index": {"_index":"list","_id":"1117904"}}
	{"id":1117904,"type":"buy","buyer":"successchar","seller":"hivelist","symbol":"LIST","quantity":"100.00000000","price":"0.02200000","timestamp":1622946243,"volume":"2.20000000","buyTxId":"4f289eccfb34b3e7aa891e8d7adfebbe9f182a7f","sellTxId":"cf5f3e9760b367b2b3fb5804189b9154b65765e6"}
{"index": {"_index":"list","_id":"1118268"}}
	{"id":1118268,"type":"sell","buyer":"thelogicaldude","seller":"ctpsb","symbol":"LIST","quantity":"12.25000000","price":"0.02000000","timestamp":1622961780,"volume":"0.24500000","buyTxId":"MM-P-7553381-54528790-3-0-0","sellTxId":"ec1ffb976dad11317ad187138d4fd6c0f81fcffb"}
{"index": {"_index":"list","_id":"1118593"}}
	{"id":1118593,"type":"sell","buyer":"thelogicaldude","seller":"ahmetay","symbol":"LIST","quantity":"0.00854233","price":"0.02000000","timestamp":1622978343,"volume":"0.00017085","buyTxId":"MM-P-7553381-54528790-3-0-0","sellTxId":"ae695e61ad7658669affa7b1f811f2ba0106b777"}
{"index": {"_index":"list","_id":"1118717"}}
	{"id":1118717,"type":"sell","buyer":"thelogicaldude","seller":"maximiliam","symbol":"LIST","quantity":"0.95034674","price":"0.02000000","timestamp":1622983026,"volume":"0.01900693","buyTxId":"MM-P-7553381-54528790-3-0-0","sellTxId":"3cceae97df36a30f5c1bf9a3035ee5eb853b6eae"}
{"index": {"_index":"list","_id":"1118799"}}
	{"id":1118799,"type":"sell","buyer":"thelogicaldude","seller":"pablodare","symbol":"LIST","quantity":"17.69385093","price":"0.02000000","timestamp":1622986464,"volume":"0.35387702","buyTxId":"MM-P-7553381-54528790-3-0-0","sellTxId":"74ab7f482bf9650d477b92ddf73438aeb8fbddce"}
{"index": {"_index":"list","_id":"1119249"}}
	{"id":1119249,"type":"sell","buyer":"thelogicaldude","seller":"jersteemit","symbol":"LIST","quantity":"45.14061274","price":"0.02000000","timestamp":1622999478,"volume":"0.90281225","buyTxId":"MM-P-7553381-54528790-3-0-0","sellTxId":"8a19024e6e341f3b14b303c6997128ff85614d94"}
{"index": {"_index":"list","_id":"1119308"}}
	{"id":1119308,"type":"sell","buyer":"thelogicaldude","seller":"rishi556","symbol":"LIST","quantity":"0.000103","price":"0.02000000","timestamp":1623000756,"volume":"0.00000206","buyTxId":"MM-P-7553381-54528790-3-0-0","sellTxId":"7df18bbed50213c0092331af2ba3dbb84e8d4502-3"}
{"index": {"_index":"list","_id":"1119316"}}
	{"id":1119316,"type":"sell","buyer":"thelogicaldude","seller":"vagabondspirit","symbol":"LIST","quantity":"1.75833240","price":"0.02000000","timestamp":1623000831,"volume":"0.03516665","buyTxId":"MM-P-7553381-54528790-3-0-0","sellTxId":"4789db5a0136994faa14f0d6120dd16999e4be5e"}
{"index": {"_index":"list","_id":"1119342"}}
	{"id":1119342,"type":"sell","buyer":"thelogicaldude","seller":"tonytrillions","symbol":"LIST","quantity":"0.09539021","price":"0.02000000","timestamp":1623001446,"volume":"0.00190780","buyTxId":"MM-P-7553381-54528790-3-0-0","sellTxId":"788d647f57f87b2ef4c512479fdf8be262996985"}
{"index": {"_index":"list","_id":"1120062"}}
	{"id":1120062,"type":"sell","buyer":"thelogicaldude","seller":"brofi-market","symbol":"LIST","quantity":"0.12712494","price":"0.02000000","timestamp":1623017013,"volume":"0.00254250","buyTxId":"MM-P-7553381-54528790-3-0-0","sellTxId":"b97409f2c3ccfb4e913570de0c0dbc6aa9439187"}
