{"jsonrpc":"2.0","id":1,"result":[{"_id":4156464,"type":"sell","buyer":"sbi-tokens","seller":"god0","symbol":"LIST","quantity":"471.38713460","price":"0.00290000","timestamp":1660795455,"volume":"1.36702269","buyTxId":"73a8ff70ebe73064c03ad1a39b5c4f92bf72e2ba","sellTxId":"96097c6b37b9996be576bb2327140d21c7186767-1"},{"_id":4158096,"type":"sell","buyer":"sbi-tokens","seller":"isiksenpalvoja","symbol":"LIST","quantity":"1.21845200","price":"0.00290000","timestamp":1660814838,"volume":"0.00353351","buyTxId":"73a8ff70ebe73064c03ad1a39b5c4f92bf72e2ba","sellTxId":"43f7e7ea1030a79c15abbcc1ff7edd16bba937ac"},{"_id":4158425,"type":"sell","buyer":"sbi-tokens","seller":"lxsxl","symbol":"LIST","quantity":"5331.63260494","price":"0.00290000","timestamp":1660818513,"volume":"15.46173455","buyTxId":"73a8ff70ebe73064c03ad1a39b5c4f92bf72e2ba","sellTxId":"64757833fa62551ad1ed526437346f01caf6e152"},{"_id":4158775,"type":"sell","buyer":"sbi-tokens","seller":"steem82868","symbol":"LIST","quantity":"0.00005084","price":"0.00290000","timestamp":1660823307,"volume":"0.00000015","buyTxId":"73a8ff70ebe73064c03ad1a39b5c4f92bf72e2ba","sellTxId":"666e58b74ca3996fc3d63ba4f2d3724168a9f767"},{"_id":4158783,"type":"sell","buyer":"sbi-tokens","seller":"hive-103505","symbol":"LIST","quantity":"92.79476441","price":"0.00290000","timestamp":1660823505,"volume":"0.26910482","buyTxId":"73a8ff70ebe73064c03ad1a39b5c4f92bf72e2ba","sellTxId":"e98dcc93961c0129692a37da65c7e10420793a32"},{"_id":4158826,"type":"sell","buyer":"sbi-tokens","seller":"hatdogsensei","symbol":"LIST","quantity":"1.49281829","price":"0.00290000","timestamp":1660824093,"volume":"0.00432917","buyTxId":"73a8ff70ebe73064c03ad1a39b5c4f92bf72e2ba","sellTxId":"8cf6e09ec7662306694f514061933c45ca52551f"},{"_id":4158892,"type":"sell","buyer":"sbi-tokens","seller":"robibasa","symbol":"LIST","quantity":"1.36044717","price":"0.00290000","timestamp":1660824981,"volume":"0.00394530","buyTxId":"73a8ff70ebe73064c03ad1a39b5c4f92bf72e2ba","sellTxId":"ab895a236474b25c672d6a8b53f58418603a1678"},{"_id":4159131,"type":"sell","buyer":"sbi-tokens","seller":"tjnew14","symbol":"LIST","quantity":"1.13298474","price":"0.00290000","timestamp":1660827459,"volume":"0.00328566","buyTxId":"73a8ff70ebe73064c03ad1a39b5c4f92bf72e2ba","sellTxId":"f70b96062c5737333a2557e4a710172d6f545e2a"},{"_id":4159583,"type":"sell","buyer":"sbi-tokens","seller":"god0","symbol":"LIST","quantity":"409.87227723","price":"0.00290000","timestamp":1660832259,"volume":"1.18862960","buyTxId":"73a8ff70ebe73064c03ad1a39b5c4f92bf72e2ba","sellTxId":"67c63185f9d74c68ecee1e9b6e4b7b9255b9ccdf-1"},{"_id":4159755,"type":"sell","buyer":"sbi-tokens","seller":"clicmaster","symbol":"LIST","quantity":"61.11674894","price":"0.00290000","timestamp":1660834200,"volume":"0.17723857","buyTxId":"73a8ff70ebe73064c03ad1a39b5c4f92bf72e2ba","sellTxId":"fee9e5e021293cac53625192548d972a8d6d4028"},{"_id":4160320,"type":"buy","buyer":"dswap","seller":"master-lamps","symbol":"LIST","quantity":"8.32733333","price":"0.00399889","timestamp":1660840458,"volume":"0.03330009","buyTxId":"1b06233f9e793a269dae5af2c9b9388fcaf495c6","sellTxId":"2526b5480568d5758972922ecfbab56a20909e9d"},{"_id":4160715,"type":"sell","buyer":"master-lamps","seller":"solaiman","symbol":"LIST","quantity":"10.86585981","price":"0.00290001","timestamp":1660845399,"volume":"0.03151110","buyTxId":"2db74a641bbde4a6496f06e954af89f6dd899477","sellTxId":"e6ab717cce3f115dae007ecc73f2b857369dbaff"},{"_id":4160835,"type":"sell","buyer":"master-lamps","seller":"keviincab","symbol":"LIST","quantity":"0.00020629","price":"0.00290001","timestamp":1660846683,"volume":"0.00000060","buyTxId":"2db74a641bbde4a6496f06e954af89f6dd899477","sellTxId":"70b8765dcf0676aac2639123b133c36294a9b117"},{"_id":4162309,"type":"sell","buyer":"master-lamps","seller":"maurojd","symbol":"LIST","quantity":"0.61668395","price":"0.00290001","timestamp":1660865625,"volume":"0.00178839","buyTxId":"2db74a641bbde4a6496f06e954af89f6dd899477","sellTxId":"39ece985ff49366092707176a0d3c165d388149f"},{"_id":4162310,"type":"sell","buyer":"sbi-tokens","seller":"maurojd","symbol":"LIST","quantity":"24.69440075","price":"0.00290000","timestamp":1660865625,"volume":"0.07161376","buyTxId":"73a8ff70ebe73064c03ad1a39b5c4f92bf72e2ba","sellTxId":"39ece985ff49366092707176a0d3c165d388149f"},{"_id":4163166,"type":"sell","buyer":"sbi-tokens","seller":"frugal-fun","symbol":"LIST","quantity":"33.49424859","price":"0.00290000","timestamp":1660871730,"volume":"0.09713332","buyTxId":"73a8ff70ebe73064c03ad1a39b5c4f92bf72e2ba","sellTxId":"f081d2d9987ec552b4c6685a9cd11ce6a91e4312"},{"_id":4163563,"type":"sell","buyer":"sbi-tokens","seller":"god0","symbol":"LIST","quantity":"267.94465192","price":"0.00290000","timestamp":1660875636,"volume":"0.77703949","buyTxId":"73a8ff70ebe73064c03ad1a39b5c4f92bf72e2ba","sellTxId":"2a1a33ddb9fe18685c101a936b2b5f5e044f5fa3-1"}]}