{"index": {"_index":"list","_id":"2647009"}}
	{"id":2647009,"type":"sell","buyer":"master-lamps","seller":"johndieo","symbol":"LIST","quantity":"0.00291023","price":"0.00370004","timestamp":1643246844,"volume":"0.00001077","buyTxId":"bcaf83f6c1a6242d0f37720f9508309ce623d939","sellTxId":"b9c6da26de7d9e1c13d9e5a5fbed3fd3af1d9200"}
{"index": {"_index":"list","_id":"2648449"}}
	{"id":2648449,"type":"sell","buyer":"master-lamps","seller":"tonytrillions","symbol":"LIST","quantity":"14.997089","price":"0.00370004","timestamp":1643269563,"volume":"0.05548983","buyTxId":"bcaf83f6c1a6242d0f37720f9508309ce623d939","sellTxId":"041ca9b5594ccdfb196aa683eff7b6bedd4279b0"}
{"index": {"_index":"list","_id":"2648452"}}
	{"id":2648452,"type":"sell","buyer":"pi-trader","seller":"tonytrillions","symbol":"LIST","quantity":"80.50690056","price":"0.00370003","timestamp":1643269602,"volume":"0.29787795","buyTxId":"49d59e5b3aa76830e8db4dcb0360066022fbe926-8","sellTxId":"65624af2369bdfceb1a2565e77f8323b2af78d5e"}
{"index": {"_index":"list","_id":"2648515"}}
	{"id":2648515,"type":"buy","buyer":"pjansen","seller":"master-lamps","symbol":"LIST","quantity":"11.16868600","price":"0.00469983","timestamp":1643270202,"volume":"0.05249093","buyTxId":"aa285fc51b36ebaf2fda4637b9eb83d8a38311b8","sellTxId":"a7338112f9987a0288a28ed8a7b36489144433d1"}
{"index": {"_index":"list","_id":"2649381"}}
	{"id":2649381,"type":"sell","buyer":"master-lamps","seller":"tonytrillions","symbol":"LIST","quantity":"0.00077973","price":"0.00370004","timestamp":1643280096,"volume":"0.00000289","buyTxId":"11371701ba0e64caa3a6e0a086224414c14a1a8d","sellTxId":"8be4bfa925105b76152522a1b9145cf10ac52e5b"}
{"index": {"_index":"list","_id":"2650559"}}
	{"id":2650559,"type":"sell","buyer":"master-lamps","seller":"johndieo","symbol":"LIST","quantity":"0.00105825","price":"0.00370004","timestamp":1643295093,"volume":"0.00000392","buyTxId":"11371701ba0e64caa3a6e0a086224414c14a1a8d","sellTxId":"1c0da7d13177d63326f40ec3f56096d6b65dd720"}
{"index": {"_index":"list","_id":"2650654"}}
	{"id":2650654,"type":"buy","buyer":"charityball","seller":"master-lamps","symbol":"LIST","quantity":"14.99999952","price":"0.00469976","timestamp":1643296470,"volume":"0.07049640","buyTxId":"90df0be5047dece1c6126fb89e2062efcd141387","sellTxId":"7aa1debbdd24352e24ad71a0c3a902dfffc82ada"}
{"index": {"_index":"list","_id":"2650655"}}
	{"id":2650655,"type":"buy","buyer":"charityball","seller":"sbi-tokens","symbol":"LIST","quantity":"1.34931604","price":"0.00470000","timestamp":1643296470,"volume":"0.00634179","buyTxId":"90df0be5047dece1c6126fb89e2062efcd141387","sellTxId":"5d8cfe3572825b9ab729c87b701721d2ca4f54f8"}
{"index": {"_index":"list","_id":"2650656"}}
	{"id":2650656,"type":"buy","buyer":"charityball","seller":"brofi-market","symbol":"LIST","quantity":"7.07297096","price":"0.00470000","timestamp":1643296470,"volume":"0.03324296","buyTxId":"90df0be5047dece1c6126fb89e2062efcd141387","sellTxId":"f4d60702ad1497ba4b566e070b38072a40c56117"}
{"index": {"_index":"list","_id":"2650657"}}
	{"id":2650657,"type":"buy","buyer":"charityball","seller":"dhedge-drips","symbol":"LIST","quantity":"0.66309101","price":"0.00470000","timestamp":1643296470,"volume":"0.00311653","buyTxId":"90df0be5047dece1c6126fb89e2062efcd141387","sellTxId":"5fddcb8b6a608491bd6caecc11d12adcb05efc44"}
{"index": {"_index":"list","_id":"2650658"}}
	{"id":2650658,"type":"buy","buyer":"charityball","seller":"dadspardan","symbol":"LIST","quantity":"6.91462247","price":"0.00480000","timestamp":1643296470,"volume":"0.03319019","buyTxId":"90df0be5047dece1c6126fb89e2062efcd141387","sellTxId":"98ed1f0cbfc55eaca708fcea83145a8eeef591dc"}
{"index": {"_index":"list","_id":"2650994"}}
	{"id":2650994,"type":"sell","buyer":"master-lamps","seller":"brofi-market","symbol":"LIST","quantity":"5.34537692","price":"0.00370004","timestamp":1643300277,"volume":"0.01977811","buyTxId":"11371701ba0e64caa3a6e0a086224414c14a1a8d","sellTxId":"c7f32d5258909e70ee11e4e1448915b1a8edfc89"}
{"index": {"_index":"list","_id":"2651719"}}
	{"id":2651719,"type":"sell","buyer":"pi-trader","seller":"ackza","symbol":"LIST","quantity":"6.06437955","price":"0.00370005","timestamp":1643306685,"volume":"0.02243851","buyTxId":"d588066f328da4acd8f85d643260eaeea95fca51-3","sellTxId":"f1501c1fdbb0fcd3e961a9b1fbee7ce604493916"}
{"index": {"_index":"list","_id":"2652028"}}
	{"id":2652028,"type":"sell","buyer":"pi-trader","seller":"dhedge-drips","symbol":"LIST","quantity":"0.50112913","price":"0.00370005","timestamp":1643309262,"volume":"0.00185420","buyTxId":"63d19bb8cb5a8a7865efbe66366773cc4bf8ca95-4","sellTxId":"2932496caad9396690d8947e7b64bbd51d022f36"}
{"index": {"_index":"list","_id":"2652618"}}
	{"id":2652618,"type":"sell","buyer":"pi-trader","seller":"lisamgentile1961","symbol":"LIST","quantity":"0.00490163","price":"0.00370005","timestamp":1643314584,"volume":"0.00001814","buyTxId":"c916de7b82fbabc10f44fc73abc1822780cd3e65-2","sellTxId":"fa3bd49783cc048eb39c03a7fb44f56af6705b40"}
{"index": {"_index":"list","_id":"2653859"}}
	{"id":2653859,"type":"sell","buyer":"pi-trader","seller":"merilin077","symbol":"LIST","quantity":"0.38369496","price":"0.00370005","timestamp":1643327583,"volume":"0.00141969","buyTxId":"fa9256e00337ec4fa845c068f298bf16aae3189a-5","sellTxId":"d02ca4492a1713ffef7d707bc2a836eaec7a6436"}
{"index": {"_index":"list","_id":"2654096"}}
	{"id":2654096,"type":"sell","buyer":"pi-trader","seller":"pablodare","symbol":"LIST","quantity":"21.16147582","price":"0.00370005","timestamp":1643329569,"volume":"0.07829852","buyTxId":"3613e5bb0b53afe6522a96e4dd1300e082223642-3","sellTxId":"13a16678edec85ea0257cdee02a454b7c6cdbbe6"}
