{"index": {"_index":"list","_id":"2507616"}}
	{"id":2507616,"type":"sell","buyer":"pi-trader","seller":"dhedge-drips","symbol":"LIST","quantity":"0.31836343","price":"0.00400001","timestamp":1641775680,"volume":"0.00127346","buyTxId":"0f5406befd101a1dcbfafad22227518505818ff1-1","sellTxId":"d295408373820958364e22f992573bea29241fbc"}
{"index": {"_index":"list","_id":"2507736"}}
	{"id":2507736,"type":"sell","buyer":"pi-trader","seller":"zonadigital21","symbol":"LIST","quantity":"138.71700000","price":"0.00400001","timestamp":1641777501,"volume":"0.55486939","buyTxId":"0524c1d41f7332ffa480cd88689cbff1766a792d-2","sellTxId":"d0cee2db9dc77bbfaab65e4014c34eb40f873089"}
{"index": {"_index":"list","_id":"2509113"}}
	{"id":2509113,"type":"sell","buyer":"pi-trader","seller":"thatcryptodave","symbol":"LIST","quantity":"1.58048509","price":"0.00400001","timestamp":1641796986,"volume":"0.00632196","buyTxId":"2e975f188e1bfb9be9371f63d14e6794d48a117c-4","sellTxId":"9a3f4c8d4ada74a6abf2b34860dc76175715a451"}
{"index": {"_index":"list","_id":"2509580"}}
	{"id":2509580,"type":"sell","buyer":"pi-trader","seller":"tonytrillions","symbol":"LIST","quantity":"57.47149485","price":"0.00400001","timestamp":1641801768,"volume":"0.22988655","buyTxId":"fc90f939920000a4520073ee6b086e291c5a2b8f-4","sellTxId":"a4a37a4718dcab2e04abf3e48dd4c48bf827a05f"}
{"index": {"_index":"list","_id":"2510655"}}
	{"id":2510655,"type":"buy","buyer":"dswap","seller":"dadspardan","symbol":"LIST","quantity":"41.02872291","price":"0.00480000","timestamp":1641816870,"volume":"0.19693787","buyTxId":"23eb2768b79d5ddde3fedd12486793bdccf206e5","sellTxId":"98ed1f0cbfc55eaca708fcea83145a8eeef591dc"}
{"index": {"_index":"list","_id":"2511943"}}
	{"id":2511943,"type":"sell","buyer":"pi-trader","seller":"jeniffer23","symbol":"LIST","quantity":"44.48602630","price":"0.00400001","timestamp":1641828132,"volume":"0.17794455","buyTxId":"b2e12dc9d33fa0392f4fb2e82088cfa3a56c4a60-5","sellTxId":"330809b268214541227b9acd7938172991d73ee4"}
{"index": {"_index":"list","_id":"2511977"}}
	{"id":2511977,"type":"sell","buyer":"pi-trader","seller":"charityball","symbol":"LIST","quantity":"47.45118486","price":"0.00400001","timestamp":1641828447,"volume":"0.18980521","buyTxId":"8b653eb85bf34b71492264ac5d1148b1a3cfb558-3","sellTxId":"720212dfd464c8f5451571aff882943ad899a246"}
{"index": {"_index":"list","_id":"2512059"}}
	{"id":2512059,"type":"sell","buyer":"pi-trader","seller":"dswap","symbol":"LIST","quantity":"0.04474915","price":"0.00400001","timestamp":1641829113,"volume":"0.00017900","buyTxId":"1277af79cd98b6250bf0b27fb8df251f56d9348e-2","sellTxId":"33e03ab9d94eea3934955bd54a825713ef270112"}
{"index": {"_index":"list","_id":"2512236"}}
	{"id":2512236,"type":"sell","buyer":"pi-trader","seller":"brofi-market","symbol":"LIST","quantity":"1.04580471","price":"0.00400001","timestamp":1641831423,"volume":"0.00418323","buyTxId":"f483344bbb03c5a208b2d1170c1251586e304545-1","sellTxId":"b87c2e6b708160f36489d0aed00f1b18ddb63132"}
{"index": {"_index":"list","_id":"2513470"}}
	{"id":2513470,"type":"sell","buyer":"pi-trader","seller":"dhedge-drips","symbol":"LIST","quantity":"0.09804419","price":"0.00400001","timestamp":1641840474,"volume":"0.00039218","buyTxId":"a7ab9ded50e5a7179941105e6a9f9ae0d0ec299b-2","sellTxId":"33210e886a0e521f8f4e02f0a078b2be5df8f389"}
{"index": {"_index":"list","_id":"2514347"}}
	{"id":2514347,"type":"sell","buyer":"pi-trader","seller":"newsposter","symbol":"LIST","quantity":"0.27172107","price":"0.00400001","timestamp":1641849447,"volume":"0.00108689","buyTxId":"ab10000e8539b05798abf1d2bd4636aeb8b92596-5","sellTxId":"22c60d400f3ea1df4c971f9caef0d4e5e4768e5c"}
{"index": {"_index":"list","_id":"2515201"}}
	{"id":2515201,"type":"sell","buyer":"pi-trader","seller":"pablodare","symbol":"LIST","quantity":"22.46944523","price":"0.00400001","timestamp":1641856857,"volume":"0.08987801","buyTxId":"98e96537052351a5ad703fc1900e0a874cf13b91-6","sellTxId":"9ecb5259d68bff43f6115da57ce70a60bb1bb674"}
{"index": {"_index":"list","_id":"2515233"}}
	{"id":2515233,"type":"sell","buyer":"pi-trader","seller":"pablodare3","symbol":"LIST","quantity":"2.92445538","price":"0.00400001","timestamp":1641857370,"volume":"0.01169785","buyTxId":"9f6d3b85230644019a59e883edcff38f60b5e7c8-4","sellTxId":"b9d273233774b04c540c1db2ab08c6f0ba677fc4"}
{"index": {"_index":"list","_id":"2515448"}}
	{"id":2515448,"type":"sell","buyer":"pi-trader","seller":"hive-id","symbol":"LIST","quantity":"54.00000000","price":"0.00400001","timestamp":1641860388,"volume":"0.21600054","buyTxId":"4924bb3b1a938286fe14f2da6500b72c65491723-2","sellTxId":"3afd81e3968e9416a438e284bc928fb6bd6c5ea1"}
