{"index": {"_index":"list","_id":"1630648"}}
	{"id":1630648,"type":"sell","buyer":"thelogicaldude","seller":"tanzofett","symbol":"LIST","quantity":"0.00145358","price":"0.01510000","timestamp":1633236789,"volume":"0.00002195","buyTxId":"MM-P-10963960-57948955-3-0-0","sellTxId":"6dae9a61bcd152b6cc297a6d3a0dbbfee3c29061"}
{"index": {"_index":"list","_id":"1631934"}}
	{"id":1631934,"type":"sell","buyer":"captain.future","seller":"photosnap","symbol":"LIST","quantity":"8.07161279","price":"0.01974000","timestamp":1633258965,"volume":"0.15933364","buyTxId":"MM-P-10975041-57960050-3-1-0","sellTxId":"ceb318265b958662ff04cc1315fd3dd39fd5e901"}
{"index": {"_index":"list","_id":"1632358"}}
	{"id":1632358,"type":"sell","buyer":"captain.future","seller":"hive-143869","symbol":"LIST","quantity":"0.08600000","price":"0.02017000","timestamp":1633265280,"volume":"0.00173462","buyTxId":"MM-P-10975438-57960448-3-1-0","sellTxId":"7060169f80e3b62c23b801464de10aeb51a9df42"}
{"index": {"_index":"list","_id":"1632535"}}
	{"id":1632535,"type":"sell","buyer":"captain.future","seller":"esmeesmith","symbol":"LIST","quantity":"2.05110221","price":"0.02017000","timestamp":1633267641,"volume":"0.04137073","buyTxId":"MM-P-10975438-57960448-3-1-0","sellTxId":"7fe43d8180515ca0f2e337a5d596ec5b17cdabec"}
{"index": {"_index":"list","_id":"1632572"}}
	{"id":1632572,"type":"sell","buyer":"captain.future","seller":"espandor","symbol":"LIST","quantity":"1726.48545456","price":"0.02017000","timestamp":1633268223,"volume":"34.82321162","buyTxId":"MM-P-10975438-57960448-3-1-0","sellTxId":"672528d5c0d3aa2a1164510d0cfa030d4f24a851"}
{"index": {"_index":"list","_id":"1632575"}}
	{"id":1632575,"type":"sell","buyer":"thelogicaldude","seller":"espandor","symbol":"LIST","quantity":"504.03225806","price":"0.01984000","timestamp":1633268283,"volume":"10.00000000","buyTxId":"MM-P-10975424-57960434-3-0-0","sellTxId":"df642ea07edd045274448e2aa1b454633bb7b4d7"}
{"index": {"_index":"list","_id":"1633173"}}
	{"id":1633173,"type":"sell","buyer":"thelogicaldude","seller":"tonytrillions","symbol":"LIST","quantity":"0.00227500","price":"0.01543000","timestamp":1633275501,"volume":"0.00003510","buyTxId":"MM-P-10980316-57965327-3-0-0","sellTxId":"80add55f9130568b3f661749cbf0389d157275c1"}
{"index": {"_index":"list","_id":"1633444"}}
	{"id":1633444,"type":"sell","buyer":"thelogicaldude","seller":"brofi-market","symbol":"LIST","quantity":"2.70479606","price":"0.01543000","timestamp":1633277805,"volume":"0.04173500","buyTxId":"MM-P-10980316-57965327-3-0-0","sellTxId":"868d73cd69c678742955300de33920916f41a745"}
{"index": {"_index":"list","_id":"1633983"}}
	{"id":1633983,"type":"sell","buyer":"thelogicaldude","seller":"rishi556","symbol":"LIST","quantity":"0.000176","price":"0.01543000","timestamp":1633281708,"volume":"0.00000272","buyTxId":"MM-P-10980316-57965327-3-0-0","sellTxId":"02d4ba5007dd13b74035d5aa783ee39df6cf12d2-2"}
{"index": {"_index":"list","_id":"1634097"}}
	{"id":1634097,"type":"sell","buyer":"thelogicaldude","seller":"tonytrillions","symbol":"LIST","quantity":"0.06814591","price":"0.01543000","timestamp":1633282794,"volume":"0.00105149","buyTxId":"MM-P-10980316-57965327-3-0-0","sellTxId":"d7f4052c2d09d313b5b722fb1e1ec6aab4448ab3"}
{"index": {"_index":"list","_id":"1634120"}}
	{"id":1634120,"type":"sell","buyer":"thelogicaldude","seller":"happyfrog420-new","symbol":"LIST","quantity":"0.01378608","price":"0.01543000","timestamp":1633282992,"volume":"0.00021272","buyTxId":"MM-P-10980316-57965327-3-0-0","sellTxId":"e8c405f2345d0c7a548f90ebfd28e121aae99f3d"}
{"index": {"_index":"list","_id":"1634339"}}
	{"id":1634339,"type":"buy","buyer":"marshmellowman","seller":"mawit07","symbol":"LIST","quantity":"37.45697081","price":"0.02000000","timestamp":1633285200,"volume":"0.74913942","buyTxId":"b98b3b8a19c26f037b42e48c7a48b87e24c2b881","sellTxId":"a7f21a9b104d20dc18b0e6c6bde9187f7a3f5c06"}
{"index": {"_index":"list","_id":"1634358"}}
	{"id":1634358,"type":"buy","buyer":"marshmellowman","seller":"thelogicaldude","symbol":"LIST","quantity":"67.00000000","price":"0.07545000","timestamp":1633285317,"volume":"5.05515000","buyTxId":"b572999d86c1b3a6b158f8d1e6f4e1c0ecb65fe0","sellTxId":"MM-P-10984006-57969017-3-0-0"}
{"index": {"_index":"list","_id":"1634368"}}
	{"id":1634368,"type":"sell","buyer":"thelogicaldude","seller":"offgridlife","symbol":"LIST","quantity":"1.00000000","price":"0.01543000","timestamp":1633285464,"volume":"0.01543000","buyTxId":"MM-P-10980316-57965327-3-0-0","sellTxId":"31d6165b8fed91915a58cea1604054b8bc423185"}
{"index": {"_index":"list","_id":"1634517"}}
	{"id":1634517,"type":"sell","buyer":"thelogicaldude","seller":"dhedge-drips","symbol":"LIST","quantity":"0.25357463","price":"0.01543000","timestamp":1633287282,"volume":"0.00391266","buyTxId":"MM-P-10980316-57965327-3-0-0","sellTxId":"2055c46f1b9c84d496dc7f9ff0fb8e6008385b33"}
{"index": {"_index":"list","_id":"1634539"}}
	{"id":1634539,"type":"sell","buyer":"thelogicaldude","seller":"uyobong","symbol":"LIST","quantity":"223.30306714","price":"0.01543000","timestamp":1633287822,"volume":"3.44556633","buyTxId":"MM-P-10980316-57965327-3-0-0","sellTxId":"01494e4a4247a95e264cef35d4d2eac1535c7d32"}
{"index": {"_index":"list","_id":"1635187"}}
	{"id":1635187,"type":"sell","buyer":"eirik","seller":"scooter77","symbol":"LIST","quantity":"30.38403407","price":"0.01500000","timestamp":1633295280,"volume":"0.45576051","buyTxId":"b5b09ed893600e36ce88f161b67160867f631b2e","sellTxId":"618b4e7095e6ccc3fe41738c884f05c69a9b8d41"}
{"index": {"_index":"list","_id":"1636631"}}
	{"id":1636631,"type":"sell","buyer":"eirik","seller":"charityball","symbol":"LIST","quantity":"2.96325000","price":"0.01500000","timestamp":1633315269,"volume":"0.04444875","buyTxId":"b5b09ed893600e36ce88f161b67160867f631b2e","sellTxId":"5709dfd2fb6d8e118b11d0a601e1aed24c1e8f0d"}
