{"_id":1501752,"type":"sell","buyer":"thelogicaldude","seller":"pthker2010","symbol":"LIST","quantity":"14.00000000","price":"0.01410000","timestamp":1631148240,"volume":"0.19740000","buyTxId":"MM-P-10216551-57200456-3-0-0","sellTxId":"06ad593a849e87be02a8faf6cdfd4a167fc22d2d"},{"_id":1501770,"type":"sell","buyer":"thelogicaldude","seller":"dhedge-drips","symbol":"LIST","quantity":"0.11066581","price":"0.01410000","timestamp":1631148405,"volume":"0.00156039","buyTxId":"MM-P-10216551-57200456-3-0-0","sellTxId":"ec0ef1bb6ccd9bed22609095829a5f1ed1003dbb"},{"_id":1502515,"type":"sell","buyer":"thelogicaldude","seller":"esmeesmith","symbol":"LIST","quantity":"16.00567393","price":"0.01410000","timestamp":1631164119,"volume":"0.22568000","buyTxId":"MM-P-10216551-57200456-3-0-0","sellTxId":"20169b49a6b0c306ea653d4df77f50602307bc57"},{"_id":1503096,"type":"sell","buyer":"thelogicaldude","seller":"itharagaian","symbol":"LIST","quantity":"0.23590000","price":"0.01410000","timestamp":1631177049,"volume":"0.00332619","buyTxId":"MM-P-10216551-57200456-3-0-0","sellTxId":"21594b1cc365df1effb35d0472fc85fea8750345"},{"_id":1503552,"type":"sell","buyer":"thelogicaldude","seller":"lebah","symbol":"LIST","quantity":"10.02986618","price":"0.01410000","timestamp":1631187933,"volume":"0.14142111","buyTxId":"MM-P-10216551-57200456-3-0-0","sellTxId":"6c95e98519d8f421437411c074e66ee1b7eb2b05"},{"_id":1503553,"type":"sell","buyer":"hivelist","seller":"lebah","symbol":"LIST","quantity":"40.97013382","price":"0.01400000","timestamp":1631187933,"volume":"0.57358187","buyTxId":"269f7f2626960eb88673db33b4b81ba0fe591969","sellTxId":"6c95e98519d8f421437411c074e66ee1b7eb2b05"},{"_id":1503767,"type":"sell","buyer":"hivelist","seller":"tonytrillions","symbol":"LIST","quantity":"0.03478594","price":"0.01400000","timestamp":1631192037,"volume":"0.00048700","buyTxId":"269f7f2626960eb88673db33b4b81ba0fe591969","sellTxId":"a0f91be8cbfa33a91efc81f625e2428ef2174526"},{"_id":1503902,"type":"sell","buyer":"hivelist","seller":"tonytrillions","symbol":"LIST","quantity":"0.08325000","price":"0.01400000","timestamp":1631194578,"volume":"0.00116550","buyTxId":"269f7f2626960eb88673db33b4b81ba0fe591969","sellTxId":"3db5d3f3175dcb7acd46fe0dac393bfdbc0921ea"},{"_id":1504100,"type":"sell","buyer":"thelogicaldude","seller":"steemstreems","symbol":"LIST","quantity":"0.00242567","price":"0.01410000","timestamp":1631197299,"volume":"0.00003420","buyTxId":"MM-P-10290784-57274781-3-0-0","sellTxId":"b2762d0a8f3de8632c3180bac3e50a424f061a2c"},{"_id":1504258,"type":"sell","buyer":"thelogicaldude","seller":"jersteemit","symbol":"LIST","quantity":"709.21985816","price":"0.01410000","timestamp":1631199585,"volume":"10.00000000","buyTxId":"MM-P-10291583-57275580-3-0-0","sellTxId":"d1daf5e79f0dfad92e3f82333ef55f7246a40d35"},{"_id":1504284,"type":"sell","buyer":"hivelist","seller":"itachi24","symbol":"LIST","quantity":"0.59175000","price":"0.01400000","timestamp":1631199987,"volume":"0.00828450","buyTxId":"269f7f2626960eb88673db33b4b81ba0fe591969","sellTxId":"ae9ef79c5353323eabcb1fe153307b24a6750d8f"},{"_id":1504301,"type":"sell","buyer":"hivelist","seller":"jersteemit","symbol":"LIST","quantity":"22.04465190","price":"0.01400000","timestamp":1631200254,"volume":"0.30862513","buyTxId":"269f7f2626960eb88673db33b4b81ba0fe591969","sellTxId":"dea17a588e098c817d58dbe83c8a69b4408f244a"},{"_id":1504303,"type":"sell","buyer":"thelogicaldude","seller":"jersteemit","symbol":"LIST","quantity":"223.81723927","price":"0.01400000","timestamp":1631200317,"volume":"3.13344135","buyTxId":"MM-P-10291783-57275780-3-0-0","sellTxId":"4b99e08f6963e1b66d74dca6ac94966ef4bf1972"},{"_id":1504322,"type":"sell","buyer":"thelogicaldude","seller":"adikhen","symbol":"LIST","quantity":"138.57546567","price":"0.01400000","timestamp":1631200590,"volume":"1.94005652","buyTxId":"MM-P-10291783-57275780-3-0-0","sellTxId":"8d1076ccec4968e4a01edd805bef7af28eda941a"},{"_id":1504519,"type":"sell","buyer":"thelogicaldude","seller":"brofi-market","symbol":"LIST","quantity":"0.23760190","price":"0.01400000","timestamp":1631203995,"volume":"0.00332643","buyTxId":"MM-P-10291783-57275780-3-0-0","sellTxId":"fc51c8f1fcdb552b4934505dd8e186a84f4e7296"},{"_id":1504649,"type":"sell","buyer":"thelogicaldude","seller":"rishi556","symbol":"LIST","quantity":"0.00001905","price":"0.01400000","timestamp":1631205936,"volume":"0.00000027","buyTxId":"MM-P-10291783-57275780-3-0-0","sellTxId":"cb2a9cc6574e4beb1aa326a1d4b772cf78216b0f-2"},{"_id":1505718,"type":"sell","buyer":"thelogicaldude","seller":"steem-holder","symbol":"LIST","quantity":"0.00383344","price":"0.01400000","timestamp":1631228058,"volume":"0.00005367","buyTxId":"MM-P-10291783-57275780-3-0-0","sellTxId":"bf7629109ff17a9bfb29fd4f8e262911d4c9f4c7"