{"jsonrpc":"2.0","id":1,"result":[{"_id":4832859,"type":"sell","buyer":"mcbot","seller":"magnacarta","symbol":"LIST","quantity":"0.00089423","price":"0.00234001","timestamp":1668924357,"volume":"0.00000209","buyTxId":"6027bb6cb39140c554cc10e3c40677442135e2f7-1","sellTxId":"4185121bef87964ab4cc64be78216e435550f786"},{"_id":4833136,"type":"buy","buyer":"hive-103505","seller":"master-lamps","symbol":"LIST","quantity":"8.68157008","price":"0.00269989","timestamp":1668928548,"volume":"0.02343928","buyTxId":"a1083729e81347804f29717230c5d4993934c29a","sellTxId":"d1f8b592774ba933dd9a4f31e06a4e33c6a50655"},{"_id":4833137,"type":"buy","buyer":"hive-103505","seller":"quinnertronics","symbol":"LIST","quantity":"2.71153397","price":"0.00269989","timestamp":1668928548,"volume":"0.00732084","buyTxId":"a1083729e81347804f29717230c5d4993934c29a","sellTxId":"d04b9a236c6eabbe2bf6b5b165f2821e285ad759"},{"_id":4833138,"type":"buy","buyer":"hive-103505","seller":"master-lamps","symbol":"LIST","quantity":"11.18586640","price":"0.00269989","timestamp":1668928548,"volume":"0.03020061","buyTxId":"a1083729e81347804f29717230c5d4993934c29a","sellTxId":"27b96d7daecdd8c81d55beeadd67435846705eb9"},{"_id":4833139,"type":"buy","buyer":"hive-103505","seller":"master-lamps","symbol":"LIST","quantity":"2.05238558","price":"0.00269989","timestamp":1668928548,"volume":"0.00554122","buyTxId":"a1083729e81347804f29717230c5d4993934c29a","sellTxId":"5f499cc5266ee81f9b1d5ba7012d38a411421345"},{"_id":4833140,"type":"buy","buyer":"hive-103505","seller":"master-lamps","symbol":"LIST","quantity":"8.21408102","price":"0.00269989","timestamp":1668928548,"volume":"0.02217712","buyTxId":"a1083729e81347804f29717230c5d4993934c29a","sellTxId":"ee908bbeeeeaa2c2057ff8b1f386d970705b3d62"},{"_id":4833141,"type":"buy","buyer":"hive-103505","seller":"master-lamps","symbol":"LIST","quantity":"2.28272650","price":"0.00269989","timestamp":1668928548,"volume":"0.00616311","buyTxId":"a1083729e81347804f29717230c5d4993934c29a","sellTxId":"f0c13aedcf73aa23e58f0633bdd7b1703c3c5828"},{"_id":4833142,"type":"buy","buyer":"hive-103505","seller":"master-lamps","symbol":"LIST","quantity":"7.95178504","price":"0.00269989","timestamp":1668928548,"volume":"0.02146894","buyTxId":"a1083729e81347804f29717230c5d4993934c29a","sellTxId":"1e885be12cca59263a5c9cadabb23748ca77e9ec"},{"_id":4833143,"type":"buy","buyer":"hive-103505","seller":"onlydoge","symbol":"LIST","quantity":"1009.60505085","price":"0.00269990","timestamp":1668928548,"volume":"2.72583268","buyTxId":"a1083729e81347804f29717230c5d4993934c29a","sellTxId":"caf67f9e7bf0703713ae78f797f2ee7e0058cf36"},{"_id":4833908,"type":"sell","buyer":"mcbot","seller":"synergie","symbol":"LIST","quantity":"0.97273667","price":"0.00234001","timestamp":1668937482,"volume":"0.00227621","buyTxId":"7d585b8de8f80ce31975f8ab19abac2898269486-1","sellTxId":"ff5b60320d9d5572abcaa4dbb3b557e8c3303788"},{"_id":4836480,"type":"sell","buyer":"mcbot","seller":"hatdogsensei","symbol":"LIST","quantity":"1.23153173","price":"0.00234001","timestamp":1668958740,"volume":"0.00288180","buyTxId":"fbf590d64ded99cb76300c49fdfcd70c63e66f82-1","sellTxId":"200746f5b101ceb41deefcc5f5fbe0f38acb78e2"},{"_id":4836682,"type":"sell","buyer":"mcbot","seller":"isiksenpalvoja","symbol":"LIST","quantity":"6.40000000","price":"0.00234001","timestamp":1668960432,"volume":"0.01497606","buyTxId":"fbf590d64ded99cb76300c49fdfcd70c63e66f82-1","sellTxId":"96c049276be4616dd9b6934454cd69e74e0a2a54"},{"_id":4836687,"type":"sell","buyer":"mcbot","seller":"florenceboens","symbol":"LIST","quantity":"10.70000000","price":"0.00234001","timestamp":1668960444,"volume":"0.02503811","buyTxId":"fbf590d64ded99cb76300c49fdfcd70c63e66f82-1","sellTxId":"14a909e77944f064fea9746549e1946c8c05bcd8"},{"_id":4836729,"type":"sell","buyer":"mcbot","seller":"duke77","symbol":"LIST","quantity":"6.29000000","price":"0.00234001","timestamp":1668960705,"volume":"0.01471866","buyTxId":"fbf590d64ded99cb76300c49fdfcd70c63e66f82-1","sellTxId":"a6ea448a59d7159fd11f13ccb3ba743660054112"},{"_id":4840192,"type":"sell","buyer":"yintercept","seller":"aweee","symbol":"LIST","quantity":"20.00000000","price":"0.00234500","timestamp":1668989655,"volume":"0.04690000","buyTxId":"f5f38a5ee01a0f22d6b4d6ac297edab4a139a7cf","sellTxId":"890087234dee2ddf171d22a429f919825435b928"},{"_id":4840473,"type":"sell","buyer":"mcbot","seller":"scottshots","symbol":"LIST","quantity":"5.08211267","price":"0.00234004","timestamp":1668992355,"volume":"0.01189235","buyTxId":"9d80927e0580946131cd3e5e9ff42c1f5d88f094-1","sellTxId":"5cb4377fde5d5a6ca6707962f4469e38091cd5ea"},{"_id":4841254,"type":"buy","buyer":"ecuaminte","seller":"aweee","symbol":"LIST","quantity":"1.40921700","price":"0.00234467","timestamp":1669001772,"volume":"0.00330415","buyTxId":"2168d8e4e8b6d313b43e78007e99e8069504b1f0","sellTxId":"890087234dee2ddf171d22a429f919825435b928"},{"_id":4841302,"type":"sell","buyer":"god0","seller":"zapmin","symbol":"LIST","quantity":"19.60712849","price":"0.00234005","timestamp":1669002231,"volume":"0.04588166","buyTxId":"29fd284eaea0b48260b6e21d8c9ee72fbc396698-0","sellTxId":"067f4aee1254d71dd01621e09b50edc2109c6447"}]}