{"index": {"_index":"list","_id":"1131556"}}
	{"id":1131556,"type":"sell","buyer":"thelogicaldude","seller":"rishi556","symbol":"LIST","quantity":"4.9e-7","price":"0.01510000","timestamp":1623367701,"volume":"0.00000001","buyTxId":"MM-P-7679956-54655852-3-0-0","sellTxId":"5b26067b22db19eccca19118b9002f39d4caaf13-1"}
{"index": {"_index":"list","_id":"1131603"}}
	{"id":1131603,"type":"sell","buyer":"thelogicaldude","seller":"esecholo","symbol":"LIST","quantity":"0.03698265","price":"0.01510000","timestamp":1623369255,"volume":"0.00055844","buyTxId":"MM-P-7679956-54655852-3-0-0","sellTxId":"dbff91f8df0dec5d13097043a3efa43951b37b7f"}
{"index": {"_index":"list","_id":"1131768"}}
	{"id":1131768,"type":"sell","buyer":"thelogicaldude","seller":"brofi-market","symbol":"LIST","quantity":"0.20339979","price":"0.01510000","timestamp":1623375396,"volume":"0.00307134","buyTxId":"MM-P-7679956-54655852-3-0-0","sellTxId":"46fec2b71bf707c2c718b94e052981d95af5e72e"}
{"index": {"_index":"list","_id":"1131979"}}
	{"id":1131979,"type":"sell","buyer":"thelogicaldude","seller":"dhedge-drips","symbol":"LIST","quantity":"0.03805313","price":"0.01510000","timestamp":1623382545,"volume":"0.00057460","buyTxId":"MM-P-7679956-54655852-3-0-0","sellTxId":"3031658c04edff9f4db3d76c9c8ed2df2d8e8776"}
{"index": {"_index":"list","_id":"1132321"}}
	{"id":1132321,"type":"buy","buyer":"charityball","seller":"dhedge-drips","symbol":"LIST","quantity":"0.03805313","price":"0.01590000","timestamp":1623390909,"volume":"0.00060504","buyTxId":"0934e3e5c8e06b57c13158e2a30caf6a1cff053e","sellTxId":"efea971ef0876f53fe4446b6ff6a712ceb338ad3"}
{"index": {"_index":"list","_id":"1132322"}}
	{"id":1132322,"type":"buy","buyer":"charityball","seller":"crypto133","symbol":"LIST","quantity":"27.96194687","price":"0.01600000","timestamp":1623390909,"volume":"0.44739115","buyTxId":"0934e3e5c8e06b57c13158e2a30caf6a1cff053e","sellTxId":"a3ef99599883c63ba9f98aa89892c2bcbcf433df"}
{"index": {"_index":"list","_id":"1132326"}}
	{"id":1132326,"type":"buy","buyer":"charityball","seller":"crypto133","symbol":"LIST","quantity":"0.14445872","price":"0.01600000","timestamp":1623391047,"volume":"0.00231134","buyTxId":"30dea46a0f0cbbd35265bb18cc2d3c2ef68ce8af","sellTxId":"a3ef99599883c63ba9f98aa89892c2bcbcf433df"}
{"index": {"_index":"list","_id":"1132327"}}
	{"id":1132327,"type":"buy","buyer":"charityball","seller":"brofi-market","symbol":"LIST","quantity":"0.20339979","price":"0.01600000","timestamp":1623391047,"volume":"0.00325440","buyTxId":"30dea46a0f0cbbd35265bb18cc2d3c2ef68ce8af","sellTxId":"c663dada0644e7f1d54fdcff4cec7601e1af3cd3"}
{"index": {"_index":"list","_id":"1132328"}}
	{"id":1132328,"type":"buy","buyer":"charityball","seller":"brofi-market","symbol":"LIST","quantity":"0.05214149","price":"0.02179000","timestamp":1623391047,"volume":"0.00113616","buyTxId":"30dea46a0f0cbbd35265bb18cc2d3c2ef68ce8af","sellTxId":"6794ec79d68bacd7c0108f06fcbd772549e2f4b3"}
{"index": {"_index":"list","_id":"1132799"}}
	{"id":1132799,"type":"sell","buyer":"thelogicaldude","seller":"pablodare","symbol":"LIST","quantity":"5.94591663","price":"0.01510000","timestamp":1623402648,"volume":"0.08978334","buyTxId":"MM-P-7679956-54655852-3-0-0","sellTxId":"d349778e5f183a613d99d75c043b849f4444e1bb"}
{"index": {"_index":"list","_id":"1132939"}}
	{"id":1132939,"type":"sell","buyer":"thelogicaldude","seller":"tonytrillions","symbol":"LIST","quantity":"0.08528562","price":"0.01510000","timestamp":1623406722,"volume":"0.00128781","buyTxId":"MM-P-7679956-54655852-3-0-0","sellTxId":"3727974ef9a43ff3bf1f5770f0327c364e177094"}
{"index": {"_index":"list","_id":"1132984"}}
	{"id":1132984,"type":"sell","buyer":"thelogicaldude","seller":"tonytrillions","symbol":"LIST","quantity":"0.00082446","price":"0.01510000","timestamp":1623407289,"volume":"0.00001245","buyTxId":"MM-P-7679956-54655852-3-0-0","sellTxId":"8cbcbaf00621f3626f9ec9eb1871985e70ae8dfe"}
{"index": {"_index":"list","_id":"1133364"}}
	{"id":1133364,"type":"sell","buyer":"thelogicaldude","seller":"tonytrillions","symbol":"LIST","quantity":"0.08550000","price":"0.01510000","timestamp":1623417909,"volume":"0.00129105","buyTxId":"MM-P-7679956-54655852-3-0-0","sellTxId":"9cf20cc18cb785fa25159cc46cc330d722d33bd9"}
{"index": {"_index":"list","_id":"1133473"}}
	{"id":1133473,"type":"sell","buyer":"thelogicaldude","seller":"rishi556","symbol":"LIST","quantity":"0.00009917","price":"0.01510000","timestamp":1623419478,"volume":"0.00000150","buyTxId":"MM-P-7679956-54655852-3-0-0","sellTxId":"7d0030e9b55fc94e7619aa7114dfb3b378989eaf-1"}
{"index": {"_index":"list","_id":"1133714"}}
	{"id":1133714,"type":"sell","buyer":"thelogicaldude","seller":"nulledgh0st","symbol":"LIST","quantity":"514.81064434","price":"0.01510000","timestamp":1623424911,"volume":"7.77364073","buyTxId":"MM-P-7679956-54655852-3-0-0","sellTxId":"d84f80446d75671c73fc7ce5087be9270d09ce79"}
{"index": {"_index":"list","_id":"1133715"}}
	{"id":1133715,"type":"sell","buyer":"eirik","seller":"nulledgh0st","symbol":"LIST","quantity":"50.00000000","price":"0.01500000","timestamp":1623424911,"volume":"0.75000000","buyTxId":"70998c81c35d49ae4b7c2fcba7adfafb4411ae15","sellTxId":"d84f80446d75671c73fc7ce5087be9270d09ce79"}
{"index": {"_index":"list","_id":"1133716"}}
	{"id":1133716,"type":"sell","buyer":"rentmoney","seller":"nulledgh0st","symbol":"LIST","quantity":"250.00000000","price":"0.01461000","timestamp":1623424911,"volume":"3.65250000","buyTxId":"a726cb4ef182a921be932affe3054304425bf298","sellTxId":"d84f80446d75671c73fc7ce5087be9270d09ce79"}
{"index": {"_index":"list","_id":"1133717"}}
	{"id":1133717,"type":"sell","buyer":"eirik","seller":"nulledgh0st","symbol":"LIST","quantity":"49.99989522","price":"0.01450000","timestamp":1623424911,"volume":"0.72499848","buyTxId":"8683de0e1c2d077df612a07448fbd808905f7480","sellTxId":"d84f80446d75671c73fc7ce5087be9270d09ce79"}
{"index": {"_index":"list","_id":"1133718"}}
	{"id":1133718,"type":"sell","buyer":"hivelist","seller":"nulledgh0st","symbol":"LIST","quantity":"335.18946044","price":"0.01400000","timestamp":1623424911,"volume":"4.69265245","buyTxId":"ffc05f904feef7951b766dae128bac6805d7b861","sellTxId":"d84f80446d75671c73fc7ce5087be9270d09ce79"}
{"index": {"_index":"list","_id":"1133724"}}
	{"id":1133724,"type":"sell","buyer":"hivelist","seller":"nulledgh0st","symbol":"LIST","quantity":"1833.56018908","price":"0.01400000","timestamp":1623425019,"volume":"25.66984265","buyTxId":"ffc05f904feef7951b766dae128bac6805d7b861","sellTxId":"ccd5ae56059821528a726140c240ee10281df6b3"}
{"index": {"_index":"list","_id":"1133729"}}
	{"id":1133729,"type":"buy","buyer":"nulledgh0st","seller":"brofi-market","symbol":"LIST","quantity":"0.00100000","price":"0.02179000","timestamp":1623425106,"volume":"0.00002179","buyTxId":"f3ca16dfcd0010058aae8bed60184ab340cd0f1a","sellTxId":"6794ec79d68bacd7c0108f06fcbd772549e2f4b3"}
{"index": {"_index":"list","_id":"1134316"}}
	{"id":1134316,"type":"sell","buyer":"hivelist","seller":"justinparke","symbol":"LIST","quantity":"10.25744014","price":"0.01400000","timestamp":1623439464,"volume":"0.14360416","buyTxId":"ffc05f904feef7951b766dae128bac6805d7b861","sellTxId":"92e5fda92aeb2356f5c3c01f717251551c54935d"}
{"index": {"_index":"list","_id":"1134456"}}
	{"id":1134456,"type":"sell","buyer":"thelogicaldude","seller":"justinparke","symbol":"LIST","quantity":"134.94936784","price":"0.01353000","timestamp":1623443031,"volume":"1.82586495","buyTxId":"MM-P-7715929-54691907-3-0-0","sellTxId":"fd598b89078dcf67c7f6d4768d6686b10f6da4bd"}
{"index": {"_index":"list","_id":"1134736"}}
	{"id":1134736,"type":"buy","buyer":"espandorr","seller":"thelogicaldude","symbol":"LIST","quantity":"110.00000000","price":"0.01990000","timestamp":1623448926,"volume":"2.18900000","buyTxId":"4be99617273496dde414200ffb88e74bf3030930","sellTxId":"MM-P-7719412-54695397-3-0-0"}
