{"index": {"_index":"list","_id":"3593443"}}
	{"id":3593443,"type":"sell","buyer":"sbi-tokens","seller":"adhammer","symbol":"LIST","quantity":"96.38303432","price":"0.00550000","timestamp":1654205160,"volume":"0.53010669","buyTxId":"c288b456003c4174dc7dc001be5706871b297dfd","sellTxId":"322035a1b8318a0b95a54bc6bd22528f6fb74a0e"}
{"index": {"_index":"list","_id":"3594142"}}
	{"id":3594142,"type":"buy","buyer":"svirus","seller":"thatsweeneyguy","symbol":"LIST","quantity":"895.84339807","price":"0.00750000","timestamp":1654210899,"volume":"6.71882549","buyTxId":"ea36ccf015635c2eb8a09cf6b4ed9463356a7614-0","sellTxId":"44d3764554a88bae44e57098ff52f39a06929913"}
{"index": {"_index":"list","_id":"3595058"}}
	{"id":3595058,"type":"buy","buyer":"frawdielp","seller":"kaunglay2","symbol":"LIST","quantity":"172.99999999","price":"0.00740000","timestamp":1654222647,"volume":"1.28020000","buyTxId":"40438f0f907476aa1c99f4ad8db2107653b643b3","sellTxId":"122c4acf5d6abeb778a5e5927539b01172b6ca4b"}
{"index": {"_index":"list","_id":"3595624"}}
	{"id":3595624,"type":"sell","buyer":"sbi-tokens","seller":"itharagaian","symbol":"LIST","quantity":"0.00172060","price":"0.00550000","timestamp":1654232970,"volume":"0.00000946","buyTxId":"c288b456003c4174dc7dc001be5706871b297dfd","sellTxId":"26abec10ec211e0594ac194b266a7ec5c65aee14"}
{"index": {"_index":"list","_id":"3595690"}}
	{"id":3595690,"type":"sell","buyer":"sbi-tokens","seller":"hive-143869","symbol":"LIST","quantity":"0.00009783","price":"0.00550000","timestamp":1654233744,"volume":"0.00000054","buyTxId":"c288b456003c4174dc7dc001be5706871b297dfd","sellTxId":"a0d97f79494e691490d2077ea011a3968c1591a2"}
{"index": {"_index":"list","_id":"3595773"}}
	{"id":3595773,"type":"sell","buyer":"sbi-tokens","seller":"synergie","symbol":"LIST","quantity":"0.23085000","price":"0.00550000","timestamp":1654234644,"volume":"0.00126968","buyTxId":"c288b456003c4174dc7dc001be5706871b297dfd","sellTxId":"edea35b104692949d5d16dbe097a937b1929effe"}
{"index": {"_index":"list","_id":"3595812"}}
	{"id":3595812,"type":"sell","buyer":"sbi-tokens","seller":"zzz.accounting","symbol":"LIST","quantity":"0.00000826","price":"0.00550000","timestamp":1654234923,"volume":"0.00000005","buyTxId":"c288b456003c4174dc7dc001be5706871b297dfd","sellTxId":"63db3404063450e74cc1a1ba70f83803a573dc5d"}
{"index": {"_index":"list","_id":"3595846"}}
	{"id":3595846,"type":"sell","buyer":"sbi-tokens","seller":"independance","symbol":"LIST","quantity":"0.00032738","price":"0.00550000","timestamp":1654235103,"volume":"0.00000180","buyTxId":"c288b456003c4174dc7dc001be5706871b297dfd","sellTxId":"9ab301cc91a62631169eb2931552137815093144"}
{"index": {"_index":"list","_id":"3597682"}}
	{"id":3597682,"type":"sell","buyer":"sbi-tokens","seller":"dailygiveaways","symbol":"LIST","quantity":"5.92899997","price":"0.00550000","timestamp":1654262475,"volume":"0.03260950","buyTxId":"c288b456003c4174dc7dc001be5706871b297dfd","sellTxId":"a6cb74a0fac26c2ae5ef314534d637252e602463"}
{"index": {"_index":"list","_id":"3598580"}}
	{"id":3598580,"type":"sell","buyer":"sbi-tokens","seller":"valchiz","symbol":"LIST","quantity":"142.35497664","price":"0.00550000","timestamp":1654272279,"volume":"0.78295237","buyTxId":"c288b456003c4174dc7dc001be5706871b297dfd","sellTxId":"debed18f3014e346163634908c56b46021d1ab85"}
{"index": {"_index":"list","_id":"3598581"}}
	{"id":3598581,"type":"sell","buyer":"roger.remix","seller":"valchiz","symbol":"LIST","quantity":"870.14762398","price":"0.00540120","timestamp":1654272279,"volume":"4.69984135","buyTxId":"3c760619400634d2b2f97b4a0087829112a2d478","sellTxId":"debed18f3014e346163634908c56b46021d1ab85"}
{"index": {"_index":"list","_id":"3598582"}}
	{"id":3598582,"type":"sell","buyer":"dechuck","seller":"valchiz","symbol":"LIST","quantity":"235.49556647","price":"0.00540101","timestamp":1654272279,"volume":"1.27191391","buyTxId":"d36a84c7e74d1a7f18a41960aac3b7cc04a0653f","sellTxId":"debed18f3014e346163634908c56b46021d1ab85"}
{"index": {"_index":"list","_id":"3598583"}}
	{"id":3598583,"type":"sell","buyer":"h3m4n7","seller":"valchiz","symbol":"LIST","quantity":"500.00000000","price":"0.00540100","timestamp":1654272279,"volume":"2.70050000","buyTxId":"adb2698c85cca1229dd7b48bdef20256db1b0c87","sellTxId":"debed18f3014e346163634908c56b46021d1ab85"}
{"index": {"_index":"list","_id":"3598584"}}
	{"id":3598584,"type":"sell","buyer":"master-lamps","seller":"valchiz","symbol":"LIST","quantity":"24.78499940","price":"0.00500001","timestamp":1654272279,"volume":"0.12392524","buyTxId":"753fd56043ceb434aef1c74eed257b8140392610","sellTxId":"debed18f3014e346163634908c56b46021d1ab85"}
{"index": {"_index":"list","_id":"3598585"}}
	{"id":3598585,"type":"sell","buyer":"master-lamps","seller":"valchiz","symbol":"LIST","quantity":"33.94594304","price":"0.00500001","timestamp":1654272279,"volume":"0.16973005","buyTxId":"4ec9441fc114e661e8bc9bf6ec8f48036dbdfc3e","sellTxId":"debed18f3014e346163634908c56b46021d1ab85"}
{"index": {"_index":"list","_id":"3598586"}}
	{"id":3598586,"type":"sell","buyer":"dwarflordnoj","seller":"valchiz","symbol":"LIST","quantity":"919.00000000","price":"0.00500001","timestamp":1654272279,"volume":"4.59500919","buyTxId":"a129e63dbfe96f28b8a1e1b9227d6aa04753cdfd","sellTxId":"debed18f3014e346163634908c56b46021d1ab85"}
{"index": {"_index":"list","_id":"3598587"}}
	{"id":3598587,"type":"sell","buyer":"shmoogleosukami","seller":"valchiz","symbol":"LIST","quantity":"687.12848257","price":"0.00500000","timestamp":1654272279,"volume":"3.43564241","buyTxId":"194c38c7ff6af6c68d77e78ad03271c96dbadfd0","sellTxId":"debed18f3014e346163634908c56b46021d1ab85"}
{"index": {"_index":"list","_id":"3600173"}}
	{"id":3600173,"type":"sell","buyer":"shmoogleosukami","seller":"lisamgentile1961","symbol":"LIST","quantity":"5.68946368","price":"0.00500000","timestamp":1654285905,"volume":"0.02844732","buyTxId":"194c38c7ff6af6c68d77e78ad03271c96dbadfd0","sellTxId":"3d6fdb384d34dcec68327d86962b75fd5adff332"}
