{"index": {"_index":"list","_id":"1112685"}}
	{"id":1112685,"type":"sell","buyer":"thelogicaldude","seller":"nulledgh0st","symbol":"LIST","quantity":"641.02564103","price":"0.01560000","timestamp":1622772033,"volume":"10.00000000","buyTxId":"MM-P-7494579-54469765-3-0-0","sellTxId":"13cea1ea074a4fa5f67757b5250e975738a3d2ea"}
{"index": {"_index":"list","_id":"1112686"}}
	{"id":1112686,"type":"sell","buyer":"eirik","seller":"nulledgh0st","symbol":"LIST","quantity":"50.00000000","price":"0.01550000","timestamp":1622772033,"volume":"0.77500000","buyTxId":"f088b63eca1973ffe158d2f822df5bfe9691d0f2","sellTxId":"13cea1ea074a4fa5f67757b5250e975738a3d2ea"}
{"index": {"_index":"list","_id":"1112687"}}
	{"id":1112687,"type":"sell","buyer":"eirik","seller":"nulledgh0st","symbol":"LIST","quantity":"100.00000000","price":"0.01450000","timestamp":1622772033,"volume":"1.45000000","buyTxId":"0a2dbfd774cfa5b98ee5324358b70ed8757474e7","sellTxId":"13cea1ea074a4fa5f67757b5250e975738a3d2ea"}
{"index": {"_index":"list","_id":"1112688"}}
	{"id":1112688,"type":"sell","buyer":"hivelist","seller":"nulledgh0st","symbol":"LIST","quantity":"800.00000000","price":"0.01440000","timestamp":1622772033,"volume":"11.52000000","buyTxId":"5a4946624d1e87dcd47428d79602ae3b9b19c627","sellTxId":"13cea1ea074a4fa5f67757b5250e975738a3d2ea"}
{"index": {"_index":"list","_id":"1112689"}}
	{"id":1112689,"type":"sell","buyer":"hivelist","seller":"nulledgh0st","symbol":"LIST","quantity":"400.00000000","price":"0.01430000","timestamp":1622772033,"volume":"5.72000000","buyTxId":"d8782fbd9a18145f02ed9487a6a70236fbf905f8","sellTxId":"13cea1ea074a4fa5f67757b5250e975738a3d2ea"}
{"index": {"_index":"list","_id":"1112690"}}
	{"id":1112690,"type":"sell","buyer":"hivelist","seller":"nulledgh0st","symbol":"LIST","quantity":"220.00000000","price":"0.01420000","timestamp":1622772033,"volume":"3.12400000","buyTxId":"e32fdf2bfc645cc782b9ceb0ffed0be07c69b21e","sellTxId":"13cea1ea074a4fa5f67757b5250e975738a3d2ea"}
{"index": {"_index":"list","_id":"1112691"}}
	{"id":1112691,"type":"sell","buyer":"hivelist","seller":"nulledgh0st","symbol":"LIST","quantity":"820.99291034","price":"0.01400000","timestamp":1622772033,"volume":"11.49390074","buyTxId":"ffc05f904feef7951b766dae128bac6805d7b861","sellTxId":"13cea1ea074a4fa5f67757b5250e975738a3d2ea"}
{"index": {"_index":"list","_id":"1112768"}}
	{"id":1112768,"type":"sell","buyer":"thelogicaldude","seller":"thebeardflex","symbol":"LIST","quantity":"98.81720375","price":"0.01410000","timestamp":1622774829,"volume":"1.39332257","buyTxId":"MM-P-7499057-54474260-3-0-0","sellTxId":"414b84cc585c1a8ed88e20e183b06c4aa801e0fa"}
{"index": {"_index":"list","_id":"1112866"}}
	{"id":1112866,"type":"sell","buyer":"thelogicaldude","seller":"justinparke","symbol":"LIST","quantity":"4.60392898","price":"0.01410000","timestamp":1622778093,"volume":"0.06491540","buyTxId":"MM-P-7499057-54474260-3-0-0","sellTxId":"68014bc87e1ac9988ff7b715252952dac4a5b392"}
{"index": {"_index":"list","_id":"1112937"}}
	{"id":1112937,"type":"sell","buyer":"thelogicaldude","seller":"brofi-market","symbol":"LIST","quantity":"0.10260007","price":"0.01410000","timestamp":1622780400,"volume":"0.00144666","buyTxId":"MM-P-7499057-54474260-3-0-0","sellTxId":"c8dc240e1a8b9bc4f08203f28605edad3237fa83"}
{"index": {"_index":"list","_id":"1113718"}}
	{"id":1113718,"type":"sell","buyer":"thelogicaldude","seller":"tonytrillions","symbol":"LIST","quantity":"0.00082859","price":"0.01410000","timestamp":1622809134,"volume":"0.00001168","buyTxId":"MM-P-7499057-54474260-3-0-0","sellTxId":"c64e2a4864b52e5f585d096ef92e18aae805230e"}
{"index": {"_index":"list","_id":"1113970"}}
	{"id":1113970,"type":"sell","buyer":"thelogicaldude","seller":"ahmetay","symbol":"LIST","quantity":"0.00000312","price":"0.01410000","timestamp":1622818611,"volume":"0.00000004","buyTxId":"MM-P-7499057-54474260-3-0-0","sellTxId":"48ab6e79fb39081c53f9c94df7c395177209969d"}
{"index": {"_index":"list","_id":"1114014"}}
	{"id":1114014,"type":"sell","buyer":"eirik","seller":"rishi556","symbol":"LIST","quantity":"0.00010478","price":"0.01450000","timestamp":1622819250,"volume":"0.00000152","buyTxId":"8683de0e1c2d077df612a07448fbd808905f7480","sellTxId":"b6878015b68819aa18f052889a85ca9ec1e68345-1"}
{"index": {"_index":"list","_id":"1114372"}}
	{"id":1114372,"type":"sell","buyer":"thelogicaldude","seller":"oswvin01","symbol":"LIST","quantity":"161.04207504","price":"0.01460000","timestamp":1622830473,"volume":"2.35121430","buyTxId":"MM-P-7514444-54489738-3-0-0","sellTxId":"ee1cad7f9ea74916d1fb2b49fdc2d5f66f22f71f"}
{"index": {"_index":"list","_id":"1114898"}}
	{"id":1114898,"type":"sell","buyer":"thelogicaldude","seller":"charityball","symbol":"LIST","quantity":"48.69658127","price":"0.01460000","timestamp":1622850525,"volume":"0.71097009","buyTxId":"MM-P-7514444-54489738-3-0-0","sellTxId":"97ad792aa02fb79631da25c3ea1b58e9ab3af754"}
{"index": {"_index":"list","_id":"1114953"}}
	{"id":1114953,"type":"sell","buyer":"thelogicaldude","seller":"brofi-market","symbol":"LIST","quantity":"0.66743222","price":"0.01460000","timestamp":1622851137,"volume":"0.00974451","buyTxId":"MM-P-7514444-54489738-3-0-0","sellTxId":"3a2632663c4e5a091d18294586e14bcc9a888db4"}
