{"index": {"_index":"list","_id":"1082980"}}
	{"id":1082980,"type":"sell","buyer":"thelogicaldude","seller":"uyobong","symbol":"LIST","quantity":"175.00000000","price":"0.01710000","timestamp":1621837263,"volume":"2.99250000","buyTxId":"MM-P-7181752-54130278-3-0-0","sellTxId":"b3db4676dddddb5986826cf98244352ceb8a2a68"}
{"index": {"_index":"list","_id":"1083010"}}
	{"id":1083010,"type":"buy","buyer":"anosys","seller":"dhedge-drips","symbol":"LIST","quantity":"0.03404967","price":"0.02390000","timestamp":1621837773,"volume":"0.00081379","buyTxId":"cf036e4ffceae8731a07402835171ddf7063eb42","sellTxId":"7990a9c94459519b5cd7e70a391d4d07df8de811"}
{"index": {"_index":"list","_id":"1083011"}}
	{"id":1083011,"type":"buy","buyer":"anosys","seller":"thelogicaldude","symbol":"LIST","quantity":"223.96595033","price":"0.02390000","timestamp":1621837773,"volume":"5.35278621","buyTxId":"cf036e4ffceae8731a07402835171ddf7063eb42","sellTxId":"MM-P-7211147-54162637-3-0-0"}
{"index": {"_index":"list","_id":"1083155"}}
	{"id":1083155,"type":"sell","buyer":"thelogicaldude","seller":"cwow2","symbol":"LIST","quantity":"0.00064769","price":"0.01710000","timestamp":1621843176,"volume":"0.00001108","buyTxId":"MM-P-7181752-54130278-3-0-0","sellTxId":"d4b4c60f27de1333a6894db5a27d26fbfe8fde9c"}
{"index": {"_index":"list","_id":"1083347"}}
	{"id":1083347,"type":"sell","buyer":"thelogicaldude","seller":"comparteyayuda","symbol":"LIST","quantity":"5.98024827","price":"0.01710000","timestamp":1621850181,"volume":"0.10226225","buyTxId":"MM-P-7181752-54130278-3-0-0","sellTxId":"f4ce5fb9afa47658b824faa0000503cd8bc4deb2"}
{"index": {"_index":"list","_id":"1083450"}}
	{"id":1083450,"type":"sell","buyer":"thelogicaldude","seller":"interpretation","symbol":"LIST","quantity":"4.25231612","price":"0.01710000","timestamp":1621853244,"volume":"0.07271461","buyTxId":"MM-P-7181752-54130278-3-0-0","sellTxId":"0d292a1dd8b224663c0709ec55148cea020773bc"}
{"index": {"_index":"list","_id":"1083575"}}
	{"id":1083575,"type":"sell","buyer":"thelogicaldude","seller":"crypto133","symbol":"LIST","quantity":"28.41685792","price":"0.01710000","timestamp":1621858161,"volume":"0.48592827","buyTxId":"MM-P-7181752-54130278-3-0-0","sellTxId":"383692cb396a0f8f0d3f57504fb19cd912edf477"}
{"index": {"_index":"list","_id":"1083777"}}
	{"id":1083777,"type":"sell","buyer":"allcapsonezero","seller":"brofi-market","symbol":"LIST","quantity":"0.11300053","price":"0.01700000","timestamp":1621865538,"volume":"0.00192101","buyTxId":"f8a3dccce26b1a41ae7ca3c3338072c95c9586eb","sellTxId":"f7f8324f1b5b12da8002dd04b8531da836365443"}
{"index": {"_index":"list","_id":"1083781"}}
	{"id":1083781,"type":"buy","buyer":"thelogicaldude","seller":"crypto133","symbol":"LIST","quantity":"7.74226003","price":"0.01710000","timestamp":1621865631,"volume":"0.13239265","buyTxId":"MM-P-7219489-54171926-3-0-0","sellTxId":"383692cb396a0f8f0d3f57504fb19cd912edf477"}
{"index": {"_index":"list","_id":"1083782"}}
	{"id":1083782,"type":"buy","buyer":"thelogicaldude","seller":"brofi-market","symbol":"LIST","quantity":"0.11300053","price":"0.01710000","timestamp":1621865631,"volume":"0.00193231","buyTxId":"MM-P-7219489-54171926-3-0-0","sellTxId":"d86c68a1f57316b915e8a15128bdee81df75133d"}
{"index": {"_index":"list","_id":"1083911"}}
	{"id":1083911,"type":"sell","buyer":"thelogicaldude","seller":"rishi556","symbol":"LIST","quantity":"0.00010976","price":"0.01710000","timestamp":1621869048,"volume":"0.00000188","buyTxId":"MM-P-7219489-54171926-3-0-0","sellTxId":"0b54d181e052183bc602579b6f51192acb7f8278-2"}
{"index": {"_index":"list","_id":"1083935"}}
	{"id":1083935,"type":"sell","buyer":"thelogicaldude","seller":"thatsweeneyguy","symbol":"LIST","quantity":"225.39097340","price":"0.01710000","timestamp":1621869759,"volume":"3.85418565","buyTxId":"MM-P-7219489-54171926-3-0-0","sellTxId":"94adc428221d995ac56c41117cdb650a7f65d203"}
{"index": {"_index":"list","_id":"1083985"}}
	{"id":1083985,"type":"sell","buyer":"thelogicaldude","seller":"justinparke","symbol":"LIST","quantity":"31.74748230","price":"0.01710000","timestamp":1621872762,"volume":"0.54288195","buyTxId":"MM-P-7219489-54171926-3-0-0","sellTxId":"1fdbd58580417222fab4e034ef1f1ac837436a41"}
{"index": {"_index":"list","_id":"1084196"}}
	{"id":1084196,"type":"sell","buyer":"thelogicaldude","seller":"sipahikara","symbol":"LIST","quantity":"232.67830000","price":"0.01710000","timestamp":1621880283,"volume":"3.97879893","buyTxId":"MM-P-7219489-54171926-3-0-0","sellTxId":"5f322a8f538d009bafc468bf5a591513c110b3ae"}
{"index": {"_index":"list","_id":"1084198"}}
	{"id":1084198,"type":"sell","buyer":"thelogicaldude","seller":"badmusgreene","symbol":"LIST","quantity":"87.12319562","price":"0.01710000","timestamp":1621880415,"volume":"1.48980664","buyTxId":"MM-P-7219489-54171926-3-0-0","sellTxId":"dd88dbdf290275ef14cd33c643c3de4397c9bd9c"}
{"index": {"_index":"list","_id":"1084199"}}
	{"id":1084199,"type":"sell","buyer":"allcapsonezero","seller":"badmusgreene","symbol":"LIST","quantity":"233.87680438","price":"0.01700000","timestamp":1621880415,"volume":"3.97590567","buyTxId":"f8a3dccce26b1a41ae7ca3c3338072c95c9586eb","sellTxId":"dd88dbdf290275ef14cd33c643c3de4397c9bd9c"}
{"index": {"_index":"list","_id":"1084312"}}
	{"id":1084312,"type":"buy","buyer":"charityball","seller":"thelogicaldude","symbol":"LIST","quantity":"260.00000000","price":"0.02290000","timestamp":1621884846,"volume":"5.95400000","buyTxId":"5eb3f3e452f8a7ccd937a4239d5648dcb1997702","sellTxId":"MM-P-7214995-54167330-3-0-0"}
{"index": {"_index":"list","_id":"1084467"}}
	{"id":1084467,"type":"sell","buyer":"allcapsonezero","seller":"esecholo","symbol":"LIST","quantity":"0.24878704","price":"0.01700000","timestamp":1621886901,"volume":"0.00422938","buyTxId":"f8a3dccce26b1a41ae7ca3c3338072c95c9586eb","sellTxId":"3e34c941fddef15a61d3dbd382ef6ab9df0c3950"}
{"index": {"_index":"list","_id":"1084912"}}
	{"id":1084912,"type":"sell","buyer":"thelogicaldude","seller":"nulledgh0st","symbol":"LIST","quantity":"4.58843708","price":"0.01710000","timestamp":1621895262,"volume":"0.07846227","buyTxId":"MM-P-7226289-54179317-3-0-0","sellTxId":"2767abd0bd27c7ac31c3a0df10cb89f473462ab1"}
