{"index": {"_index":"list","_id":"2329917"}}
	{"id":2329917,"type":"sell","buyer":"pi-trader","seller":"aweee","symbol":"LIST","quantity":"17.21254986","price":"0.00662001","timestamp":1639971753,"volume":"0.11394725","buyTxId":"868f11a72c894eeb58d0516f257dc98bef59d7ce-3","sellTxId":"ca4771bbef7354ff14dab7e0468d575fa9a78618"}
{"index": {"_index":"list","_id":"2330041"}}
	{"id":2330041,"type":"sell","buyer":"pi-trader","seller":"brofi-market","symbol":"LIST","quantity":"0.16892661","price":"0.00662001","timestamp":1639973592,"volume":"0.00111830","buyTxId":"5f39d0250010645109500ca2fb951351fec97d12-4","sellTxId":"56608667337a679593cd04fcd27f00d8a1a1dbc4"}
{"index": {"_index":"list","_id":"2330659"}}
	{"id":2330659,"type":"sell","buyer":"pi-trader","seller":"marvinix","symbol":"LIST","quantity":"3.25786516","price":"0.00662001","timestamp":1639981059,"volume":"0.02156710","buyTxId":"6e1ec3a6c90ad5329a091c0ed06e9254990f61bc-1","sellTxId":"4536ef0610c287628d15f4e48dc02d883e1a615b"}
{"index": {"_index":"list","_id":"2331770"}}
	{"id":2331770,"type":"sell","buyer":"pi-trader","seller":"imgm30","symbol":"LIST","quantity":"29.82201759","price":"0.00662001","timestamp":1639991109,"volume":"0.19742205","buyTxId":"9d0aa4057660ebb3e4f7251cc4a2dcc7ab262a87-4","sellTxId":"015657db270098ec0df5298a235fb67ece189b9a"}
{"index": {"_index":"list","_id":"2332237"}}
	{"id":2332237,"type":"sell","buyer":"pi-trader","seller":"killarenaa","symbol":"LIST","quantity":"3.63","price":"0.00662001","timestamp":1639996965,"volume":"0.02403064","buyTxId":"229b9573ad16b3129f2d9717aabe7660c4ad054f-2","sellTxId":"69c672aab2c3abbc19222ee8a7b4e9f2b64aa229"}
{"index": {"_index":"list","_id":"2332747"}}
	{"id":2332747,"type":"buy","buyer":"lxsxl","seller":"master-lamps","symbol":"LIST","quantity":"324.97822403","price":"0.00828977","timestamp":1640002452,"volume":"2.69399473","buyTxId":"07dc1fc23afacda372b51a76354c84923d1f6877","sellTxId":"1e420fc825b409e82b7ce296c0a7a664fc12b495"}
{"index": {"_index":"list","_id":"2332748"}}
	{"id":2332748,"type":"buy","buyer":"lxsxl","seller":"dhedge-drips","symbol":"LIST","quantity":"0.15667589","price":"0.00828977","timestamp":1640002452,"volume":"0.00129881","buyTxId":"07dc1fc23afacda372b51a76354c84923d1f6877","sellTxId":"0e186c5e98d187ccea80bc11e826ce665f7b3aa1"}
{"index": {"_index":"list","_id":"2332749"}}
	{"id":2332749,"type":"buy","buyer":"lxsxl","seller":"brofi-market","symbol":"LIST","quantity":"0.16892661","price":"0.00828977","timestamp":1640002452,"volume":"0.00140036","buyTxId":"07dc1fc23afacda372b51a76354c84923d1f6877","sellTxId":"ba7986b0e294f00cad08add90609d7d7f68caed8"}
{"index": {"_index":"list","_id":"2332793"}}
	{"id":2332793,"type":"buy","buyer":"fiberfrau","seller":"yeckingo1","symbol":"LIST","quantity":"2.00000000","price":"0.00829000","timestamp":1640002872,"volume":"0.01658000","buyTxId":"873cb3c01949df2fd40f9ec3ada9fa8c50e6cb1c","sellTxId":"de42700506f287429c19b27e15266124b355b3d6"}
{"index": {"_index":"list","_id":"2333802"}}
	{"id":2333802,"type":"sell","buyer":"pi-trader","seller":"konvik","symbol":"LIST","quantity":"300.00000000","price":"0.00662011","timestamp":1640010486,"volume":"1.98603300","buyTxId":"e035e0eb7d3600da2da2bb33cf9a05eb002d3ec9-2","sellTxId":"4dd669df08e01aa0fe09d6b7ecccd751c68d9dc5-1"}
{"index": {"_index":"list","_id":"2333803"}}
	{"id":2333803,"type":"sell","buyer":"master-lamps","seller":"konvik","symbol":"LIST","quantity":"407.00000000","price":"0.00662010","timestamp":1640010486,"volume":"2.69438070","buyTxId":"8820b77874f49aa870464b41541c722fc19a919f","sellTxId":"4dd669df08e01aa0fe09d6b7ecccd751c68d9dc5-1"}
{"index": {"_index":"list","_id":"2333804"}}
	{"id":2333804,"type":"sell","buyer":"nastyforce","seller":"konvik","symbol":"LIST","quantity":"20.00000000","price":"0.00662000","timestamp":1640010486,"volume":"0.13240000","buyTxId":"f5ba4623d4f0ddc0b23549facbb5e9ecc05c17ff","sellTxId":"4dd669df08e01aa0fe09d6b7ecccd751c68d9dc5-1"}
{"index": {"_index":"list","_id":"2333805"}}
	{"id":2333805,"type":"sell","buyer":"szmobacsi","seller":"konvik","symbol":"LIST","quantity":"50.00000000","price":"0.00661008","timestamp":1640010486,"volume":"0.33050400","buyTxId":"4b098673031f26190b8028a9bec0a84b059fce67","sellTxId":"4dd669df08e01aa0fe09d6b7ecccd751c68d9dc5-1"}
{"index": {"_index":"list","_id":"2333806"}}
	{"id":2333806,"type":"sell","buyer":"sbi-tokens","seller":"konvik","symbol":"LIST","quantity":"38.00000000","price":"0.00660000","timestamp":1640010486,"volume":"0.25080000","buyTxId":"a40a07a3ea99b671865d36722885d0f7ba7ea716","sellTxId":"4dd669df08e01aa0fe09d6b7ecccd751c68d9dc5-1"}
{"index": {"_index":"list","_id":"2333822"}}
	{"id":2333822,"type":"sell","buyer":"thelogicaldude","seller":"svirus","symbol":"LIST","quantity":"521.76540000","price":"0.00650000","timestamp":1640010624,"volume":"3.39147510","buyTxId":"838b0f79645e37a1edb9a3bb0afcd73b4a564076","sellTxId":"d45fa7379d87ed322729737cec8345b3fdd265d0-1"}
{"index": {"_index":"list","_id":"2334401"}}
	{"id":2334401,"type":"sell","buyer":"pi-trader","seller":"brofi-market","symbol":"LIST","quantity":"3.28395561","price":"0.00600001","timestamp":1640016651,"volume":"0.01970377","buyTxId":"7aa818ee9ff52ac48d286104ffd24e21a38936ca-8","sellTxId":"b1241538d11410ae2587cb771cf22836e56ea85c"}
{"index": {"_index":"list","_id":"2334992"}}
	{"id":2334992,"type":"sell","buyer":"pi-trader","seller":"tonytrillions","symbol":"LIST","quantity":"3.07060278","price":"0.00600001","timestamp":1640020500,"volume":"0.01842365","buyTxId":"3852e59a02a82473a0fc4f42f632ace8b4af2a83-6","sellTxId":"2d54dcf4f152c995d293bb46db16135eac4ab096"}
{"index": {"_index":"list","_id":"2335778"}}
	{"id":2335778,"type":"sell","buyer":"pi-trader","seller":"dhedge-drips","symbol":"LIST","quantity":"0.30787111","price":"0.00600001","timestamp":1640025975,"volume":"0.00184723","buyTxId":"6f82a12a2a5cc8d19dd07a53fe46211d425e9d61-8","sellTxId":"179c07faf89f327aff665517bea11423cdf75d17"}
{"index": {"_index":"list","_id":"2337136"}}
	{"id":2337136,"type":"sell","buyer":"pi-trader","seller":"diverse","symbol":"LIST","quantity":"1.71667511","price":"0.00600001","timestamp":1640036883,"volume":"0.01030007","buyTxId":"8d4e0ebb9cc45b5fc9d780abdf812fb24be429be-2","sellTxId":"8554c64a2fc02ffb1db7d88f21749ebf7692ae98"}
{"index": {"_index":"list","_id":"2337556"}}
	{"id":2337556,"type":"sell","buyer":"pi-trader","seller":"charityball","symbol":"LIST","quantity":"50.51996150","price":"0.00600001","timestamp":1640040168,"volume":"0.30312027","buyTxId":"0c05b8e65d6dfc62f9981de943047f2192686258-6","sellTxId":"a6205c578133bf0bdd2b58b65ef6029938819b4e"}
{"index": {"_index":"list","_id":"2337629"}}
	{"id":2337629,"type":"sell","buyer":"pi-trader","seller":"insaneworks","symbol":"LIST","quantity":"0.00003100","price":"0.00600001","timestamp":1640040654,"volume":"0.00000019","buyTxId":"554cc1eee334fcb7819e7b5830f69980e4b08b40-7","sellTxId":"d18571cdb272a690b1a4c60b7b8c981d9a506882"}
{"index": {"_index":"list","_id":"2337702"}}
	{"id":2337702,"type":"buy","buyer":"peerfinance","seller":"master-lamps","symbol":"LIST","quantity":"100.00000000","price":"0.00828000","timestamp":1640041155,"volume":"0.82800000","buyTxId":"aaf6c47731f0d00efe2197e7412972c169fc8789","sellTxId":"47f08b467051b828012f91a8063b5e3c8083fe70"}
{"index": {"_index":"list","_id":"2338403"}}
	{"id":2338403,"type":"sell","buyer":"pi-trader","seller":"dubble","symbol":"LIST","quantity":"0.15405526","price":"0.00610001","timestamp":1640049075,"volume":"0.00093974","buyTxId":"7ec49a0430c2d413c727e14e6b6552d72cd7353e-5","sellTxId":"44d8465a9ac03597e04756be9dfd5a88cf50c6c8"}
