{"index": {"_index":"list","_id":"4068550"}}
	{"id":4068550,"type":"buy","buyer":"hankanon","seller":"onlydoge","symbol":"LIST","quantity":"2.63149285","price":"0.00560000","timestamp":1659651069,"volume":"0.01473636","buyTxId":"776badec79404774251feee51b8b31eb83b72617","sellTxId":"31abac5d0c490bafd7d05dd995c5de5d2b600c69"}
{"index": {"_index":"list","_id":"4068943"}}
	{"id":4068943,"type":"sell","buyer":"hivediver","seller":"frugal-fun","symbol":"LIST","quantity":"11.59387942","price":"0.00165000","timestamp":1659656742,"volume":"0.01912990","buyTxId":"057de1e90dde9142939e7c8853cb4f0746fc1423","sellTxId":"af96c91db834ee1ff14c4ce939cda6cccf57ae4e"}
{"index": {"_index":"list","_id":"4069006"}}
	{"id":4069006,"type":"buy","buyer":"hankanon","seller":"onlydoge","symbol":"LIST","quantity":"6.19090178","price":"0.00560000","timestamp":1659657930,"volume":"0.03466905","buyTxId":"95b48e90bd97c6f43052f936156429c7641612ea","sellTxId":"31abac5d0c490bafd7d05dd995c5de5d2b600c69"}
{"index": {"_index":"list","_id":"4069379"}}
	{"id":4069379,"type":"sell","buyer":"hivediver","seller":"teenagecrypto","symbol":"LIST","quantity":"6.91317918","price":"0.00165000","timestamp":1659663354,"volume":"0.01140675","buyTxId":"057de1e90dde9142939e7c8853cb4f0746fc1423","sellTxId":"2c938fbdaea80ac77adb6bc5d95e2c6f2d9a4cec"}
{"index": {"_index":"list","_id":"4069818"}}
	{"id":4069818,"type":"buy","buyer":"hankanon","seller":"onlydoge","symbol":"LIST","quantity":"2.74076607","price":"0.00560000","timestamp":1659670044,"volume":"0.01534829","buyTxId":"8adadb64ed7fd8f995701153006162af05094e38","sellTxId":"31abac5d0c490bafd7d05dd995c5de5d2b600c69"}
{"index": {"_index":"list","_id":"4070637"}}
	{"id":4070637,"type":"sell","buyer":"hivediver","seller":"isiksenpalvoja","symbol":"LIST","quantity":"1.58085300","price":"0.00165005","timestamp":1659681918,"volume":"0.00260849","buyTxId":"09cf4f1f1243f105aedef75b9d5f9bc11e073c74","sellTxId":"1cd0a0abcd66efe976d7fede1d3a11cdba89c421"}
{"index": {"_index":"list","_id":"4072123"}}
	{"id":4072123,"type":"buy","buyer":"hankanon","seller":"richardcrill","symbol":"LIST","quantity":"42.13824745","price":"0.00550000","timestamp":1659702945,"volume":"0.23176036","buyTxId":"baece6f81d0820ff4ecee4f556db6eda3cf1f837","sellTxId":"MM-P-19747184-66741462-3-7-0"}
{"index": {"_index":"list","_id":"4072124"}}
	{"id":4072124,"type":"buy","buyer":"hankanon","seller":"onlydoge","symbol":"LIST","quantity":"152.26262142","price":"0.00560000","timestamp":1659702945,"volume":"0.85267068","buyTxId":"baece6f81d0820ff4ecee4f556db6eda3cf1f837","sellTxId":"31abac5d0c490bafd7d05dd995c5de5d2b600c69"}
{"index": {"_index":"list","_id":"4072909"}}
	{"id":4072909,"type":"sell","buyer":"cookaiss","seller":"cwow2","symbol":"LIST","quantity":"0.36814413","price":"0.00180000","timestamp":1659713622,"volume":"0.00066266","buyTxId":"7ce940c9784e905bdc8c7f817a74f7e7aa12f80d","sellTxId":"81c25c444bde5c1a008cbb1c7112f1fb9a485918"}
{"index": {"_index":"list","_id":"4073316"}}
	{"id":4073316,"type":"buy","buyer":"thelogicaldude","seller":"finris","symbol":"LIST","quantity":"78.81305716","price":"0.00500000","timestamp":1659718929,"volume":"0.39406529","buyTxId":"92ca9dc36535c896481e3ea37f321c3b489e8e18","sellTxId":"0b21f05fe4aa6a399da6e3a3cfbf0d483d55e5cc"}
{"index": {"_index":"list","_id":"4073317"}}
	{"id":4073317,"type":"buy","buyer":"thelogicaldude","seller":"onlydoge","symbol":"LIST","quantity":"198.96018684","price":"0.00560000","timestamp":1659718929,"volume":"1.11417705","buyTxId":"92ca9dc36535c896481e3ea37f321c3b489e8e18","sellTxId":"31abac5d0c490bafd7d05dd995c5de5d2b600c69"}
{"index": {"_index":"list","_id":"4074700"}}
	{"id":4074700,"type":"sell","buyer":"onlydoge","seller":"lolz.devs","symbol":"LIST","quantity":"8.80785481","price":"0.00180010","timestamp":1659732546,"volume":"0.01585502","buyTxId":"b4089ac27d1c7e8ca05a6b4dfd08eb9f901f0f42","sellTxId":"b2a34730dbeaa7c079b669a5e96772f979fe628e"}
{"index": {"_index":"list","_id":"4074800"}}
	{"id":4074800,"type":"buy","buyer":"hankanon","seller":"tonytrillions","symbol":"LIST","quantity":"10.38264481","price":"0.00450000","timestamp":1659733071,"volume":"0.04672190","buyTxId":"cd7fe11df057e9a0336bf6e4a5168127dfac0d03","sellTxId":"0535aa92d0c7717da932dc6073207c5d847aebb4"}
{"index": {"_index":"list","_id":"4074801"}}
	{"id":4074801,"type":"buy","buyer":"hankanon","seller":"pablodare","symbol":"LIST","quantity":"185.12128000","price":"0.00550000","timestamp":1659733071,"volume":"1.01816704","buyTxId":"cd7fe11df057e9a0336bf6e4a5168127dfac0d03","sellTxId":"a13c887476d6cd7ecac678d88a63e1ad66b52631"}
{"index": {"_index":"list","_id":"4075142"}}
	{"id":4075142,"type":"sell","buyer":"onlydoge","seller":"frugal-fun","symbol":"LIST","quantity":"11.59122918","price":"0.00180010","timestamp":1659737319,"volume":"0.02086537","buyTxId":"b4089ac27d1c7e8ca05a6b4dfd08eb9f901f0f42","sellTxId":"b62b0fa7e89204385ea35ff9b0b91a297a238437"}
