{"index": {"_index":"list","_id":"3386238"}}
	{"id":3386238,"type":"buy","buyer":"pjansen","seller":"richardcrill","symbol":"LIST","quantity":"95.41984732","price":"0.00524000","timestamp":1652084418,"volume":"0.5","buyTxId":"bed8a46040f3f65838fc86ab9784168f342ab103","sellTxId":"MM-P-17217067-64206833-3-6-0"}
{"index": {"_index":"list","_id":"3386261"}}
	{"id":3386261,"type":"buy","buyer":"pjansen","seller":"richardcrill","symbol":"LIST","quantity":"95.41984732","price":"0.00524000","timestamp":1652084670,"volume":"0.5","buyTxId":"77979f4c3727e304492efd5171f3783193494d87","sellTxId":"MM-P-17217067-64206833-3-6-0"}
{"index": {"_index":"list","_id":"3386267"}}
	{"id":3386267,"type":"buy","buyer":"pjansen","seller":"richardcrill","symbol":"LIST","quantity":"95.41984732","price":"0.00524000","timestamp":1652084796,"volume":"0.5","buyTxId":"02d56f09b08efd3cc65c5c7aeea3e183dbb6c12b","sellTxId":"MM-P-17217067-64206833-3-6-0"}
{"index": {"_index":"list","_id":"3386278"}}
	{"id":3386278,"type":"buy","buyer":"pjansen","seller":"richardcrill","symbol":"LIST","quantity":"95.41984732","price":"0.00524000","timestamp":1652084913,"volume":"0.5","buyTxId":"20ebe40fefc1091971781b8dc9fb7d67a451b0b3","sellTxId":"MM-P-17217067-64206833-3-6-0"}
{"index": {"_index":"list","_id":"3386282"}}
	{"id":3386282,"type":"buy","buyer":"pjansen","seller":"richardcrill","symbol":"LIST","quantity":"38.32061072","price":"0.00524000","timestamp":1652085039,"volume":"0.20080000","buyTxId":"4778c4ebef90fcf9395ad7e546413b59defbe886","sellTxId":"MM-P-17217067-64206833-3-6-0"}
{"index": {"_index":"list","_id":"3386283"}}
	{"id":3386283,"type":"buy","buyer":"pjansen","seller":"alfarero","symbol":"LIST","quantity":"12.82715663","price":"0.00534000","timestamp":1652085039,"volume":"0.06849702","buyTxId":"4778c4ebef90fcf9395ad7e546413b59defbe886","sellTxId":"343e962035e849dcad3175078953249e35fedc93"}
{"index": {"_index":"list","_id":"3386284"}}
	{"id":3386284,"type":"buy","buyer":"pjansen","seller":"thranax","symbol":"LIST","quantity":"1.09022100","price":"0.00545000","timestamp":1652085039,"volume":"0.00594170","buyTxId":"4778c4ebef90fcf9395ad7e546413b59defbe886","sellTxId":"a3911d70594c92419a8dea7386b72b79f03a8cf3"}
{"index": {"_index":"list","_id":"3386285"}}
	{"id":3386285,"type":"buy","buyer":"pjansen","seller":"yintercept","symbol":"LIST","quantity":"40.49752792","price":"0.00555000","timestamp":1652085039,"volume":"0.22476128","buyTxId":"4778c4ebef90fcf9395ad7e546413b59defbe886","sellTxId":"5befa442cb2addb6aa096542a58ef122b1aeeaea"}
{"index": {"_index":"list","_id":"3386302"}}
	{"id":3386302,"type":"sell","buyer":"alfarero","seller":"franciscopr","symbol":"LIST","quantity":"34.24528779","price":"0.00312555","timestamp":1652085201,"volume":"0.10703536","buyTxId":"621b7b9aae1cba4bf38eb28ad31d01390629287d","sellTxId":"2c4fbb4e287c87cad47557610cf6d8f0e58f016d"}
{"index": {"_index":"list","_id":"3387601"}}
	{"id":3387601,"type":"buy","buyer":"pjansen","seller":"richardcrill","symbol":"LIST","quantity":"93.47541596","price":"0.00534900","timestamp":1652101686,"volume":"0.5","buyTxId":"9695cc7d711cf6ec42f9d3471f8c38495b55ab6e","sellTxId":"MM-P-17233021-64222796-3-6-0"}
{"index": {"_index":"list","_id":"3387608"}}
	{"id":3387608,"type":"buy","buyer":"pjansen","seller":"richardcrill","symbol":"LIST","quantity":"93.47541596","price":"0.00534900","timestamp":1652101806,"volume":"0.5","buyTxId":"1cbd8411895a3975fba6283d988adf8bac562a4b","sellTxId":"MM-P-17233021-64222796-3-6-0"}
{"index": {"_index":"list","_id":"3387616"}}
	{"id":3387616,"type":"buy","buyer":"pjansen","seller":"richardcrill","symbol":"LIST","quantity":"93.47541596","price":"0.00534900","timestamp":1652101920,"volume":"0.5","buyTxId":"7e1f3a7826295d4f764129ba11bd90a78d4e27a0","sellTxId":"MM-P-17233021-64222796-3-6-0"}
{"index": {"_index":"list","_id":"3387625"}}
	{"id":3387625,"type":"buy","buyer":"pjansen","seller":"richardcrill","symbol":"LIST","quantity":"93.47541596","price":"0.00534900","timestamp":1652102046,"volume":"0.5","buyTxId":"e9a1deb549a26f041f82c03e2ac4c0d281d94add","sellTxId":"MM-P-17233021-64222796-3-6-0"}
{"index": {"_index":"list","_id":"3388561"}}
	{"id":3388561,"type":"sell","buyer":"hoosie","seller":"alfarero","symbol":"LIST","quantity":"0.59247533","price":"0.00312555","timestamp":1652111211,"volume":"0.00185181","buyTxId":"0ae52133be9d02eb3934c2e5178776b6eb397ee0","sellTxId":"61be5c986f3f14fd17dbd486c8b7104e1dd7b044"}
{"index": {"_index":"list","_id":"3390585"}}
	{"id":3390585,"type":"sell","buyer":"hoosie","seller":"thisisawesome","symbol":"LIST","quantity":"0.00436525","price":"0.00312555","timestamp":1652129103,"volume":"0.00001364","buyTxId":"0ae52133be9d02eb3934c2e5178776b6eb397ee0","sellTxId":"8a366f349d4eb79f2728aa3a3ffeb04779b3ed0d"}
{"index": {"_index":"list","_id":"3392451"}}
	{"id":3392451,"type":"buy","buyer":"hivediver","seller":"richardcrill","symbol":"LIST","quantity":"46.09833600","price":"0.00534900","timestamp":1652145201,"volume":"0.24658000","buyTxId":"5d8084c91a3246b51cd720165d82fc5fa51c4469","sellTxId":"MM-P-17233021-64222796-3-6-0"}
{"index": {"_index":"list","_id":"3392457"}}
	{"id":3392457,"type":"buy","buyer":"hivediver","seller":"alfarero","symbol":"LIST","quantity":"35.00000000","price":"0.00544900","timestamp":1652145237,"volume":"0.19071500","buyTxId":"7553858894af8d3847324ed49147a069dfc37cdd","sellTxId":"3eceef98b68a9423a7554511ce3e4391eac393a8"}
{"index": {"_index":"list","_id":"3392458"}}
	{"id":3392458,"type":"buy","buyer":"hivediver","seller":"richardcrill","symbol":"LIST","quantity":"110.76458000","price":"0.00545000","timestamp":1652145270,"volume":"0.60366696","buyTxId":"6f6256d88c117a42c69e129af13e3c8d91e47536","sellTxId":"MM-P-17248761-64238558-3-6-0"}
{"index": {"_index":"list","_id":"3392463"}}
	{"id":3392463,"type":"buy","buyer":"hivediver","seller":"yintercept","symbol":"LIST","quantity":"70.30465200","price":"0.00555000","timestamp":1652145315,"volume":"0.39019082","buyTxId":"f3b8713173a654b7d9908628cb865950194b33c3","sellTxId":"5befa442cb2addb6aa096542a58ef122b1aeeaea"}
{"index": {"_index":"list","_id":"3392467"}}
	{"id":3392467,"type":"buy","buyer":"hivediver","seller":"urkanon","symbol":"LIST","quantity":"0.34377900","price":"0.00580000","timestamp":1652145363,"volume":"0.00199392","buyTxId":"58dc625138dfe0c39309dbe86e75d18c0c89511a","sellTxId":"23725a29cfa82d44b2ef68f0ace46fc2359ed2c9"}
{"index": {"_index":"list","_id":"3392476"}}
	{"id":3392476,"type":"buy","buyer":"hivediver","seller":"urkanon","symbol":"LIST","quantity":"0.00000092","price":"0.00580000","timestamp":1652145387,"volume":"0.00000001","buyTxId":"7fa3752eed72f0760f99925d4cb7803d52c64af0","sellTxId":"23725a29cfa82d44b2ef68f0ace46fc2359ed2c9"}
{"index": {"_index":"list","_id":"3392477"}}
	{"id":3392477,"type":"buy","buyer":"hivediver","seller":"txracer","symbol":"LIST","quantity":"3.10381308","price":"0.00609989","timestamp":1652145387,"volume":"0.01893291","buyTxId":"7fa3752eed72f0760f99925d4cb7803d52c64af0","sellTxId":"da87452aefb03f3548fda948d5c6cbcb1218f091"}
{"index": {"_index":"list","_id":"3392488"}}
	{"id":3392488,"type":"buy","buyer":"hivediver","seller":"txracer","symbol":"LIST","quantity":"0.00000166","price":"0.00609989","timestamp":1652145450,"volume":"0.00000001","buyTxId":"2b75d4250e620d9cddf1c4797935ab388ede6b0b","sellTxId":"da87452aefb03f3548fda948d5c6cbcb1218f091"}
{"index": {"_index":"list","_id":"3392489"}}
	{"id":3392489,"type":"buy","buyer":"hivediver","seller":"beyondhorizonmm","symbol":"LIST","quantity":"79.69999934","price":"0.00630000","timestamp":1652145450,"volume":"0.50211000","buyTxId":"2b75d4250e620d9cddf1c4797935ab388ede6b0b","sellTxId":"e271e0baeab01589ae6a93c1d53f9e8728b4c62e"}
