{"index": {"_index":"list","_id":"4110646"}}
	{"id":4110646,"type":"sell","buyer":"metzli","seller":"florenceboens","symbol":"LIST","quantity":"0.12883100","price":"0.00270000","timestamp":1660207014,"volume":"0.00034784","buyTxId":"07c6800c074d6fe3f0266f61fe0d1671dcf3a22d","sellTxId":"5c6692abb8f7eba249590af525c7244dc0845a13"}
{"index": {"_index":"list","_id":"4111291"}}
	{"id":4111291,"type":"buy","buyer":"hankanon","seller":"master-lamps","symbol":"LIST","quantity":"11.59507160","price":"0.00399999","timestamp":1660218354,"volume":"0.04638017","buyTxId":"96cbdb8c9410a99da347a324900678278f4db2f7","sellTxId":"bd3a0886d25b32c7b0345e30511a15ed370bffa3"}
{"index": {"_index":"list","_id":"4111292"}}
	{"id":4111292,"type":"buy","buyer":"hankanon","seller":"thranax","symbol":"LIST","quantity":"22.01769235","price":"0.00400000","timestamp":1660218354,"volume":"0.08807077","buyTxId":"96cbdb8c9410a99da347a324900678278f4db2f7","sellTxId":"ee10d9ff1a8288f6234ae11cb59ea2677e7b2e3b"}
{"index": {"_index":"list","_id":"4111293"}}
	{"id":4111293,"type":"buy","buyer":"hankanon","seller":"mypathtofire","symbol":"LIST","quantity":"6.94557669","price":"0.00410000","timestamp":1660218354,"volume":"0.02847686","buyTxId":"96cbdb8c9410a99da347a324900678278f4db2f7","sellTxId":"156540596ff00b08421854313c1e10d92d91aeba"}
{"index": {"_index":"list","_id":"4111294"}}
	{"id":4111294,"type":"buy","buyer":"hankanon","seller":"tonytrillions","symbol":"LIST","quantity":"4.16383013","price":"0.00450000","timestamp":1660218354,"volume":"0.01873724","buyTxId":"96cbdb8c9410a99da347a324900678278f4db2f7","sellTxId":"ebef62cdd19bbe9d22cdb3b72f87ef558387a909"}
{"index": {"_index":"list","_id":"4111295"}}
	{"id":4111295,"type":"buy","buyer":"hankanon","seller":"ruralio","symbol":"LIST","quantity":"36.54887072","price":"0.00450000","timestamp":1660218354,"volume":"0.16446992","buyTxId":"96cbdb8c9410a99da347a324900678278f4db2f7","sellTxId":"964f5f2bf058a08ae7bfc0f4e70acc04fd32114c"}
{"index": {"_index":"list","_id":"4111296"}}
	{"id":4111296,"type":"buy","buyer":"hankanon","seller":"onlydoge","symbol":"LIST","quantity":"123.67665486","price":"0.00499990","timestamp":1660218354,"volume":"0.61837091","buyTxId":"96cbdb8c9410a99da347a324900678278f4db2f7","sellTxId":"e78e36b6b679bbf43f36461a4e6f7e1f3264894b"}
{"index": {"_index":"list","_id":"4111297"}}
	{"id":4111297,"type":"buy","buyer":"hankanon","seller":"mosho-o","symbol":"LIST","quantity":"10.00000000","price":"0.00499996","timestamp":1660218354,"volume":"0.04999960","buyTxId":"96cbdb8c9410a99da347a324900678278f4db2f7","sellTxId":"4e570e783f5d83ff7c420693c66d5eff925fa609"}
{"index": {"_index":"list","_id":"4111298"}}
	{"id":4111298,"type":"buy","buyer":"hankanon","seller":"saachi.list","symbol":"LIST","quantity":"279.80244000","price":"0.00500000","timestamp":1660218354,"volume":"1.39901220","buyTxId":"96cbdb8c9410a99da347a324900678278f4db2f7","sellTxId":"420166ff8da619c96c1ac494ad9c24d56ade03bc"}
{"index": {"_index":"list","_id":"4111820"}}
	{"id":4111820,"type":"sell","buyer":"metzli","seller":"dswap","symbol":"LIST","quantity":"1.19503782","price":"0.00270000","timestamp":1660225818,"volume":"0.00322660","buyTxId":"07c6800c074d6fe3f0266f61fe0d1671dcf3a22d","sellTxId":"9dcfbafaf9821983a465587e5a24f0b0f88c9494"}
{"index": {"_index":"list","_id":"4113157"}}
	{"id":4113157,"type":"buy","buyer":"hankanon","seller":"pablodare","symbol":"LIST","quantity":"28.36734693","price":"0.00490000","timestamp":1660240131,"volume":"0.139","buyTxId":"7ceab80be9db6bc1e53f12d94e5a8b15c1eb496d","sellTxId":"511f2c9569e60501f2ff4d48273b0caeabbef10d"}
{"index": {"_index":"list","_id":"4115543"}}
	{"id":4115543,"type":"buy","buyer":"hivediver","seller":"brianhuang","symbol":"LIST","quantity":"5.07664155","price":"0.00488900","timestamp":1660266348,"volume":"0.02481970","buyTxId":"cde38be81121a060c7a571a0f80c467a7f397994","sellTxId":"178489c0755349165cedfce3e453c345a4b10106"}
{"index": {"_index":"list","_id":"4115545"}}
	{"id":4115545,"type":"buy","buyer":"hivediver","seller":"pablodare","symbol":"LIST","quantity":"783.51707634","price":"0.00490000","timestamp":1660266366,"volume":"3.83923367","buyTxId":"a600b83db99e8ecf6bfcaa1bc5c037afe37690f9","sellTxId":"511f2c9569e60501f2ff4d48273b0caeabbef10d"}
{"index": {"_index":"list","_id":"4115546"}}
	{"id":4115546,"type":"buy","buyer":"hivediver","seller":"mosho-o","symbol":"LIST","quantity":"20.03233435","price":"0.00490000","timestamp":1660266366,"volume":"0.09815844","buyTxId":"a600b83db99e8ecf6bfcaa1bc5c037afe37690f9","sellTxId":"f0f838f359b92e382a3a0cdc725a6dbcea0c1183"}
{"index": {"_index":"list","_id":"4115555"}}
	{"id":4115555,"type":"buy","buyer":"hivediver","seller":"saachi.list","symbol":"LIST","quantity":"129.58332685","price":"0.00500000","timestamp":1660266513,"volume":"0.64791663","buyTxId":"613ea38b78d6d7caf8bfd2a85752fce86f149cb2","sellTxId":"420166ff8da619c96c1ac494ad9c24d56ade03bc"}
{"index": {"_index":"list","_id":"4115875"}}
	{"id":4115875,"type":"sell","buyer":"onlydoge","seller":"drax","symbol":"LIST","quantity":"20","price":"0.00271010","timestamp":1660271139,"volume":"0.05420200","buyTxId":"47e7d03e1901c5319e8b3feff19ab339dde22748","sellTxId":"8502a6b57bc24118fbda2267864a153c229406c6"}
