{"index": {"_index":"list","_id":"3223973"}}
	{"id":3223973,"type":"sell","buyer":"nastyforce","seller":"nrg","symbol":"LIST","quantity":"109.37555924","price":"0.00245100","timestamp":1650256158,"volume":"0.26807950","buyTxId":"4103e44dac2a984fafd0b9b4cbbb206b8484c3eb","sellTxId":"6a3682c107a5230cc12e90dfa7301e815b5d4bf8-33"}
{"index": {"_index":"list","_id":"3224839"}}
	{"id":3224839,"type":"buy","buyer":"dswap","seller":"franciscopr","symbol":"LIST","quantity":"11.19047619","price":"0.00420000","timestamp":1650266841,"volume":"0.04700000","buyTxId":"3d6c82e48133ecaa4d7d20c814f62e62c81fd8c5","sellTxId":"4d4d3265117f0c205d7913342548ec2d8b59fe0f"}
{"index": {"_index":"list","_id":"3224902"}}
	{"id":3224902,"type":"buy","buyer":"dswap","seller":"franciscopr","symbol":"LIST","quantity":"44.64285714","price":"0.00420000","timestamp":1650267027,"volume":"0.18750000","buyTxId":"8da2b0fb5094889f9235a3c82b5acde01e4c3a82","sellTxId":"4d4d3265117f0c205d7913342548ec2d8b59fe0f"}
{"index": {"_index":"list","_id":"3225128"}}
	{"id":3225128,"type":"sell","buyer":"nastyforce","seller":"brofi-market","symbol":"LIST","quantity":"3.56899631","price":"0.00245100","timestamp":1650269703,"volume":"0.00874761","buyTxId":"4103e44dac2a984fafd0b9b4cbbb206b8484c3eb","sellTxId":"15e75e158d25bd0e784dfebee822856363fb4a6e"}
{"index": {"_index":"list","_id":"3225806"}}
	{"id":3225806,"type":"sell","buyer":"nastyforce","seller":"florenceboens","symbol":"LIST","quantity":"32.00377000","price":"0.00245100","timestamp":1650278757,"volume":"0.07844124","buyTxId":"4103e44dac2a984fafd0b9b4cbbb206b8484c3eb","sellTxId":"1fdb6a0052df04c6f7c2f34ced1e906de2f5442c"}
{"index": {"_index":"list","_id":"3226369"}}
	{"id":3226369,"type":"sell","buyer":"nastyforce","seller":"dhedge-drips","symbol":"LIST","quantity":"0.33459339","price":"0.00245100","timestamp":1650286065,"volume":"0.00082009","buyTxId":"4103e44dac2a984fafd0b9b4cbbb206b8484c3eb","sellTxId":"aac410927f01c483d4d17092a87946cdeb9d9949"}
{"index": {"_index":"list","_id":"3229156"}}
	{"id":3229156,"type":"sell","buyer":"ianmcg","seller":"bilpcoinbot","symbol":"LIST","quantity":"1.46049563","price":"0.00250100","timestamp":1650312501,"volume":"0.00365270","buyTxId":"7dae2390d54cbc0deed655b2917fa9ba2e58ff32","sellTxId":"5a3459e4199f7ec478c465ae006cfee91bcbaee3"}
{"index": {"_index":"list","_id":"3229521"}}
	{"id":3229521,"type":"sell","buyer":"ianmcg","seller":"thisisawesome","symbol":"LIST","quantity":"0.00596669","price":"0.00250100","timestamp":1650316431,"volume":"0.00001492","buyTxId":"7dae2390d54cbc0deed655b2917fa9ba2e58ff32","sellTxId":"2c45a7302954fd25b3b7c816095e7d1b4f1d7a92"}
{"index": {"_index":"list","_id":"3230834"}}
	{"id":3230834,"type":"buy","buyer":"dswap","seller":"franciscopr","symbol":"LIST","quantity":"44.16666667","price":"0.00420000","timestamp":1650330693,"volume":"0.18550000","buyTxId":"f61230ad948c875526d93756e0a25b70e2dbb5f9","sellTxId":"4d4d3265117f0c205d7913342548ec2d8b59fe0f"}
{"index": {"_index":"list","_id":"3230835"}}
	{"id":3230835,"type":"buy","buyer":"dswap","seller":"brofi-market","symbol":"LIST","quantity":"3.56899631","price":"0.00420000","timestamp":1650330693,"volume":"0.01498978","buyTxId":"f61230ad948c875526d93756e0a25b70e2dbb5f9","sellTxId":"9412e83d7b19ba38ffbfc3f41a979d24f951630b"}
{"index": {"_index":"list","_id":"3230836"}}
	{"id":3230836,"type":"buy","buyer":"dswap","seller":"dhedge-drips","symbol":"LIST","quantity":"0.33459339","price":"0.00420000","timestamp":1650330693,"volume":"0.00140529","buyTxId":"f61230ad948c875526d93756e0a25b70e2dbb5f9","sellTxId":"28d199cb6bc12da3c101b14041284b330c466000"}
{"index": {"_index":"list","_id":"3230837"}}
	{"id":3230837,"type":"buy","buyer":"dswap","seller":"alfarero","symbol":"LIST","quantity":"1.29782561","price":"0.00420000","timestamp":1650330693,"volume":"0.00545087","buyTxId":"f61230ad948c875526d93756e0a25b70e2dbb5f9","sellTxId":"2edae0974b3ffae063ccc341c231e780ecb08d34"}
{"index": {"_index":"list","_id":"3230838"}}
	{"id":3230838,"type":"buy","buyer":"dswap","seller":"richardcrill","symbol":"LIST","quantity":"46.85690761","price":"0.00420000","timestamp":1650330693,"volume":"0.19679901","buyTxId":"f61230ad948c875526d93756e0a25b70e2dbb5f9","sellTxId":"MM-P-16645721-63635135-3-6-0"}
{"index": {"_index":"list","_id":"3230839"}}
	{"id":3230839,"type":"buy","buyer":"dswap","seller":"brofi-market","symbol":"LIST","quantity":"3.78195607","price":"0.00425000","timestamp":1650330693,"volume":"0.01607331","buyTxId":"f61230ad948c875526d93756e0a25b70e2dbb5f9","sellTxId":"b6362704e04729b0e8952a4e77677ad67d18485e"}
{"index": {"_index":"list","_id":"3230840"}}
	{"id":3230840,"type":"buy","buyer":"dswap","seller":"franciscopr","symbol":"LIST","quantity":"28.45642069","price":"0.00435000","timestamp":1650330693,"volume":"0.12378543","buyTxId":"f61230ad948c875526d93756e0a25b70e2dbb5f9","sellTxId":"f6778cc595208088db8caf8661d35e779fb4bfc0"}
{"index": {"_index":"list","_id":"3230841"}}
	{"id":3230841,"type":"buy","buyer":"dswap","seller":"franciscopr","symbol":"LIST","quantity":"92.44974065","price":"0.00455000","timestamp":1650330693,"volume":"0.42064632","buyTxId":"f61230ad948c875526d93756e0a25b70e2dbb5f9","sellTxId":"b8a20d0be276a3d4e1ee7eab05d45bc500166477"}
