{"index": {"_index":"list","_id":"2800806"}}
	{"id":2800806,"type":"sell","buyer":"pi-trader","seller":"pablodare","symbol":"LIST","quantity":"22.08733749","price":"0.00400001","timestamp":1645157928,"volume":"0.08834957","buyTxId":"c088c560b90d18fa5f71d4d61be6029387363c81-4","sellTxId":"b6bd7b382d24eb375a27642618073fbca2b4a66a"}
{"index": {"_index":"list","_id":"2801133"}}
	{"id":2801133,"type":"sell","buyer":"pi-trader","seller":"finris","symbol":"LIST","quantity":"18.29265647","price":"0.00400001","timestamp":1645163271,"volume":"0.07317081","buyTxId":"ed2eb0943f8911a1f05dc33c4403108a53d38097-3","sellTxId":"6ecf5759b8e449bb69274277bc7a797def410f5b"}
{"index": {"_index":"list","_id":"2801373"}}
	{"id":2801373,"type":"sell","buyer":"pi-trader","seller":"kballories011","symbol":"LIST","quantity":"14.51784357","price":"0.00400001","timestamp":1645166985,"volume":"0.05807152","buyTxId":"731bcd51ecfeff9071fdf96012044944f29731c9-2","sellTxId":"65a640106df35cfe9be4481650ab4fd675b21aaa"}
{"index": {"_index":"list","_id":"2801691"}}
	{"id":2801691,"type":"buy","buyer":"thewycher","seller":"tonytrillions","symbol":"LIST","quantity":"103.02405200","price":"0.00440000","timestamp":1645171428,"volume":"0.45330583","buyTxId":"a6d85fe597edb0991da9eae9bd867dbfcc60d954","sellTxId":"cbe4f222b94316aa4287bcc94e475f8ebdba3f9a"}
{"index": {"_index":"list","_id":"2802016"}}
	{"id":2802016,"type":"sell","buyer":"pi-trader","seller":"synergie","symbol":"LIST","quantity":"23.33000000","price":"0.00400001","timestamp":1645174842,"volume":"0.09332023","buyTxId":"a22b72c436542137700bf845b87925af7d861c16-4","sellTxId":"a18297afa721d4909cad40317b248f8d230ed48e"}
{"index": {"_index":"list","_id":"2802412"}}
	{"id":2802412,"type":"sell","buyer":"pi-trader","seller":"chekohler","symbol":"LIST","quantity":"0.00001127","price":"0.00400001","timestamp":1645180857,"volume":"0.00000005","buyTxId":"34209ff5bf2301b3e66c35828bc3014a29d1f678-2","sellTxId":"2e06367dcf77ea1e452f72b775a350bf7ebbba16"}
{"index": {"_index":"list","_id":"2802488"}}
	{"id":2802488,"type":"buy","buyer":"fiberfrau","seller":"tonytrillions","symbol":"LIST","quantity":"12.58760000","price":"0.00450000","timestamp":1645181958,"volume":"0.05664420","buyTxId":"a787914a7054716387b270a2e74ea52a6fa32ae1","sellTxId":"6bd7725836898f0e57ab03456b7e608cc35b8a6b"}
{"index": {"_index":"list","_id":"2802879"}}
	{"id":2802879,"type":"sell","buyer":"pi-trader","seller":"brofi-market","symbol":"LIST","quantity":"2.71620361","price":"0.00400001","timestamp":1645186710,"volume":"0.01086484","buyTxId":"6dd1340a7ecebbf384bfe5affedc2537d634bf0e-3","sellTxId":"a085db42ec0b87419ca5c0c00272d6e52cfcf5bd"}
{"index": {"_index":"list","_id":"2803046"}}
	{"id":2803046,"type":"sell","buyer":"pi-trader","seller":"dhedge-drips","symbol":"LIST","quantity":"0.25464409","price":"0.00400001","timestamp":1645188405,"volume":"0.00101858","buyTxId":"a8d932d0e7533c9d71c60f877f0232f6a8a421c0-4","sellTxId":"262010891a5db2edcfad7d45d686c8e484ec7e01"}
{"index": {"_index":"list","_id":"2804976"}}
	{"id":2804976,"type":"sell","buyer":"pi-trader","seller":"mairapanelo","symbol":"LIST","quantity":"18.52204340","price":"0.00400001","timestamp":1645203861,"volume":"0.07408836","buyTxId":"c79630403187d1b2b3c7fa2922032035cb7934e4-3","sellTxId":"f1a7e1123324d8766ef69d109d129ad6ffb68067"}
{"index": {"_index":"list","_id":"2805678"}}
	{"id":2805678,"type":"sell","buyer":"pi-trader","seller":"dswap","symbol":"LIST","quantity":"12.28268636","price":"0.00400001","timestamp":1645211826,"volume":"0.04913087","buyTxId":"4309e0ab1eebe21b1be34ad9af4076c31e3ed3f1-5","sellTxId":"f3ff12aecb93f7eaed06f832017a24bc369b2167"}
{"index": {"_index":"list","_id":"2805885"}}
	{"id":2805885,"type":"sell","buyer":"pi-trader","seller":"andy4475","symbol":"LIST","quantity":"7.15179016","price":"0.00410001","timestamp":1645214334,"volume":"0.02932241","buyTxId":"89f7872e67cc17c6413eff483b3fde1c3cb878cb-3","sellTxId":"59da1a7d4d09cdbd589cccb3ce5c6d668463080e"}
{"index": {"_index":"list","_id":"2806906"}}
	{"id":2806906,"type":"sell","buyer":"pi-trader","seller":"dswap","symbol":"LIST","quantity":"5","price":"0.00410001","timestamp":1645227639,"volume":"0.02050005","buyTxId":"18b9191f05bf923ccaab6b023d3cb335e7425dfe-4","sellTxId":"aba4072e3cfddae49ddea62285e11acb43f4ae55"}
{"index": {"_index":"list","_id":"2807127"}}
	{"id":2807127,"type":"sell","buyer":"pi-trader","seller":"thatcryptodave","symbol":"LIST","quantity":"10.90765321","price":"0.00410001","timestamp":1645230201,"volume":"0.04472149","buyTxId":"a77d8c8089c3d71352ce797d13228c50de934d83-2","sellTxId":"cc6e37a8eb06dfde1c9db49c771c1f0724d60ff5"}
