{"index": {"_index":"list","_id":"1216190"}}
	{"id":1216190,"type":"sell","buyer":"thelogicaldude","seller":"charityball","symbol":"LIST","quantity":"19.46082868","price":"0.01140000","timestamp":1626149433,"volume":"0.22185345","buyTxId":"MM-P-8513502-55492908-3-0-0","sellTxId":"ffdacfac7d970f8458f55bea516553e4762223a1"}
{"index": {"_index":"list","_id":"1216528"}}
	{"id":1216528,"type":"sell","buyer":"thelogicaldude","seller":"brofi-market","symbol":"LIST","quantity":"0.19172975","price":"0.01140000","timestamp":1626161145,"volume":"0.00218572","buyTxId":"MM-P-8513502-55492908-3-0-0","sellTxId":"49d8d931f61c0f97c61e24c7b18d98b6800581b0"}
{"index": {"_index":"list","_id":"1217265"}}
	{"id":1217265,"type":"sell","buyer":"thelogicaldude","seller":"ahmetay","symbol":"LIST","quantity":"0.00000604","price":"0.01140000","timestamp":1626190287,"volume":"0.00000007","buyTxId":"MM-P-8513502-55492908-3-0-0","sellTxId":"67bbda6c721f12b25ef2db414484f0074f225fce"}
{"index": {"_index":"list","_id":"1217601"}}
	{"id":1217601,"type":"buy","buyer":"dibblers.dabs","seller":"chekohler","symbol":"LIST","quantity":"0.73583874","price":"0.01190000","timestamp":1626201699,"volume":"0.00875648","buyTxId":"5a2586c6966ece5ffb68b789d34decf09cb89136","sellTxId":"8f6f0c58f7cad636fceab653e6c2f7f36e28f706"}
{"index": {"_index":"list","_id":"1217602"}}
	{"id":1217602,"type":"buy","buyer":"dibblers.dabs","seller":"brofi-market","symbol":"LIST","quantity":"0.10170060","price":"0.01190000","timestamp":1626201699,"volume":"0.00121024","buyTxId":"5a2586c6966ece5ffb68b789d34decf09cb89136","sellTxId":"cf0c7f5f51a3e3bd8e6a8556b3d094e79af1ddae"}
{"index": {"_index":"list","_id":"1217603"}}
	{"id":1217603,"type":"buy","buyer":"dibblers.dabs","seller":"brofi-market","symbol":"LIST","quantity":"0.17072909","price":"0.01190000","timestamp":1626201699,"volume":"0.00203168","buyTxId":"5a2586c6966ece5ffb68b789d34decf09cb89136","sellTxId":"53ef414c44115f81db3c139982acb7ff06df915a"}
{"index": {"_index":"list","_id":"1217604"}}
	{"id":1217604,"type":"buy","buyer":"dibblers.dabs","seller":"brofi-market","symbol":"LIST","quantity":"0.19172975","price":"0.01190000","timestamp":1626201699,"volume":"0.00228158","buyTxId":"5a2586c6966ece5ffb68b789d34decf09cb89136","sellTxId":"dada71c943219f8d8c9d30f7813ef0c1f6744e86"}
{"index": {"_index":"list","_id":"1217605"}}
	{"id":1217605,"type":"buy","buyer":"dibblers.dabs","seller":"crypto133","symbol":"LIST","quantity":"37.74734748","price":"0.01200000","timestamp":1626201699,"volume":"0.45296817","buyTxId":"5a2586c6966ece5ffb68b789d34decf09cb89136","sellTxId":"f57ae87f1351b7153f2adfb9357530cae6fbda13"}
{"index": {"_index":"list","_id":"1217606"}}
	{"id":1217606,"type":"buy","buyer":"dibblers.dabs","seller":"thelogicaldude","symbol":"LIST","quantity":"111.05265434","price":"0.01570000","timestamp":1626201699,"volume":"1.74352667","buyTxId":"5a2586c6966ece5ffb68b789d34decf09cb89136","sellTxId":"MM-P-8633790-55613803-3-0-0"}
{"index": {"_index":"list","_id":"1217608"}}
	{"id":1217608,"type":"buy","buyer":"dibblers.dabs","seller":"thelogicaldude","symbol":"LIST","quantity":"10.00000000","price":"0.01570000","timestamp":1626201747,"volume":"0.15700000","buyTxId":"43474e76885694130aeb876003a69c4bf9e49dcd","sellTxId":"MM-P-8633790-55613803-3-0-0"}
{"index": {"_index":"list","_id":"1217669"}}
	{"id":1217669,"type":"sell","buyer":"thelogicaldude","seller":"pablodare","symbol":"LIST","quantity":"2.63240692","price":"0.01140000","timestamp":1626204534,"volume":"0.03000944","buyTxId":"MM-P-8513502-55492908-3-0-0","sellTxId":"e0a78ed719c1ef9e73bda3f8fd02af872e477e28"}
{"index": {"_index":"list","_id":"1218402"}}
	{"id":1218402,"type":"sell","buyer":"thelogicaldude","seller":"micaelcab","symbol":"LIST","quantity":"1.82690608","price":"0.01140000","timestamp":1626228906,"volume":"0.02082673","buyTxId":"MM-P-8513502-55492908-3-0-0","sellTxId":"f06c6f47bb487ea51310df07b2858720155ee50b"}
