{"index": {"_index":"list","_id":"1497306"}}
	{"id":1497306,"type":"sell","buyer":"thelogicaldude","seller":"dhedge-drips","symbol":"LIST","quantity":"0.03822185","price":"0.01410000","timestamp":1631062020,"volume":"0.00053893","buyTxId":"MM-P-10216551-57200456-3-0-0","sellTxId":"cef871dd31fcb0ce7b2fc93ee900f992e1ab0b01"}
{"index": {"_index":"list","_id":"1498454"}}
	{"id":1498454,"type":"sell","buyer":"thelogicaldude","seller":"hive-143869","symbol":"LIST","quantity":"0.14800000","price":"0.01410000","timestamp":1631089986,"volume":"0.00208680","buyTxId":"MM-P-10216551-57200456-3-0-0","sellTxId":"63bd1a3463156062173d72b54603e0563718a1f5"}
{"index": {"_index":"list","_id":"1499067"}}
	{"id":1499067,"type":"sell","buyer":"thelogicaldude","seller":"esmeesmith","symbol":"LIST","quantity":"2.33953732","price":"0.01410000","timestamp":1631104167,"volume":"0.03298748","buyTxId":"MM-P-10216551-57200456-3-0-0","sellTxId":"0450f8e131c124c2f024a89cc954284adaf145bf"}
{"index": {"_index":"list","_id":"1499161"}}
	{"id":1499161,"type":"sell","buyer":"thelogicaldude","seller":"rishi556","symbol":"LIST","quantity":"0.00001918","price":"0.01410000","timestamp":1631106492,"volume":"0.00000027","buyTxId":"MM-P-10216551-57200456-3-0-0","sellTxId":"f7f0660371b68f7661db9b3683db531af6d05416-5"}
{"index": {"_index":"list","_id":"1499187"}}
	{"id":1499187,"type":"sell","buyer":"thelogicaldude","seller":"joemark","symbol":"LIST","quantity":"20.76982419","price":"0.01410000","timestamp":1631106882,"volume":"0.29285452","buyTxId":"MM-P-10216551-57200456-3-0-0","sellTxId":"c54c2bee696f6c33255dc3d6d471cd881fc76bf6"}
{"index": {"_index":"list","_id":"1500209"}}
	{"id":1500209,"type":"sell","buyer":"thelogicaldude","seller":"stevescoins","symbol":"LIST","quantity":"22.14459608","price":"0.01410000","timestamp":1631121369,"volume":"0.31223880","buyTxId":"MM-P-10216551-57200456-3-0-0","sellTxId":"faba70245889c45e075bcd6273c1cde7a8ccd295"}
{"index": {"_index":"list","_id":"1500223"}}
	{"id":1500223,"type":"sell","buyer":"thelogicaldude","seller":"pablodare","symbol":"LIST","quantity":"7.41075519","price":"0.01410000","timestamp":1631121528,"volume":"0.10449165","buyTxId":"MM-P-10216551-57200456-3-0-0","sellTxId":"3efaf0e4d49e0cfef8baf780fe352364680805c9"}
{"index": {"_index":"list","_id":"1500376"}}
	{"id":1500376,"type":"buy","buyer":"yintercept","seller":"thelogicaldude","symbol":"LIST","quantity":"13.60000000","price":"0.01440000","timestamp":1631123547,"volume":"0.19584000","buyTxId":"9a9057dcfa9a1edaf66735d7bd2e010c7ac664c6","sellTxId":"MM-P-10249345-57233279-3-0-0"}
{"index": {"_index":"list","_id":"1500684"}}
	{"id":1500684,"type":"sell","buyer":"thelogicaldude","seller":"aiovo","symbol":"LIST","quantity":"100.00000000","price":"0.01410000","timestamp":1631127723,"volume":"1.41000000","buyTxId":"MM-P-10216551-57200456-3-0-0","sellTxId":"6cddad219c7f3fa81f471b7597fa6935974e3243"}
{"index": {"_index":"list","_id":"1500894"}}
	{"id":1500894,"type":"sell","buyer":"thelogicaldude","seller":"brofi-market","symbol":"LIST","quantity":"1.18043545","price":"0.01410000","timestamp":1631131914,"volume":"0.01664414","buyTxId":"MM-P-10216551-57200456-3-0-0","sellTxId":"7b591d1d00e478d84e7f006fab3ea6778f6b9b88"}
{"index": {"_index":"list","_id":"1500946"}}
	{"id":1500946,"type":"sell","buyer":"thelogicaldude","seller":"charityball","symbol":"LIST","quantity":"7.59825000","price":"0.01410000","timestamp":1631132538,"volume":"0.10713533","buyTxId":"MM-P-10216551-57200456-3-0-0","sellTxId":"c4b4426c97a2547a8733bd3cf4a58a054524b8a5"}
{"index": {"_index":"list","_id":"1500964"}}
	{"id":1500964,"type":"sell","buyer":"thelogicaldude","seller":"nessycanta","symbol":"LIST","quantity":"49.70616425","price":"0.01410000","timestamp":1631132889,"volume":"0.70085692","buyTxId":"MM-P-10216551-57200456-3-0-0","sellTxId":"219c16f57064596e9c9e5878aaa04d1260aa3e77"}
{"index": {"_index":"list","_id":"1501247"}}
	{"id":1501247,"type":"sell","buyer":"thelogicaldude","seller":"crypto133","symbol":"LIST","quantity":"55.38022428","price":"0.01410000","timestamp":1631137812,"volume":"0.78086116","buyTxId":"MM-P-10216551-57200456-3-0-0","sellTxId":"c8c49ff5c5aed62d8a6e2c0e5bdc3a0d755934c7"}
{"index": {"_index":"list","_id":"1501424"}}
	{"id":1501424,"type":"sell","buyer":"thelogicaldude","seller":"hivediver","symbol":"LIST","quantity":"0.00001600","price":"0.01410000","timestamp":1631141031,"volume":"0.00000023","buyTxId":"MM-P-10216551-57200456-3-0-0","sellTxId":"8f511c9f0599337b2cd425cbe9d122e91d518d53"}
{"index": {"_index":"list","_id":"1501752"}}
	{"id":1501752,"type":"sell","buyer":"thelogicaldude","seller":"pthker2010","symbol":"LIST","quantity":"14.00000000","price":"0.01410000","timestamp":1631148240,"volume":"0.19740000","buyTxId":"MM-P-10216551-57200456-3-0-0","sellTxId":"06ad593a849e87be02a8faf6cdfd4a167fc22d2d"}
{"index": {"_index":"list","_id":"1501770"}}
	{"id":1501770,"type":"sell","buyer":"thelogicaldude","seller":"dhedge-drips","symbol":"LIST","quantity":"0.11066581","price":"0.01410000","timestamp":1631148405,"volume":"0.00156039","buyTxId":"MM-P-10216551-57200456-3-0-0","sellTxId":"ec0ef1bb6ccd9bed22609095829a5f1ed1003dbb"}
