{"index": {"_index":"list","_id":"1586259"}}
	{"id":1586259,"type":"sell","buyer":"thelogicaldude","seller":"steemstreems","symbol":"LIST","quantity":"0.0012107","price":"0.01110000","timestamp":1632622323,"volume":"0.00001344","buyTxId":"MM-P-10758725-57743349-3-0-0","sellTxId":"3932ae1fde9fcd7c9ac2658447bdde58f8b20698"}
{"index": {"_index":"list","_id":"1586693"}}
	{"id":1586693,"type":"sell","buyer":"thelogicaldude","seller":"brofi-market","symbol":"LIST","quantity":"1.48776288","price":"0.01110000","timestamp":1632629706,"volume":"0.01651417","buyTxId":"MM-P-10758725-57743349-3-0-0","sellTxId":"eeade3d6ffae5a50a5bc33e479df0306a9a46d25"}
{"index": {"_index":"list","_id":"1587213"}}
	{"id":1587213,"type":"sell","buyer":"thelogicaldude","seller":"dhedge-drips","symbol":"LIST","quantity":"0.13947777","price":"0.01121000","timestamp":1632638829,"volume":"0.00156355","buyTxId":"MM-P-10766882-57751524-3-0-0","sellTxId":"7b3c6bdd68552b9af0e3926030581a436c96eb81"}
{"index": {"_index":"list","_id":"1587518"}}
	{"id":1587518,"type":"sell","buyer":"thelogicaldude","seller":"ctpsb","symbol":"LIST","quantity":"13.00000000","price":"0.01121000","timestamp":1632645261,"volume":"0.14573000","buyTxId":"MM-P-10766882-57751524-3-0-0","sellTxId":"da8fdbcf90c4c1548e12028de464a755dbb6e172"}
{"index": {"_index":"list","_id":"1587876"}}
	{"id":1587876,"type":"sell","buyer":"thelogicaldude","seller":"evernoticethat","symbol":"LIST","quantity":"93.94123360","price":"0.01121000","timestamp":1632652776,"volume":"1.05308123","buyTxId":"MM-P-10766882-57751524-3-0-0","sellTxId":"29de9e507d5c488e3f83b370066097e8a5caf939"}
{"index": {"_index":"list","_id":"1588081"}}
	{"id":1588081,"type":"sell","buyer":"thelogicaldude","seller":"esmeesmith","symbol":"LIST","quantity":"5.44541399","price":"0.01121000","timestamp":1632657138,"volume":"0.06104309","buyTxId":"MM-P-10766882-57751524-3-0-0","sellTxId":"9b339529b2c687fa018e3308cff3d8da4a363266"}
{"index": {"_index":"list","_id":"1588120"}}
	{"id":1588120,"type":"sell","buyer":"thelogicaldude","seller":"droida","symbol":"LIST","quantity":"0.00158835","price":"0.01121000","timestamp":1632657561,"volume":"0.00001781","buyTxId":"MM-P-10766882-57751524-3-0-0","sellTxId":"205aecf19652ce2d3447dee392e62268b40163ae"}
{"index": {"_index":"list","_id":"1588301"}}
	{"id":1588301,"type":"sell","buyer":"thelogicaldude","seller":"quicktrades","symbol":"LIST","quantity":"0.00150285","price":"0.01121000","timestamp":1632660108,"volume":"0.00001685","buyTxId":"MM-P-10766882-57751524-3-0-0","sellTxId":"6cbeecbc300dc39e1161cfb32010d72d2551b349"}
{"index": {"_index":"list","_id":"1588310"}}
	{"id":1588310,"type":"sell","buyer":"thelogicaldude","seller":"saulos","symbol":"LIST","quantity":"1.76375000","price":"0.01121000","timestamp":1632660210,"volume":"0.01977164","buyTxId":"MM-P-10766882-57751524-3-0-0","sellTxId":"baae8f68071d4cd6fa1c45a157de11babba0f589"}
{"index": {"_index":"list","_id":"1588741"}}
	{"id":1588741,"type":"sell","buyer":"thelogicaldude","seller":"tonytrillions","symbol":"LIST","quantity":"0.08572947","price":"0.01121000","timestamp":1632666648,"volume":"0.00096103","buyTxId":"MM-P-10766882-57751524-3-0-0","sellTxId":"c5316a5ebb3a4122da6e2fc16d6ca507fdbb4a2c"}
{"index": {"_index":"list","_id":"1588831"}}
	{"id":1588831,"type":"sell","buyer":"thelogicaldude","seller":"chekohler","symbol":"LIST","quantity":"0.00127224","price":"0.01121000","timestamp":1632668097,"volume":"0.00001426","buyTxId":"MM-P-10766882-57751524-3-0-0","sellTxId":"725811f1dfb867d2fdda9252e31107d0b3391ad3"}
{"index": {"_index":"list","_id":"1589521"}}
	{"id":1589521,"type":"sell","buyer":"thelogicaldude","seller":"themarkymark","symbol":"LIST","quantity":"6.76493420","price":"0.01131100","timestamp":1632675669,"volume":"0.07651817","buyTxId":"MM-P-10780381-57765041-3-0-0","sellTxId":"474ab705abb9e00f2b1bd69ccbcb8b4c4ecc7cba"}
{"index": {"_index":"list","_id":"1589533"}}
	{"id":1589533,"type":"sell","buyer":"thelogicaldude","seller":"khazrakh","symbol":"LIST","quantity":"62.85599924","price":"0.01131100","timestamp":1632675744,"volume":"0.71096421","buyTxId":"MM-P-10780381-57765041-3-0-0","sellTxId":"606a0fef54e676011e792d2ecb80e723a8a56e07"}
{"index": {"_index":"list","_id":"1590821"}}
	{"id":1590821,"type":"sell","buyer":"thelogicaldude","seller":"rishi556","symbol":"LIST","quantity":"0.00001773","price":"0.01131100","timestamp":1632694515,"volume":"0.00000020","buyTxId":"MM-P-10780381-57765041-3-0-0","sellTxId":"3cc2187cfd1127b9fb6f83674c01ddf2714a80cf-1"}
{"index": {"_index":"list","_id":"1591308"}}
	{"id":1591308,"type":"sell","buyer":"cloudblade","seller":"pablodare","symbol":"LIST","quantity":"9.36573189","price":"0.01111000","timestamp":1632703038,"volume":"0.10405328","buyTxId":"6966f64bf83fcb42e1305d41d51cea70fba8dd76","sellTxId":"4f94cdbdbd622fec87f2b24c2e0357cc99cfc3e1"}
