{"index": {"_index":"list","_id":"3973196"}}
	{"id":3973196,"type":"sell","buyer":"quinnertronics","seller":"apoloo1","symbol":"LIST","quantity":"28.93165509","price":"0.00411501","timestamp":1658615799,"volume":"0.11905405","buyTxId":"15856aa65a0ff87ee5e0a6f25a3d72f01a44e7e3","sellTxId":"4f3217956d271eff2ab6bacbe8360e2d5a37a184"}
{"index": {"_index":"list","_id":"3974748"}}
	{"id":3974748,"type":"buy","buyer":"bananofarmer","seller":"richardcrill","symbol":"LIST","quantity":"53.67521321","price":"0.00579991","timestamp":1658641926,"volume":"0.31131141","buyTxId":"8f538ac4c5d93f7545833c3bf85d302521b95c1b","sellTxId":"MM-P-19403897-66397894-3-7-0"}
{"index": {"_index":"list","_id":"3974749"}}
	{"id":3974749,"type":"buy","buyer":"bananofarmer","seller":"master-lamps","symbol":"LIST","quantity":"11.58138175","price":"0.00589991","timestamp":1658641926,"volume":"0.06832911","buyTxId":"8f538ac4c5d93f7545833c3bf85d302521b95c1b","sellTxId":"8295bd46647f499ce3129d93a2b160e3a7aae11a"}
{"index": {"_index":"list","_id":"3974750"}}
	{"id":3974750,"type":"buy","buyer":"bananofarmer","seller":"master-lamps","symbol":"LIST","quantity":"23.40375765","price":"0.00599999","timestamp":1658641926,"volume":"0.14042231","buyTxId":"8f538ac4c5d93f7545833c3bf85d302521b95c1b","sellTxId":"c9f105ae0712f963d007d318046f237fe0b8d235"}
{"index": {"_index":"list","_id":"3974751"}}
	{"id":3974751,"type":"buy","buyer":"bananofarmer","seller":"onlydoge","symbol":"LIST","quantity":"69.66717520","price":"0.00688900","timestamp":1658641926,"volume":"0.47993717","buyTxId":"8f538ac4c5d93f7545833c3bf85d302521b95c1b","sellTxId":"c10a8dcdcf006caf9e22a36556fa183c305f3feb"}
{"index": {"_index":"list","_id":"3975105"}}
	{"id":3975105,"type":"sell","buyer":"quinnertronics","seller":"hive-103505","symbol":"LIST","quantity":"36.53698683","price":"0.00411501","timestamp":1658646762,"volume":"0.15035007","buyTxId":"15856aa65a0ff87ee5e0a6f25a3d72f01a44e7e3","sellTxId":"e7d38a15fa8b251b584e5b86c75963cd379c252d"}
{"index": {"_index":"list","_id":"3976244"}}
	{"id":3976244,"type":"sell","buyer":"quinnertronics","seller":"isiksenpalvoja","symbol":"LIST","quantity":"2.06348000","price":"0.00411501","timestamp":1658663973,"volume":"0.00849124","buyTxId":"15856aa65a0ff87ee5e0a6f25a3d72f01a44e7e3","sellTxId":"9644472d72dcfbc979e63e58dd8bdc2b477a73d1"}
{"index": {"_index":"list","_id":"3978868"}}
	{"id":3978868,"type":"buy","buyer":"forsakensushi","seller":"master-lamps","symbol":"LIST","quantity":"0.28689794","price":"0.00688758","timestamp":1658693373,"volume":"0.00197603","buyTxId":"dff64320f410162e5d64554f62de448182a6982e","sellTxId":"93981825d479096b482b4965ab3a7a473ac7782f"}
{"index": {"_index":"list","_id":"3978869"}}
	{"id":3978869,"type":"buy","buyer":"forsakensushi","seller":"onlydoge","symbol":"LIST","quantity":"714.45345924","price":"0.00688800","timestamp":1658693373,"volume":"4.92115543","buyTxId":"dff64320f410162e5d64554f62de448182a6982e","sellTxId":"0b8d5ce71e5bed1a9800ba0e5966ebbf3ebda099"}
{"index": {"_index":"list","_id":"3978870"}}
	{"id":3978870,"type":"buy","buyer":"forsakensushi","seller":"master-lamps","symbol":"LIST","quantity":"426.91044093","price":"0.00688899","timestamp":1658693373,"volume":"2.94098176","buyTxId":"dff64320f410162e5d64554f62de448182a6982e","sellTxId":"825ff91df2f401b54702b79ebc59dc8934dfd381"}
{"index": {"_index":"list","_id":"3978871"}}
	{"id":3978871,"type":"buy","buyer":"forsakensushi","seller":"master-lamps","symbol":"LIST","quantity":"714.74035718","price":"0.00688899","timestamp":1658693403,"volume":"4.92383917","buyTxId":"604eb05a9b7cda9a72d8d2482fc02553dc1a5ef2","sellTxId":"825ff91df2f401b54702b79ebc59dc8934dfd381"}
{"index": {"_index":"list","_id":"3978872"}}
	{"id":3978872,"type":"buy","buyer":"forsakensushi","seller":"jonimarqu","symbol":"LIST","quantity":"199.08512339","price":"0.00689000","timestamp":1658693403,"volume":"1.37169650","buyTxId":"604eb05a9b7cda9a72d8d2482fc02553dc1a5ef2","sellTxId":"e8a37366c43adf4c691a5cd5cda7b65a8af8be3d"}
{"index": {"_index":"list","_id":"3979142"}}
	{"id":3979142,"type":"sell","buyer":"onlydoge","seller":"andy4475","symbol":"LIST","quantity":"2.48086273","price":"0.00411600","timestamp":1658695845,"volume":"0.01021123","buyTxId":"50616a76e4d3c1f39e58e0cdcb49dc89785ca4f2","sellTxId":"7a184b76f1c2b4f764a664abd41f8a375b74ddd1"}
