{"index": {"_index":"list","_id":"2458855"}}
	{"id":2458855,"type":"sell","buyer":"pi-trader","seller":"dhedge-drips","symbol":"LIST","quantity":"0.15520076","price":"0.00500002","timestamp":1641257211,"volume":"0.00077601","buyTxId":"1aa0f39ee03a26ca31757bec3e562a930ab17e4d","sellTxId":"992f4e68b88cb2f122877e4bf8fa11a36010af8e"}
{"index": {"_index":"list","_id":"2460409"}}
	{"id":2460409,"type":"sell","buyer":"pi-trader","seller":"mosho-o","symbol":"LIST","quantity":"0.00064800","price":"0.00500002","timestamp":1641276447,"volume":"0.00000324","buyTxId":"c55c24478a14d81aea04282573ff7ab753c90896-3","sellTxId":"b14439d4dc5fb6c454515092abaa72d53740e1af"}
{"index": {"_index":"list","_id":"2460886"}}
	{"id":2460886,"type":"sell","buyer":"pi-trader","seller":"thatcryptodave","symbol":"LIST","quantity":"7.37712629","price":"0.00500002","timestamp":1641281061,"volume":"0.03688578","buyTxId":"6db757bd44303cae366d29480cb9fb87f45f6a08-3","sellTxId":"d7b833ad4a76b965c1649eccee108c098bad6992"}
{"index": {"_index":"list","_id":"2461470"}}
	{"id":2461470,"type":"sell","buyer":"pi-trader","seller":"adhammer","symbol":"LIST","quantity":"0.81356806","price":"0.00500002","timestamp":1641288300,"volume":"0.00406786","buyTxId":"ce5afdbf3a5694f8283335bbbef05621d004dc14-4","sellTxId":"c53625db697eae9583d4abdfbabdb993e99faf71"}
{"index": {"_index":"list","_id":"2461889"}}
	{"id":2461889,"type":"sell","buyer":"pi-trader","seller":"tonytrillions","symbol":"LIST","quantity":"72.76250802","price":"0.00500002","timestamp":1641293676,"volume":"0.36381400","buyTxId":"d1eebf6a0bbd61f925aaa4df5685f1ea07dec3ff-2","sellTxId":"90809226217bbd5b4d11000dc2898a04b8238260"}
{"index": {"_index":"list","_id":"2462327"}}
	{"id":2462327,"type":"sell","buyer":"pi-trader","seller":"brofi-market","symbol":"LIST","quantity":"4.55457800","price":"0.00500002","timestamp":1641298527,"volume":"0.02277298","buyTxId":"6405f4fbf52785a0815a09ceaf3fbfdfb6425809-2","sellTxId":"78bd2d05bc8223496a8d8ba5324885f5a5d3639a"}
{"index": {"_index":"list","_id":"2462499"}}
	{"id":2462499,"type":"sell","buyer":"pi-trader","seller":"dhedge-drips","symbol":"LIST","quantity":"0.36202289","price":"0.00500002","timestamp":1641300477,"volume":"0.00181012","buyTxId":"3ed97259e351cfecd17e5b0245eabf2f604cc588-2","sellTxId":"f66af8b8475553fa609c77dbb4a517e43cfe56a2"}
{"index": {"_index":"list","_id":"2462634"}}
	{"id":2462634,"type":"buy","buyer":"fiberfrau","seller":"master-lamps","symbol":"LIST","quantity":"7.55994704","price":"0.00585375","timestamp":1641301866,"volume":"0.04425404","buyTxId":"369cea6bb83f2c7bfc8b19754ea1af93b11d019d","sellTxId":"400498de479b46ab07dc94c3e3f732b5c9e8181d"}
{"index": {"_index":"list","_id":"2463321"}}
	{"id":2463321,"type":"sell","buyer":"pi-trader","seller":"kobusu","symbol":"LIST","quantity":"300.00000000","price":"0.00500002","timestamp":1641308709,"volume":"1.50000600","buyTxId":"d2b714c13c848a7d2d865233a5e16ed16acb67ef-4","sellTxId":"bdaef6ea48336a9149a5a6e5a4e594ece63bb553"}
{"index": {"_index":"list","_id":"2463322"}}
	{"id":2463322,"type":"sell","buyer":"atma.love","seller":"kobusu","symbol":"LIST","quantity":"2200.00000000","price":"0.00500001","timestamp":1641308709,"volume":"11.00002200","buyTxId":"7a7497ae36d99aa9c29c14a28e884e9e1c78e07a","sellTxId":"bdaef6ea48336a9149a5a6e5a4e594ece63bb553"}
{"index": {"_index":"list","_id":"2463514"}}
	{"id":2463514,"type":"sell","buyer":"pi-trader","seller":"pablodare","symbol":"LIST","quantity":"19.11699964","price":"0.00500002","timestamp":1641311298,"volume":"0.09558538","buyTxId":"f74c46b05b141ed7f6aa0dc0be8735422a11b5c0-4","sellTxId":"da202b695a6525853b5e83afdf68b4a980e5390f"}
{"index": {"_index":"list","_id":"2464325"}}
	{"id":2464325,"type":"sell","buyer":"pi-trader","seller":"charityball","symbol":"LIST","quantity":"152.61390011","price":"0.00500002","timestamp":1641320643,"volume":"0.76307255","buyTxId":"ef08ca0cb5ee7ff37ee6eedc4102ae4183855bd1-8","sellTxId":"9c5a6d1f3f1fccfb1dd9dbb322eddd316b454a83"}
{"index": {"_index":"list","_id":"2464521"}}
	{"id":2464521,"type":"sell","buyer":"pi-trader","seller":"dhedge-drips","symbol":"LIST","quantity":"0.06496954","price":"0.00500002","timestamp":1641322026,"volume":"0.00032485","buyTxId":"853e69a51d1e639c9d756fce48aace5161ae35d7-2","sellTxId":"0e752c419a2570da34aac38cbff70a3222ae40d6"}
{"index": {"_index":"list","_id":"2465405"}}
	{"id":2465405,"type":"buy","buyer":"marshmellowman","seller":"master-lamps","symbol":"LIST","quantity":"30.00000000","price":"0.00585375","timestamp":1641330012,"volume":"0.17561250","buyTxId":"07ef6b126d2f20a2538a423dcf64fc1cba23a52d","sellTxId":"400498de479b46ab07dc94c3e3f732b5c9e8181d"}
{"index": {"_index":"list","_id":"2465416"}}
	{"id":2465416,"type":"buy","buyer":"marshmellowman","seller":"master-lamps","symbol":"LIST","quantity":"3.29213082","price":"0.00585375","timestamp":1641330123,"volume":"0.01927131","buyTxId":"9b4589ea0167664bdee2beb4baf07512017b40f1","sellTxId":"400498de479b46ab07dc94c3e3f732b5c9e8181d"}
{"index": {"_index":"list","_id":"2465417"}}
	{"id":2465417,"type":"buy","buyer":"marshmellowman","seller":"brofi-market","symbol":"LIST","quantity":"0.70786918","price":"0.00585375","timestamp":1641330123,"volume":"0.00414369","buyTxId":"9b4589ea0167664bdee2beb4baf07512017b40f1","sellTxId":"53a816ab9ad07d56356bf5569efa014d139b820e"}
{"index": {"_index":"list","_id":"2465421"}}
	{"id":2465421,"type":"buy","buyer":"marshmellowman","seller":"brofi-market","symbol":"LIST","quantity":"0.78896978","price":"0.00585375","timestamp":1641330159,"volume":"0.00461843","buyTxId":"f80cd896d3165ca4619b8cef367290070ff5eaa0","sellTxId":"53a816ab9ad07d56356bf5569efa014d139b820e"}
{"index": {"_index":"list","_id":"2465422"}}
	{"id":2465422,"type":"buy","buyer":"marshmellowman","seller":"dhedge-drips","symbol":"LIST","quantity":"0.14032876","price":"0.00585375","timestamp":1641330159,"volume":"0.00082145","buyTxId":"f80cd896d3165ca4619b8cef367290070ff5eaa0","sellTxId":"5fc0df84f16c0d2ed9c7421c763cfb545c41553d"}
{"index": {"_index":"list","_id":"2465423"}}
	{"id":2465423,"type":"buy","buyer":"marshmellowman","seller":"brofi-market","symbol":"LIST","quantity":"1.65547488","price":"0.00585375","timestamp":1641330159,"volume":"0.00969074","buyTxId":"f80cd896d3165ca4619b8cef367290070ff5eaa0","sellTxId":"1075ec9ec5ad0340d40d93660d01320061b6a3ca"}
{"index": {"_index":"list","_id":"2465424"}}
	{"id":2465424,"type":"buy","buyer":"marshmellowman","seller":"dhedge-drips","symbol":"LIST","quantity":"0.15520076","price":"0.00585375","timestamp":1641330159,"volume":"0.00090851","buyTxId":"f80cd896d3165ca4619b8cef367290070ff5eaa0","sellTxId":"92e1a702af767cd2d687812c452a11c13bcb7c76"}
{"index": {"_index":"list","_id":"2465425"}}
	{"id":2465425,"type":"buy","buyer":"marshmellowman","seller":"ctpsb","symbol":"LIST","quantity":"3.26002582","price":"0.00585375","timestamp":1641330159,"volume":"0.01908337","buyTxId":"f80cd896d3165ca4619b8cef367290070ff5eaa0","sellTxId":"5aad5d908b06057ea201fa1530085a86788ee17a"}
{"index": {"_index":"list","_id":"2465428"}}
	{"id":2465428,"type":"buy","buyer":"marshmellowman","seller":"ctpsb","symbol":"LIST","quantity":"3.62997418","price":"0.00585375","timestamp":1641330189,"volume":"0.02124896","buyTxId":"56f7173177e3521b04ba4e16129d1a27ca145dea","sellTxId":"5aad5d908b06057ea201fa1530085a86788ee17a"}
{"index": {"_index":"list","_id":"2465429"}}
	{"id":2465429,"type":"buy","buyer":"marshmellowman","seller":"brofi-market","symbol":"LIST","quantity":"4.55457800","price":"0.00585375","timestamp":1641330189,"volume":"0.02666136","buyTxId":"56f7173177e3521b04ba4e16129d1a27ca145dea","sellTxId":"d7e5ed0557922df6660961916c9a7542b195883d"}
{"index": {"_index":"list","_id":"2465430"}}
	{"id":2465430,"type":"buy","buyer":"marshmellowman","seller":"dhedge-drips","symbol":"LIST","quantity":"0.36202289","price":"0.00585375","timestamp":1641330189,"volume":"0.00211919","buyTxId":"56f7173177e3521b04ba4e16129d1a27ca145dea","sellTxId":"51542515b4379a1a839e956226c2df2d39b6b9d5"}
{"index": {"_index":"list","_id":"2465431"}}
	{"id":2465431,"type":"buy","buyer":"marshmellowman","seller":"dhedge-drips","symbol":"LIST","quantity":"0.06496954","price":"0.00585375","timestamp":1641330189,"volume":"0.00038032","buyTxId":"56f7173177e3521b04ba4e16129d1a27ca145dea","sellTxId":"10ce762659309d58c380c3540497028c39ea0f22"}
{"index": {"_index":"list","_id":"2465437"}}
	{"id":2465437,"type":"buy","buyer":"marshmellowman","seller":"mosho-o","symbol":"LIST","quantity":"8.62321409","price":"0.00585400","timestamp":1641330219,"volume":"0.05048030","buyTxId":"aa786c302a3c4e8b316305d8a0c9a4e73bbd6943","sellTxId":"7637ea96a19e96e1f958dd628c78590eafce6d34"}
{"index": {"_index":"list","_id":"2465438"}}
	{"id":2465438,"type":"buy","buyer":"marshmellowman","seller":"dhedge-drips","symbol":"LIST","quantity":"0.41817017","price":"0.00585400","timestamp":1641330219,"volume":"0.00244797","buyTxId":"aa786c302a3c4e8b316305d8a0c9a4e73bbd6943","sellTxId":"f602fd91eb3cb383271377a89deb7a534c581f30"}
{"index": {"_index":"list","_id":"2465444"}}
	{"id":2465444,"type":"buy","buyer":"marshmellowman","seller":"master-lamps","symbol":"LIST","quantity":"74.07140562","price":"0.00589990","timestamp":1641330249,"volume":"0.43701389","buyTxId":"36a81b5bc408e2ba418bd5e9d88ce72cd17eefeb","sellTxId":"b7c80eb7906f5696d7e9f77b3ac1d3e79113eddc"}
{"index": {"_index":"list","_id":"2465445"}}
	{"id":2465445,"type":"buy","buyer":"marshmellowman","seller":"brofi-market","symbol":"LIST","quantity":"0.61580372","price":"0.00589990","timestamp":1641330249,"volume":"0.00363318","buyTxId":"36a81b5bc408e2ba418bd5e9d88ce72cd17eefeb","sellTxId":"b13e9bb3d79ce586f52c2ab5cd57edde5bcb54b2"}
{"index": {"_index":"list","_id":"2465446"}}
	{"id":2465446,"type":"buy","buyer":"marshmellowman","seller":"brofi-market","symbol":"LIST","quantity":"0.31279066","price":"0.00589990","timestamp":1641330249,"volume":"0.00184543","buyTxId":"36a81b5bc408e2ba418bd5e9d88ce72cd17eefeb","sellTxId":"46b2e39df5de16e72c23d5091897dc3c5ada3119"}
{"index": {"_index":"list","_id":"2465452"}}
	{"id":2465452,"type":"buy","buyer":"marshmellowman","seller":"brofi-market","symbol":"LIST","quantity":"3.53188871","price":"0.00589990","timestamp":1641330279,"volume":"0.02083779","buyTxId":"e3c5c3c8bb0aaf54b6356ac6d99d62de11b02cce","sellTxId":"46b2e39df5de16e72c23d5091897dc3c5ada3119"}
{"index": {"_index":"list","_id":"2465462"}}
	{"id":2465462,"type":"buy","buyer":"marshmellowman","seller":"brofi-market","symbol":"LIST","quantity":"1.15000000","price":"0.00589991","timestamp":1641330306,"volume":"0.00678490","buyTxId":"2f7aefdf52ac662e9cd1a88dd50857a684ac4ee0","sellTxId":"2a2c50302d72b1a622d9464a59dc960cae1f8174"}
{"index": {"_index":"list","_id":"2465862"}}
	{"id":2465862,"type":"sell","buyer":"pi-trader","seller":"thahodler","symbol":"LIST","quantity":"61.73000000","price":"0.00500002","timestamp":1641334053,"volume":"0.30865123","buyTxId":"15fc1d8db44aaee300085c578ef1392359700f39-0","sellTxId":"3deab16f785707e24bb6c52ad1714e6c1640322d"}
