{"index": {"_index":"list","_id":"1187765"}}
	{"id":1187765,"type":"buy","buyer":"yintercept","seller":"pablodare","symbol":"LIST","quantity":"16.80340697","price":"0.01200000","timestamp":1625190975,"volume":"0.20164088","buyTxId":"11de3fc15285159507ea75239354e6cb7d0951ab","sellTxId":"f80ec3683c8eb6bb06519f6d703d2e51cbfb80df"}
{"index": {"_index":"list","_id":"1187885"}}
	{"id":1187885,"type":"sell","buyer":"thelogicaldude","seller":"brofi-market","symbol":"LIST","quantity":"0.10080000","price":"0.01010000","timestamp":1625196135,"volume":"0.00101808","buyTxId":"MM-P-8234275-55212886-3-0-0","sellTxId":"f4252ea73c90c0be744c7eadf85ec297369c9e84"}
{"index": {"_index":"list","_id":"1187953"}}
	{"id":1187953,"type":"sell","buyer":"thelogicaldude","seller":"pablodare","symbol":"LIST","quantity":"12.07534017","price":"0.01010000","timestamp":1625198703,"volume":"0.12196094","buyTxId":"MM-P-8234275-55212886-3-0-0","sellTxId":"a952635a3380ef9b97db4fece5dadb8505c8f947"}
{"index": {"_index":"list","_id":"1188111"}}
	{"id":1188111,"type":"sell","buyer":"thelogicaldude","seller":"nulledgh0st","symbol":"LIST","quantity":"5.21136695","price":"0.01010000","timestamp":1625204796,"volume":"0.05263481","buyTxId":"MM-P-8234275-55212886-3-0-0","sellTxId":"83b4d6e2751b7120abe3e1e717a22bc7bec2581e"}
{"index": {"_index":"list","_id":"1188182"}}
	{"id":1188182,"type":"sell","buyer":"thelogicaldude","seller":"brofi-market","symbol":"LIST","quantity":"0.49205379","price":"0.01010000","timestamp":1625207493,"volume":"0.00496974","buyTxId":"MM-P-8234275-55212886-3-0-0","sellTxId":"9b8f41017c86b8dabe4c96619214ebdb010c9179"}
{"index": {"_index":"list","_id":"1188308"}}
	{"id":1188308,"type":"sell","buyer":"thelogicaldude","seller":"razam","symbol":"LIST","quantity":"0.00000772","price":"0.01010000","timestamp":1625213772,"volume":"0.00000008","buyTxId":"MM-P-8234275-55212886-3-0-0","sellTxId":"6fbb6fc7c9e08eb5ae45c879dac48374dc4c3d0a"}
{"index": {"_index":"list","_id":"1188331"}}
	{"id":1188331,"type":"sell","buyer":"thelogicaldude","seller":"espandor","symbol":"LIST","quantity":"751.45581869","price":"0.01010000","timestamp":1625214921,"volume":"7.58970377","buyTxId":"MM-P-8234275-55212886-3-0-0","sellTxId":"a53c5098571cfa8395473257efcf25144e4f1df4"}
{"index": {"_index":"list","_id":"1188689"}}
	{"id":1188689,"type":"sell","buyer":"thelogicaldude","seller":"justinparke","symbol":"LIST","quantity":"5.65149579","price":"0.01010000","timestamp":1625226057,"volume":"0.05708011","buyTxId":"MM-P-8308564-55287413-3-0-0","sellTxId":"6e821267de714e206a3fd4b0ef1877b64c8d51f9"}
{"index": {"_index":"list","_id":"1188977"}}
	{"id":1188977,"type":"sell","buyer":"thelogicaldude","seller":"uyobong","symbol":"LIST","quantity":"232.71474959","price":"0.01010000","timestamp":1625234328,"volume":"2.35041897","buyTxId":"MM-P-8308564-55287413-3-0-0","sellTxId":"a1540efd08ac782c36c5511cdd3244cd32e3d5b5"}
{"index": {"_index":"list","_id":"1188980"}}
	{"id":1188980,"type":"sell","buyer":"thelogicaldude","seller":"cwow2","symbol":"LIST","quantity":"0.01695921","price":"0.01010000","timestamp":1625234397,"volume":"0.00017129","buyTxId":"MM-P-8308564-55287413-3-0-0","sellTxId":"e7f1012449fd35f43a41dcd6c9fb2d27d5478217"}
{"index": {"_index":"list","_id":"1189295"}}
	{"id":1189295,"type":"sell","buyer":"thelogicaldude","seller":"rishi556","symbol":"LIST","quantity":"0.00008659","price":"0.01010000","timestamp":1625246910,"volume":"0.00000087","buyTxId":"MM-P-8308564-55287413-3-0-0","sellTxId":"680a45b2d700234b4bfda914004e7b981ac81d30-7"}
{"index": {"_index":"list","_id":"1189692"}}
	{"id":1189692,"type":"sell","buyer":"thelogicaldude","seller":"pablodare","symbol":"LIST","quantity":"27.89058099","price":"0.01020100","timestamp":1625259906,"volume":"0.28451182","buyTxId":"MM-P-8321287-55300137-3-0-0","sellTxId":"384483336547808b565296c3282949a3935c1aa4"}
