{"index": {"_index":"list","_id":"3780350"}}
	{"id":3780350,"type":"sell","buyer":"onlydoge","seller":"mypathtofire","symbol":"LIST","quantity":"2.63378390","price":"0.00550100","timestamp":1656283053,"volume":"0.01448845","buyTxId":"4c52e03e2361cce8daf2ae7ed1a4bba4d0f84a65","sellTxId":"e66a4f4c243a3b5ceb23b5188995646270612077"}
{"index": {"_index":"list","_id":"3781258"}}
	{"id":3781258,"type":"sell","buyer":"onlydoge","seller":"ifarmgirl","symbol":"LIST","quantity":"18.43730877","price":"0.00550100","timestamp":1656294804,"volume":"0.10142364","buyTxId":"4c52e03e2361cce8daf2ae7ed1a4bba4d0f84a65","sellTxId":"63aeb0297cb76e2ee20f5bac0d8b1468e8ff85e8"}
{"index": {"_index":"list","_id":"3782367"}}
	{"id":3782367,"type":"sell","buyer":"onlydoge","seller":"hive-127788","symbol":"LIST","quantity":"20.01934719","price":"0.00550100","timestamp":1656311241,"volume":"0.11012643","buyTxId":"4c52e03e2361cce8daf2ae7ed1a4bba4d0f84a65","sellTxId":"89e76702f2ff4e1a5a4e022d5781f454f7e09a2f"}
{"index": {"_index":"list","_id":"3782894"}}
	{"id":3782894,"type":"sell","buyer":"onlydoge","seller":"itharagaian","symbol":"LIST","quantity":"0.02972095","price":"0.00550100","timestamp":1656317715,"volume":"0.00016349","buyTxId":"4c52e03e2361cce8daf2ae7ed1a4bba4d0f84a65","sellTxId":"6bd98ad7929909b469c5ba6b45e12ffd752a21db"}
{"index": {"_index":"list","_id":"3784478"}}
	{"id":3784478,"type":"buy","buyer":"shiftrox","seller":"master-lamps","symbol":"LIST","quantity":"1.38696495","price":"0.00899999","timestamp":1656336444,"volume":"0.01248267","buyTxId":"2f076f9870256e1beadfe227b8e49e0b8c9d1067","sellTxId":"acdc5150009b6698cdfe7830378174b29e4e0a6c"}
{"index": {"_index":"list","_id":"3784479"}}
	{"id":3784479,"type":"buy","buyer":"shiftrox","seller":"master-lamps","symbol":"LIST","quantity":"21.80203923","price":"0.00899999","timestamp":1656336444,"volume":"0.19621814","buyTxId":"2f076f9870256e1beadfe227b8e49e0b8c9d1067","sellTxId":"5235c002cb1e4087bf407c83eedce283b2dd5e19"}
{"index": {"_index":"list","_id":"3784480"}}
	{"id":3784480,"type":"buy","buyer":"shiftrox","seller":"saachi.list","symbol":"LIST","quantity":"46.28245582","price":"0.00899999","timestamp":1656336444,"volume":"0.41654164","buyTxId":"2f076f9870256e1beadfe227b8e49e0b8c9d1067","sellTxId":"66236ba559d84a8dcdb293a7c9f8cedfc78248b9"}
{"index": {"_index":"list","_id":"3784488"}}
	{"id":3784488,"type":"buy","buyer":"shiftrox","seller":"saachi.list","symbol":"LIST","quantity":"0.00000072","price":"0.00899999","timestamp":1656336501,"volume":"0.00000001","buyTxId":"66f2135478fddaf394943df94b7ac221df35c1bc","sellTxId":"66236ba559d84a8dcdb293a7c9f8cedfc78248b9"}
{"index": {"_index":"list","_id":"3784489"}}
	{"id":3784489,"type":"buy","buyer":"shiftrox","seller":"hivelist","symbol":"LIST","quantity":"99.99999928","price":"0.00900000","timestamp":1656336501,"volume":"0.89999999","buyTxId":"66f2135478fddaf394943df94b7ac221df35c1bc","sellTxId":"7343a9c13426746eeb26a011a1697723fe50d8d4"}
{"index": {"_index":"list","_id":"3784700"}}
	{"id":3784700,"type":"sell","buyer":"devann","seller":"frugal-fun","symbol":"LIST","quantity":"50.00000000","price":"0.00551200","timestamp":1656338187,"volume":"0.27560000","buyTxId":"1333a70a71ff5aabf32ad02e31c7708ad5ecf5bf","sellTxId":"ec3ebff4de629a493181d08be1e104de08b222b9"}
{"index": {"_index":"list","_id":"3784701"}}
	{"id":3784701,"type":"sell","buyer":"onlydoge","seller":"frugal-fun","symbol":"LIST","quantity":"193.37427080","price":"0.00551100","timestamp":1656338187,"volume":"1.06568561","buyTxId":"9360eac96d44a62428426d8b842a79088eeed8d8","sellTxId":"ec3ebff4de629a493181d08be1e104de08b222b9"}
{"index": {"_index":"list","_id":"3784827"}}
	{"id":3784827,"type":"sell","buyer":"onlydoge","seller":"isiksenpalvoja","symbol":"LIST","quantity":"1.46184400","price":"0.00551100","timestamp":1656339474,"volume":"0.00805622","buyTxId":"9360eac96d44a62428426d8b842a79088eeed8d8","sellTxId":"1fa714acdd9f05ea710498aa21afe2a357227cca"}
{"index": {"_index":"list","_id":"3788794"}}
	{"id":3788794,"type":"sell","buyer":"master-lamps","seller":"kaunglay2","symbol":"LIST","quantity":"3.87905378","price":"0.00560001","timestamp":1656358431,"volume":"0.02172274","buyTxId":"a746f0b8f0aba45e1acd733f996f787a36dbfdac","sellTxId":"696a0c6935b6b009a85038823a0c8568961eac53"}
{"index": {"_index":"list","_id":"3788795"}}
	{"id":3788795,"type":"sell","buyer":"cookaiss","seller":"kaunglay2","symbol":"LIST","quantity":"50.47094622","price":"0.00560000","timestamp":1656358431,"volume":"0.28263730","buyTxId":"2e32e528642e30d999e3f6f1f0df4292667ff905","sellTxId":"696a0c6935b6b009a85038823a0c8568961eac53"}
{"index": {"_index":"list","_id":"3789489"}}
	{"id":3789489,"type":"buy","buyer":"nyxlabs","seller":"master-lamps","symbol":"LIST","quantity":"1.39096270","price":"0.00889859","timestamp":1656364062,"volume":"0.01237761","buyTxId":"e12991ba4204b6f7f82b0df659c0ee1eb86d14b0","sellTxId":"266a2776958f6c43c5b8db66ed7bec58a525324e"}
{"index": {"_index":"list","_id":"3789490"}}
	{"id":3789490,"type":"buy","buyer":"nyxlabs","seller":"onlydoge","symbol":"LIST","quantity":"234.56740147","price":"0.00889900","timestamp":1656364062,"volume":"2.08741531","buyTxId":"e12991ba4204b6f7f82b0df659c0ee1eb86d14b0","sellTxId":"cb16c9babfec7516f672b7c037f386a8c88c3b05"}
{"index": {"_index":"list","_id":"3789927"}}
	{"id":3789927,"type":"buy","buyer":"nyxlabs","seller":"onlydoge","symbol":"LIST","quantity":"1.39096270","price":"0.00889900","timestamp":1656369051,"volume":"0.01237818","buyTxId":"537af0bfdd13d8421a763d0f80e1a715066140f5","sellTxId":"cb16c9babfec7516f672b7c037f386a8c88c3b05"}
