{"index": {"_index":"list","_id":"2888081"}}
	{"id":2888081,"type":"sell","buyer":"sbi-tokens","seller":"finris","symbol":"LIST","quantity":"16.85510396","price":"0.00450000","timestamp":1646181126,"volume":"0.07584797","buyTxId":"aeb0b0f6ebaec83bfd1581265ab7499a71c6d7cd","sellTxId":"01f0ce9a55424bf66ddbf567271c2c77f1dc1ba2"}
{"index": {"_index":"list","_id":"2888515"}}
	{"id":2888515,"type":"sell","buyer":"sbi-tokens","seller":"johndieo","symbol":"LIST","quantity":"3.30439884","price":"0.00450000","timestamp":1646187177,"volume":"0.01486979","buyTxId":"aeb0b0f6ebaec83bfd1581265ab7499a71c6d7cd","sellTxId":"6541c301969a543ff0581a2af5190d692971cd79"}
{"index": {"_index":"list","_id":"2889183"}}
	{"id":2889183,"type":"sell","buyer":"sbi-tokens","seller":"adhammer","symbol":"LIST","quantity":"3.87757025","price":"0.00450000","timestamp":1646197278,"volume":"0.01744907","buyTxId":"aeb0b0f6ebaec83bfd1581265ab7499a71c6d7cd","sellTxId":"65524944f02b60d6250ace8b3c4c24d826bd0a80"}
{"index": {"_index":"list","_id":"2889376"}}
	{"id":2889376,"type":"sell","buyer":"sbi-tokens","seller":"tonytrillions","symbol":"LIST","quantity":"10.1557","price":"0.00450000","timestamp":1646199687,"volume":"0.04570065","buyTxId":"aeb0b0f6ebaec83bfd1581265ab7499a71c6d7cd","sellTxId":"2e818d346ae988449ce683eafa594c595f876cb5"}
{"index": {"_index":"list","_id":"2889377"}}
	{"id":2889377,"type":"sell","buyer":"nastyforce","seller":"tonytrillions","symbol":"LIST","quantity":"96.84818386","price":"0.00422000","timestamp":1646199726,"volume":"0.40869934","buyTxId":"8aad6499f39694ebcbd30acd0e08ed921256da6f","sellTxId":"e9e0d3a6614d2aa1877fb9360d593ded597b9345"}
{"index": {"_index":"list","_id":"2890075"}}
	{"id":2890075,"type":"sell","buyer":"nastyforce","seller":"mairapanelo","symbol":"LIST","quantity":"20.75785979","price":"0.00422000","timestamp":1646208126,"volume":"0.08759817","buyTxId":"8aad6499f39694ebcbd30acd0e08ed921256da6f","sellTxId":"2d006433f712e2c633d8958c0459c64ecfcae3c2"}
{"index": {"_index":"list","_id":"2890080"}}
	{"id":2890080,"type":"sell","buyer":"nastyforce","seller":"pablodare","symbol":"LIST","quantity":"8.17833206","price":"0.00422000","timestamp":1646208201,"volume":"0.03451256","buyTxId":"8aad6499f39694ebcbd30acd0e08ed921256da6f","sellTxId":"a41589a947f5b010c98df0bba8912792ebfca32a"}
{"index": {"_index":"list","_id":"2890180"}}
	{"id":2890180,"type":"sell","buyer":"nastyforce","seller":"synergie","symbol":"LIST","quantity":"0.63000000","price":"0.00422000","timestamp":1646209380,"volume":"0.00265860","buyTxId":"8aad6499f39694ebcbd30acd0e08ed921256da6f","sellTxId":"b8c3f965b4b6c5ccaac26e4af80e023338af893a"}
{"index": {"_index":"list","_id":"2891238"}}
	{"id":2891238,"type":"sell","buyer":"nastyforce","seller":"brofi-market","symbol":"LIST","quantity":"5.71466920","price":"0.00422000","timestamp":1646223294,"volume":"0.02411590","buyTxId":"8aad6499f39694ebcbd30acd0e08ed921256da6f","sellTxId":"fc645660d10a8a1d34ef1286b3fb5f7bafbf3fc5"}
{"index": {"_index":"list","_id":"2891370"}}
	{"id":2891370,"type":"sell","buyer":"nastyforce","seller":"dhedge-drips","symbol":"LIST","quantity":"0.53574982","price":"0.00422000","timestamp":1646225247,"volume":"0.00226086","buyTxId":"8aad6499f39694ebcbd30acd0e08ed921256da6f","sellTxId":"c683335cb4fd1feab05fc27f4792907184f5bfbc"}
{"index": {"_index":"list","_id":"2894407"}}
	{"id":2894407,"type":"sell","buyer":"nastyforce","seller":"tonytrillions","symbol":"LIST","quantity":"0.00072602","price":"0.00422000","timestamp":1646257605,"volume":"0.00000306","buyTxId":"8aad6499f39694ebcbd30acd0e08ed921256da6f","sellTxId":"7aa9739fcf6aba8301d9b0053ae91e885c627ddf"}
{"index": {"_index":"list","_id":"2894458"}}
	{"id":2894458,"type":"buy","buyer":"pompeylad","seller":"dhedge-drips","symbol":"LIST","quantity":"0.53574982","price":"0.00489000","timestamp":1646258412,"volume":"0.00261982","buyTxId":"4f991e501a68667f09dbb1d6b9d23d630cce63de","sellTxId":"925e83f854c9fff3d7df79996dd75eb3a598704e"}
{"index": {"_index":"list","_id":"2894459"}}
	{"id":2894459,"type":"buy","buyer":"pompeylad","seller":"richardcrill","symbol":"LIST","quantity":"86.06562398","price":"0.00489000","timestamp":1646258412,"volume":"0.42086090","buyTxId":"4f991e501a68667f09dbb1d6b9d23d630cce63de","sellTxId":"MM-P-15294360-62282108-3-8-0"}
{"index": {"_index":"list","_id":"2894477"}}
	{"id":2894477,"type":"buy","buyer":"pompeylad","seller":"brofi-market","symbol":"LIST","quantity":"5.71466920","price":"0.00499000","timestamp":1646258589,"volume":"0.02851620","buyTxId":"7ca98ec28e3c11ac91e8f839ca63d40c39c91d7e","sellTxId":"da49e8e15433b42c2abb03b9caba88770313559d"}
{"index": {"_index":"list","_id":"2894496"}}
	{"id":2894496,"type":"buy","buyer":"pompeylad","seller":"saachi.list","symbol":"LIST","quantity":"104.00000000","price":"0.00500000","timestamp":1646258844,"volume":"0.52000000","buyTxId":"6e82a75f863f5249a2bd0bcaca8b56ff472041c7","sellTxId":"337ca3ee58727b0437879c15b104db4563bf2291"}
{"index": {"_index":"list","_id":"2894625"}}
	{"id":2894625,"type":"buy","buyer":"jarr13","seller":"sbi-tokens","symbol":"LIST","quantity":"20.00000000","price":"0.00509000","timestamp":1646260455,"volume":"0.10180000","buyTxId":"66225a4ae4d73c731ba91a631e9a0bd515d221f5","sellTxId":"ed7ae4a5a4977115f7d481b34efec703d054fc02"}
{"index": {"_index":"list","_id":"2894670"}}
	{"id":2894670,"type":"sell","buyer":"nastyforce","seller":"alfarero","symbol":"LIST","quantity":"0.47795663","price":"0.00422000","timestamp":1646261094,"volume":"0.00201698","buyTxId":"8aad6499f39694ebcbd30acd0e08ed921256da6f","sellTxId":"6cdc4db0e0c7e6bd0ae779259ec734b796013250"}
