{"index": {"_index":"list","_id":"2625161"}}
	{"id":2625161,"type":"sell","buyer":"pi-trader","seller":"brofi-market","symbol":"LIST","quantity":"0.33728576","price":"0.00360111","timestamp":1642997532,"volume":"0.00121460","buyTxId":"19a0f6c9839526bf1df87678da013868140710ca-4","sellTxId":"6df050b5c4ca001ccb330d25649f98105b4ba0e4"}
{"index": {"_index":"list","_id":"2625839"}}
	{"id":2625839,"type":"sell","buyer":"pi-trader","seller":"tonytrillions","symbol":"LIST","quantity":"152.16125855","price":"0.00360111","timestamp":1643007423,"volume":"0.54794943","buyTxId":"671abcc987ed60ac74f31b7cc93985cef53b04d1-4","sellTxId":"6fd759e0929533efed8d8ff515051eb6b855efe5"}
{"index": {"_index":"list","_id":"2627493"}}
	{"id":2627493,"type":"sell","buyer":"pi-trader","seller":"dhedge-drips","symbol":"LIST","quantity":"0.03162116","price":"0.00360111","timestamp":1643028366,"volume":"0.00011387","buyTxId":"6dd4a81f3f5b1480b9f3dfcefcac7246a851e242-2","sellTxId":"04773184bf9303651a1119bca6433cd7a8e822a9"}
{"index": {"_index":"list","_id":"2628388"}}
	{"id":2628388,"type":"sell","buyer":"pi-trader","seller":"brofi-market","symbol":"LIST","quantity":"0.70373454","price":"0.00360111","timestamp":1643038467,"volume":"0.00253423","buyTxId":"1aa5e896a5685a926142b8152998d1adfa6cdf52-1","sellTxId":"df7347fcfa6aa12bfd78db83a13b01cc4f5439a1"}
{"index": {"_index":"list","_id":"2628549"}}
	{"id":2628549,"type":"sell","buyer":"pi-trader","seller":"pablodare","symbol":"LIST","quantity":"64.26116753","price":"0.00360111","timestamp":1643040477,"volume":"0.23141153","buyTxId":"dd6b320c812a7915290690598c99a9000a6e95a6-8","sellTxId":"dcc17d8367a2749fdf168ef2a0791c4758559833"}
{"index": {"_index":"list","_id":"2629068"}}
	{"id":2629068,"type":"sell","buyer":"pi-trader","seller":"charityball","symbol":"LIST","quantity":"70.00000000","price":"0.00360111","timestamp":1643044488,"volume":"0.25207770","buyTxId":"dd52a83fb6ae9176f4739702d359769b546ee122-7","sellTxId":"ff2065c0ab98f2624e5262bd26df0a9a7817f210"}
{"index": {"_index":"list","_id":"2629074"}}
	{"id":2629074,"type":"buy","buyer":"charityball","seller":"vaporent","symbol":"LIST","quantity":"0.00629090","price":"0.00470000","timestamp":1643044551,"volume":"0.00002957","buyTxId":"d10a2beb10484f12d34c8edafb8205a0d66e5b03","sellTxId":"060e433da03df83f185f57112a82382673788e77"}
{"index": {"_index":"list","_id":"2629075"}}
	{"id":2629075,"type":"buy","buyer":"charityball","seller":"churchoftheway","symbol":"LIST","quantity":"53.49370910","price":"0.00470000","timestamp":1643044551,"volume":"0.25142043","buyTxId":"d10a2beb10484f12d34c8edafb8205a0d66e5b03","sellTxId":"6c172e58c3782e1d0954619a22a3a43223b6440a"}
{"index": {"_index":"list","_id":"2629180"}}
	{"id":2629180,"type":"sell","buyer":"pi-trader","seller":"newsposter","symbol":"LIST","quantity":"1.22856691","price":"0.00360111","timestamp":1643045487,"volume":"0.00442420","buyTxId":"296bd02c58628fa4ef184d6ae4253e09185c4094-2","sellTxId":"ab9fdb1c99b3c0b1fe7fa3dab88962a720b7decf"}
{"index": {"_index":"list","_id":"2629796"}}
	{"id":2629796,"type":"sell","buyer":"pi-trader","seller":"dhedge-drips","symbol":"LIST","quantity":"0.06597511","price":"0.00360111","timestamp":1643049981,"volume":"0.00023758","buyTxId":"94cc90c22847ca39ab633fe8459184cab73b086d-2","sellTxId":"68fe1dad0f569aa5413fc2d8740fb9f5ed82b2e2"}
{"index": {"_index":"list","_id":"2630295"}}
	{"id":2630295,"type":"buy","buyer":"evernoticethat","seller":"churchoftheway","symbol":"LIST","quantity":"16.50629090","price":"0.00470000","timestamp":1643053953,"volume":"0.07757957","buyTxId":"00b10b145136d8e71ebb954a04bbc7a59cbb1fc0","sellTxId":"6c172e58c3782e1d0954619a22a3a43223b6440a"}
{"index": {"_index":"list","_id":"2630296"}}
	{"id":2630296,"type":"buy","buyer":"evernoticethat","seller":"brofi-market","symbol":"LIST","quantity":"1.12080592","price":"0.00470000","timestamp":1643053953,"volume":"0.00526779","buyTxId":"00b10b145136d8e71ebb954a04bbc7a59cbb1fc0","sellTxId":"47767d43d02439930ee22e4b10a5b44385a6d2c4"}
{"index": {"_index":"list","_id":"2630297"}}
	{"id":2630297,"type":"buy","buyer":"evernoticethat","seller":"dhedge-drips","symbol":"LIST","quantity":"0.46746480","price":"0.00470000","timestamp":1643053953,"volume":"0.00219708","buyTxId":"00b10b145136d8e71ebb954a04bbc7a59cbb1fc0","sellTxId":"7b2d260cd00f88dad44bf2ca225b3b5b85b3fe31"}
{"index": {"_index":"list","_id":"2630298"}}
	{"id":2630298,"type":"buy","buyer":"evernoticethat","seller":"brofi-market","symbol":"LIST","quantity":"4.98628383","price":"0.00470000","timestamp":1643053953,"volume":"0.02343553","buyTxId":"00b10b145136d8e71ebb954a04bbc7a59cbb1fc0","sellTxId":"5ca53ea74ab0758893083dc3be4bb36dd6506082"}
{"index": {"_index":"list","_id":"2630299"}}
	{"id":2630299,"type":"buy","buyer":"evernoticethat","seller":"brofi-market","symbol":"LIST","quantity":"0.33728576","price":"0.00470000","timestamp":1643053953,"volume":"0.00158524","buyTxId":"00b10b145136d8e71ebb954a04bbc7a59cbb1fc0","sellTxId":"fb913763b6966e18b4ae313a124bdf079d9f9f02"}
{"index": {"_index":"list","_id":"2630300"}}
	{"id":2630300,"type":"buy","buyer":"evernoticethat","seller":"dhedge-drips","symbol":"LIST","quantity":"0.03162116","price":"0.00470000","timestamp":1643053953,"volume":"0.00014862","buyTxId":"00b10b145136d8e71ebb954a04bbc7a59cbb1fc0","sellTxId":"f89a8a5440182cbca7ca0171836bf52a0f05b1c8"}
{"index": {"_index":"list","_id":"2630301"}}
	{"id":2630301,"type":"buy","buyer":"evernoticethat","seller":"brofi-market","symbol":"LIST","quantity":"0.70373454","price":"0.00470000","timestamp":1643053953,"volume":"0.00330755","buyTxId":"00b10b145136d8e71ebb954a04bbc7a59cbb1fc0","sellTxId":"5c211e272bcb7d5c708ba04b756ef7aad6d41f6f"}
{"index": {"_index":"list","_id":"2630302"}}
	{"id":2630302,"type":"buy","buyer":"evernoticethat","seller":"dhedge-drips","symbol":"LIST","quantity":"0.06597511","price":"0.00470000","timestamp":1643053953,"volume":"0.00031008","buyTxId":"00b10b145136d8e71ebb954a04bbc7a59cbb1fc0","sellTxId":"e53c66c1ed399c3216752fe7150baaeb155e3400"}
{"index": {"_index":"list","_id":"2630333"}}
	{"id":2630333,"type":"buy","buyer":"evernoticethat","seller":"phant.devteam","symbol":"LIST","quantity":"138.62807168","price":"0.00479000","timestamp":1643054076,"volume":"0.66402846","buyTxId":"2ea01439f473840eb3c0a350f14cdb4ab1f1a40e","sellTxId":"9a726b769c03cf2dfc448bd732f09fe563bd3100"}
{"index": {"_index":"list","_id":"2630334"}}
	{"id":2630334,"type":"buy","buyer":"evernoticethat","seller":"dadspardan","symbol":"LIST","quantity":"46.37192832","price":"0.00480000","timestamp":1643054076,"volume":"0.22258526","buyTxId":"2ea01439f473840eb3c0a350f14cdb4ab1f1a40e","sellTxId":"98ed1f0cbfc55eaca708fcea83145a8eeef591dc"}
{"index": {"_index":"list","_id":"2630535"}}
	{"id":2630535,"type":"sell","buyer":"pi-trader","seller":"brofi-market","symbol":"LIST","quantity":"5.57193087","price":"0.00360111","timestamp":1643055441,"volume":"0.02006514","buyTxId":"47db95eeb1f973e09949e6a63ccb477ceeaef270-3","sellTxId":"0db8777c8e744e26f41f7d86ae25451ddc9ee63b"}
{"index": {"_index":"list","_id":"2631222"}}
	{"id":2631222,"type":"sell","buyer":"pi-trader","seller":"dswap","symbol":"LIST","quantity":"3","price":"0.00360111","timestamp":1643063220,"volume":"0.01080333","buyTxId":"a2f2f6bd718fffffcd6d9ea05061206f2b099929-6","sellTxId":"094a3e8afaf2e5e940d98d446b768a6bf4ead265"}
{"index": {"_index":"list","_id":"2631330"}}
	{"id":2631330,"type":"sell","buyer":"pi-trader","seller":"dhedge-drips","symbol":"LIST","quantity":"0.52236853","price":"0.00360111","timestamp":1643064387,"volume":"0.00188111","buyTxId":"4ea2b470f51920723d12b603d09d03014725364e-2","sellTxId":"7a1bf8797ef9fad6ab8d59e723240b2c0b5f43af"}
