{"index": {"_index":"list","_id":"3850090"}}
	{"id":3850090,"type":"buy","buyer":"dswap","seller":"hivelist","symbol":"LIST","quantity":"1.38867000","price":"0.00900000","timestamp":1657079511,"volume":"0.01249803","buyTxId":"915c7a113527695fcdd36e9221a334c5198e4fdf","sellTxId":"7343a9c13426746eeb26a011a1697723fe50d8d4"}
{"index": {"_index":"list","_id":"3850805"}}
	{"id":3850805,"type":"sell","buyer":"onlydoge","seller":"anosys","symbol":"LIST","quantity":"0.07687567","price":"0.00531300","timestamp":1657092297,"volume":"0.00040844","buyTxId":"fe6c36e42543c9ab3e9e816a87c27a37df4599b4","sellTxId":"13646fb755207b7097811c0d4a1aac5b9be388dd"}
{"index": {"_index":"list","_id":"3850810"}}
	{"id":3850810,"type":"sell","buyer":"onlydoge","seller":"synergie","symbol":"LIST","quantity":"0.28931356","price":"0.00531300","timestamp":1657092378,"volume":"0.00153712","buyTxId":"fe6c36e42543c9ab3e9e816a87c27a37df4599b4","sellTxId":"d73dd2c3d66e8879cd973699dd4830667347d565"}
{"index": {"_index":"list","_id":"3851961"}}
	{"id":3851961,"type":"sell","buyer":"onlydoge","seller":"dswap","symbol":"LIST","quantity":"0.01423016","price":"0.00531300","timestamp":1657111062,"volume":"0.00007560","buyTxId":"fe6c36e42543c9ab3e9e816a87c27a37df4599b4","sellTxId":"1dc6c245f39d52b6486ac5d764d630f6684c8c3a"}
{"index": {"_index":"list","_id":"3852034"}}
	{"id":3852034,"type":"buy","buyer":"truth2","seller":"master-lamps","symbol":"LIST","quantity":"10.12440796","price":"0.00899999","timestamp":1657111860,"volume":"0.09111957","buyTxId":"a5068c043752d4566c260f1f0e9598483f57df87","sellTxId":"44082f0da3e28a7f50d97e81789692fefadd907f"}
{"index": {"_index":"list","_id":"3852035"}}
	{"id":3852035,"type":"buy","buyer":"truth2","seller":"saachi.list","symbol":"LIST","quantity":"17.65340072","price":"0.00899999","timestamp":1657111860,"volume":"0.15888043","buyTxId":"a5068c043752d4566c260f1f0e9598483f57df87","sellTxId":"d8a8651840dee6a34bdf89c37dcf27ed31e18d3c"}
{"index": {"_index":"list","_id":"3852443"}}
	{"id":3852443,"type":"sell","buyer":"master-lamps","seller":"frugal-fun","symbol":"LIST","quantity":"17.14998219","price":"0.00531310","timestamp":1657116762,"volume":"0.09111957","buyTxId":"ffa933bc13f6382b857fb58b5516c519c46634a2","sellTxId":"4af6b63fbbe097bb3ed3fcbec3828a6c6cbd918d"}
{"index": {"_index":"list","_id":"3852444"}}
	{"id":3852444,"type":"sell","buyer":"onlydoge","seller":"frugal-fun","symbol":"LIST","quantity":"1.09682658","price":"0.00531300","timestamp":1657116762,"volume":"0.00582744","buyTxId":"fe6c36e42543c9ab3e9e816a87c27a37df4599b4","sellTxId":"4af6b63fbbe097bb3ed3fcbec3828a6c6cbd918d"}
{"index": {"_index":"list","_id":"3852858"}}
	{"id":3852858,"type":"sell","buyer":"gestion.alive","seller":"pjansen","symbol":"LIST","quantity":"4.50048811","price":"0.00899998","timestamp":1657122624,"volume":"0.04050430","buyTxId":"e0c45832bd046196230e8bc13d9f161dd786eb0a","sellTxId":"9f413db8356a5605628fa3b6fe99926f871380db-1"}
{"index": {"_index":"list","_id":"3852859"}}
	{"id":3852859,"type":"sell","buyer":"gestion.alive","seller":"pjansen","symbol":"LIST","quantity":"1.10766701","price":"0.00899998","timestamp":1657122636,"volume":"0.00996898","buyTxId":"e0c45832bd046196230e8bc13d9f161dd786eb0a","sellTxId":"441f222a1765d869aef05bbae9ba14ef176c3217"}
{"index": {"_index":"list","_id":"3852860"}}
	{"id":3852860,"type":"sell","buyer":"onlydoge","seller":"pjansen","symbol":"LIST","quantity":"0.00644040","price":"0.00531300","timestamp":1657122636,"volume":"0.00003422","buyTxId":"fe6c36e42543c9ab3e9e816a87c27a37df4599b4","sellTxId":"441f222a1765d869aef05bbae9ba14ef176c3217"}
{"index": {"_index":"list","_id":"3854907"}}
	{"id":3854907,"type":"sell","buyer":"onlydoge","seller":"isiksenpalvoja","symbol":"LIST","quantity":"0.03100000","price":"0.00531300","timestamp":1657145040,"volume":"0.00016470","buyTxId":"fe6c36e42543c9ab3e9e816a87c27a37df4599b4","sellTxId":"539d83c11ba8b14bdd1e4395e92ce488b2bc8ddd"}
{"index": {"_index":"list","_id":"3855046"}}
	{"id":3855046,"type":"buy","buyer":"truth2","seller":"master-lamps","symbol":"LIST","quantity":"19.00594091","price":"0.00899998","timestamp":1657146705,"volume":"0.17105309","buyTxId":"df770c36b1e565745a766dfc60084745c129b879","sellTxId":"2190a164a66557e773247512613169086a557ccd"}
{"index": {"_index":"list","_id":"3855047"}}
	{"id":3855047,"type":"buy","buyer":"truth2","seller":"saachi.list","symbol":"LIST","quantity":"36.54969727","price":"0.00899999","timestamp":1657146705,"volume":"0.32894691","buyTxId":"df770c36b1e565745a766dfc60084745c129b879","sellTxId":"d8a8651840dee6a34bdf89c37dcf27ed31e18d3c"}
{"index": {"_index":"list","_id":"3855356"}}
	{"id":3855356,"type":"sell","buyer":"onlydoge","seller":"lolz.devs","symbol":"LIST","quantity":"48.07563106","price":"0.00531300","timestamp":1657150515,"volume":"0.25542583","buyTxId":"fe6c36e42543c9ab3e9e816a87c27a37df4599b4","sellTxId":"59645cd7283ed0c7dd3be18303acce9d217edbdc"}
