{"index": {"_index":"list","_id":"1510263"}}
	{"id":1510263,"type":"sell","buyer":"thelogicaldude","seller":"charityball","symbol":"LIST","quantity":"7.60050000","price":"0.01400000","timestamp":1631315814,"volume":"0.10640700","buyTxId":"MM-P-10291783-57275780-3-0-0","sellTxId":"89c56ccd4616b583ff9fbf3fb211a50b50fcbb02"}
{"index": {"_index":"list","_id":"1510395"}}
	{"id":1510395,"type":"buy","buyer":"rb3coins","seller":"brofi-market","symbol":"LIST","quantity":"0.23760190","price":"0.01430000","timestamp":1631318472,"volume":"0.00339771","buyTxId":"40e86ff6a99857625844fc7f25e024733015db56","sellTxId":"52e756a54c85cee3b05d0c82e0b4cc1d624e3dfa"}
{"index": {"_index":"list","_id":"1510396"}}
	{"id":1510396,"type":"buy","buyer":"rb3coins","seller":"dhedge-drips","symbol":"LIST","quantity":"0.02227517","price":"0.01430000","timestamp":1631318472,"volume":"0.00031853","buyTxId":"40e86ff6a99857625844fc7f25e024733015db56","sellTxId":"b89c60120fe20f7c987b2741bfb4db96c52da570"}
{"index": {"_index":"list","_id":"1510397"}}
	{"id":1510397,"type":"buy","buyer":"rb3coins","seller":"brofi-market","symbol":"LIST","quantity":"0.38024972","price":"0.01430000","timestamp":1631318472,"volume":"0.00543757","buyTxId":"40e86ff6a99857625844fc7f25e024733015db56","sellTxId":"9e23c0f8811f30f8e224d0803d5e699acc75b885"}
{"index": {"_index":"list","_id":"1510398"}}
	{"id":1510398,"type":"buy","buyer":"rb3coins","seller":"brofi-market","symbol":"LIST","quantity":"0.85987321","price":"0.01440000","timestamp":1631318472,"volume":"0.01238217","buyTxId":"40e86ff6a99857625844fc7f25e024733015db56","sellTxId":"92cf499884d6574f3941420845563ecfc219a878"}
{"index": {"_index":"list","_id":"1510400"}}
	{"id":1510400,"type":"buy","buyer":"rb3coins","seller":"brofi-market","symbol":"LIST","quantity":"0.32056224","price":"0.01440000","timestamp":1631318538,"volume":"0.00461610","buyTxId":"ea3b202c5b9d79aea4d8a9c402972603f171aa67","sellTxId":"92cf499884d6574f3941420845563ecfc219a878"}
{"index": {"_index":"list","_id":"1510401"}}
	{"id":1510401,"type":"buy","buyer":"rb3coins","seller":"dhedge-drips","symbol":"LIST","quantity":"0.11066581","price":"0.01440000","timestamp":1631318538,"volume":"0.00159359","buyTxId":"ea3b202c5b9d79aea4d8a9c402972603f171aa67","sellTxId":"b36e6ea18b08f264f008a249400ae68ae2bc7ae8"}
{"index": {"_index":"list","_id":"1510402"}}
	{"id":1510402,"type":"buy","buyer":"rb3coins","seller":"chubb149","symbol":"LIST","quantity":"34.56877195","price":"0.01450000","timestamp":1631318538,"volume":"0.50124719","buyTxId":"ea3b202c5b9d79aea4d8a9c402972603f171aa67","sellTxId":"abdb84e2f1e5be81a33b8b002189a19abfb3b6b0"}
{"index": {"_index":"list","_id":"1511008"}}
	{"id":1511008,"type":"sell","buyer":"thelogicaldude","seller":"uyobong","symbol":"LIST","quantity":"63.66003597","price":"0.01400000","timestamp":1631331111,"volume":"0.89124050","buyTxId":"MM-P-10291783-57275780-3-0-0","sellTxId":"ef2a0315c97c9735ee505f41b76ed4c5a7709134"}
{"index": {"_index":"list","_id":"1511023"}}
	{"id":1511023,"type":"buy","buyer":"thelogicaldude","seller":"uyobong","symbol":"LIST","quantity":"49.43671962","price":"0.01400000","timestamp":1631331456,"volume":"0.69211407","buyTxId":"MM-P-10335401-57319471-3-0-0","sellTxId":"ef2a0315c97c9735ee505f41b76ed4c5a7709134"}
{"index": {"_index":"list","_id":"1511035"}}
	{"id":1511035,"type":"sell","buyer":"thelogicaldude","seller":"writeandearn","symbol":"LIST","quantity":"464.00000000","price":"0.01400000","timestamp":1631331747,"volume":"6.49600000","buyTxId":"MM-P-10335401-57319471-3-0-0","sellTxId":"c0ad95271e603f35e4aff7b1106151fb9cf0a9a4"}
{"index": {"_index":"list","_id":"1511591"}}
	{"id":1511591,"type":"sell","buyer":"thelogicaldude","seller":"pablodare","symbol":"LIST","quantity":"5.96804425","price":"0.01400000","timestamp":1631343576,"volume":"0.08355262","buyTxId":"MM-P-10335401-57319471-3-0-0","sellTxId":"fae5f6bbce841e63b040c1f2718a459250d1a54a"}
{"index": {"_index":"list","_id":"1511597"}}
	{"id":1511597,"type":"sell","buyer":"thelogicaldude","seller":"lebah","symbol":"LIST","quantity":"30.00000000","price":"0.01400000","timestamp":1631343699,"volume":"0.42000000","buyTxId":"MM-P-10335401-57319471-3-0-0","sellTxId":"eceaeb22bac1ffd08e4609e6e06d81bbb28c0f37"}
{"index": {"_index":"list","_id":"1511996"}}
	{"id":1511996,"type":"sell","buyer":"thelogicaldude","seller":"hive-143869","symbol":"LIST","quantity":"0.16800000","price":"0.01400000","timestamp":1631350803,"volume":"0.00235200","buyTxId":"MM-P-10335401-57319471-3-0-0","sellTxId":"4e662003ea7f854cf36e34dc29f63cc6dd3f1e24"}
{"index": {"_index":"list","_id":"1512118"}}
	{"id":1512118,"type":"sell","buyer":"thelogicaldude","seller":"aiovo","symbol":"LIST","quantity":"21.00000000","price":"0.01400000","timestamp":1631353785,"volume":"0.29400000","buyTxId":"MM-P-10335401-57319471-3-0-0","sellTxId":"ea45bcac62205f2cc5a729a758075c77097be339"}
{"index": {"_index":"list","_id":"1512333"}}
	{"id":1512333,"type":"sell","buyer":"thelogicaldude","seller":"joemark","symbol":"LIST","quantity":"143.71295042","price":"0.01400000","timestamp":1631358078,"volume":"2.01198131","buyTxId":"MM-P-10335401-57319471-3-0-0","sellTxId":"41b887ae6d694467734dbee0183a250c4df7644d"}
{"index": {"_index":"list","_id":"1512336"}}
	{"id":1512336,"type":"sell","buyer":"hivelist","seller":"joemark","symbol":"LIST","quantity":"110.00000000","price":"0.01390000","timestamp":1631358135,"volume":"1.52900000","buyTxId":"cd89348ef87be99886ead165d9fd6dbc65574c1c","sellTxId":"0c1039418706c9e54866a434ad28fe5f3d7d56df"}
{"index": {"_index":"list","_id":"1512338"}}
	{"id":1512338,"type":"sell","buyer":"hivelist","seller":"joemark","symbol":"LIST","quantity":"210.00000000","price":"0.01375000","timestamp":1631358165,"volume":"2.88750000","buyTxId":"a4c1931febaf5fd68ca995f72068e96c9dd54bf9","sellTxId":"9efe56819d62198f408b5a79ac73ae671917cdf9"}
{"index": {"_index":"list","_id":"1512351"}}
	{"id":1512351,"type":"sell","buyer":"thelogicaldude","seller":"tonytrillions","symbol":"LIST","quantity":"0.00024599","price":"0.00510000","timestamp":1631358483,"volume":"0.00000125","buyTxId":"MM-P-10344258-57328344-3-0-0","sellTxId":"d7a472620db682b1274f03a74c7b3cbc4a681cf4"}
{"index": {"_index":"list","_id":"1512504"}}
	{"id":1512504,"type":"sell","buyer":"thelogicaldude","seller":"brofi-market","symbol":"LIST","quantity":"0.16830043","price":"0.00510000","timestamp":1631362362,"volume":"0.00085833","buyTxId":"MM-P-10344258-57328344-3-0-0","sellTxId":"be198e884d1d122907ebe7db402ef471b55b427c"}
{"index": {"_index":"list","_id":"1512614"}}
	{"id":1512614,"type":"sell","buyer":"thelogicaldude","seller":"dhedge-drips","symbol":"LIST","quantity":"0.01577815","price":"0.00510000","timestamp":1631364405,"volume":"0.00008047","buyTxId":"MM-P-10344258-57328344-3-0-0","sellTxId":"619249f838d5512780340104c4c226fb0abbfeb4"}
{"index": {"_index":"list","_id":"1512727"}}
	{"id":1512727,"type":"buy","buyer":"hivelist","seller":"brofi-market","symbol":"LIST","quantity":"0.16830043","price":"0.01440000","timestamp":1631365887,"volume":"0.00242353","buyTxId":"9f6afaeccc7f51a2606ce070926d53885fc0a666","sellTxId":"057749cf04a721b1c635adc44c9ef41be5c0b267"}
{"index": {"_index":"list","_id":"1512728"}}
	{"id":1512728,"type":"buy","buyer":"hivelist","seller":"dhedge-drips","symbol":"LIST","quantity":"0.01577815","price":"0.01440000","timestamp":1631365887,"volume":"0.00022721","buyTxId":"9f6afaeccc7f51a2606ce070926d53885fc0a666","sellTxId":"e4f1c137a7afb939962b964f6b4d127ce2e47634"}
{"index": {"_index":"list","_id":"1512729"}}
	{"id":1512729,"type":"buy","buyer":"hivelist","seller":"chubb149","symbol":"LIST","quantity":"68.78270758","price":"0.01450000","timestamp":1631365887,"volume":"0.99734926","buyTxId":"9f6afaeccc7f51a2606ce070926d53885fc0a666","sellTxId":"abdb84e2f1e5be81a33b8b002189a19abfb3b6b0"}
{"index": {"_index":"list","_id":"1513058"}}
	{"id":1513058,"type":"sell","buyer":"hivelist","seller":"rishi556","symbol":"LIST","quantity":"0.00001901","price":"0.01120000","timestamp":1631372880,"volume":"0.00000021","buyTxId":"af5a96466e37ffdf513f4a47d9f610e5f63a9c61","sellTxId":"c0bf684d5da6dcfc794f89b9d6a411df273ac94c-2"}
{"index": {"_index":"list","_id":"1513075"}}
	{"id":1513075,"type":"sell","buyer":"hivelist","seller":"chekohler","symbol":"LIST","quantity":"0.00400433","price":"0.01120000","timestamp":1631373144,"volume":"0.00004485","buyTxId":"af5a96466e37ffdf513f4a47d9f610e5f63a9c61","sellTxId":"7858c41d5a9739874ea6762db6d55f65a3537735"}
{"index": {"_index":"list","_id":"1514168"}}
	{"id":1514168,"type":"sell","buyer":"hivelist","seller":"joemark","symbol":"LIST","quantity":"19.99597666","price":"0.01120000","timestamp":1631390166,"volume":"0.22395494","buyTxId":"af5a96466e37ffdf513f4a47d9f610e5f63a9c61","sellTxId":"0aca21f3746742776e3d9c5d3d0fe32ac047ff21"}
{"index": {"_index":"list","_id":"1514169"}}
	{"id":1514169,"type":"sell","buyer":"hivelist","seller":"joemark","symbol":"LIST","quantity":"180.00402334","price":"0.01110000","timestamp":1631390166,"volume":"1.99804466","buyTxId":"8498adf882210f6088d8f19a3a97afb1a72881f5","sellTxId":"0aca21f3746742776e3d9c5d3d0fe32ac047ff21"}
{"index": {"_index":"list","_id":"1514176"}}
	{"id":1514176,"type":"sell","buyer":"hivelist","seller":"joemark","symbol":"LIST","quantity":"19.99597666","price":"0.01110000","timestamp":1631390277,"volume":"0.22195534","buyTxId":"8498adf882210f6088d8f19a3a97afb1a72881f5","sellTxId":"ab56d0a94cfc50787b89a0b4c44c6118811eaf32"}
{"index": {"_index":"list","_id":"1514177"}}
	{"id":1514177,"type":"sell","buyer":"hivelist","seller":"joemark","symbol":"LIST","quantity":"200.00000000","price":"0.01100000","timestamp":1631390277,"volume":"2.20000000","buyTxId":"3f7a76a3ed8e525048611dc438dcd88ba59b5c1c","sellTxId":"ab56d0a94cfc50787b89a0b4c44c6118811eaf32"}
{"index": {"_index":"list","_id":"1514178"}}
	{"id":1514178,"type":"sell","buyer":"thelogicaldude","seller":"joemark","symbol":"LIST","quantity":"197.55967665","price":"0.01010000","timestamp":1631390277,"volume":"1.99535273","buyTxId":"MM-P-10354930-57339018-3-0-0","sellTxId":"ab56d0a94cfc50787b89a0b4c44c6118811eaf32"}
{"index": {"_index":"list","_id":"1514222"}}
	{"id":1514222,"type":"sell","buyer":"thelogicaldude","seller":"droida","symbol":"LIST","quantity":"11.03459870","price":"0.01010000","timestamp":1631390763,"volume":"0.11144945","buyTxId":"MM-P-10354930-57339018-3-0-0","sellTxId":"121df3315a0a3a6ce772e3110f39433db3d9ffae"}
{"index": {"_index":"list","_id":"1514422"}}
	{"id":1514422,"type":"sell","buyer":"thelogicaldude","seller":"quicktrades","symbol":"LIST","quantity":"0.00133308","price":"0.01010000","timestamp":1631393613,"volume":"0.00001346","buyTxId":"MM-P-10354930-57339018-3-0-0","sellTxId":"24251e74633580abbb389789d7a3e8e96a85d7c3"}
{"index": {"_index":"list","_id":"1514588"}}
	{"id":1514588,"type":"sell","buyer":"thelogicaldude","seller":"ackza","symbol":"LIST","quantity":"13.30297828","price":"0.01010000","timestamp":1631397111,"volume":"0.13436008","buyTxId":"MM-P-10354930-57339018-3-0-0","sellTxId":"6bfab5d06b928866b7c61bec9dd3c681517911c5"}
{"index": {"_index":"list","_id":"1514690"}}
	{"id":1514690,"type":"sell","buyer":"thelogicaldude","seller":"hive-id","symbol":"LIST","quantity":"32.00000000","price":"0.01010000","timestamp":1631399901,"volume":"0.32320000","buyTxId":"MM-P-10354930-57339018-3-0-0","sellTxId":"d1cdeec1a6f14371d17207aebcca3475d8169376"}
