{"index": {"_index":"list","_id":"2574165"}}
	{"id":2574165,"type":"sell","buyer":"pi-trader","seller":"mba2020","symbol":"LIST","quantity":"14.36591799","price":"0.00360001","timestamp":1642471017,"volume":"0.05171745","buyTxId":"58717e019dc3c022a2ff69960eaccd3a86d4d961-7","sellTxId":"9bb0c3e2bb298a1cac2674194069cebd9a6f07b2"}
{"index": {"_index":"list","_id":"2575566"}}
	{"id":2575566,"type":"buy","buyer":"operahoser","seller":"master-lamps","symbol":"LIST","quantity":"30.62943212","price":"0.00459994","timestamp":1642481496,"volume":"0.14089355","buyTxId":"1b3e764a99ecb52a432b45d4360aa3bbb5a4a2c2","sellTxId":"17315911e1ef1337097942a49355009ef4f802b7"}
{"index": {"_index":"list","_id":"2576439"}}
	{"id":2576439,"type":"sell","buyer":"pi-trader","seller":"dhedge-drips","symbol":"LIST","quantity":"0.07485680","price":"0.00360001","timestamp":1642488378,"volume":"0.00026949","buyTxId":"f933045dfac0cfcd9a5d7e506d957d5f10070c6f-6","sellTxId":"15ea5cb5b1e2e69cd38906caa3ef63590b1632a7"}
{"index": {"_index":"list","_id":"2576835"}}
	{"id":2576835,"type":"sell","buyer":"pi-trader","seller":"tonytrillions","symbol":"LIST","quantity":"75.59869621","price":"0.00360001","timestamp":1642492425,"volume":"0.27215606","buyTxId":"c421e20b2a4156080450ac7a4ab981cec461403c-3","sellTxId":"06e8150140995261b1a951bd23dbf77ba1801220"}
{"index": {"_index":"list","_id":"2576943"}}
	{"id":2576943,"type":"sell","buyer":"pi-trader","seller":"brofi-market","symbol":"LIST","quantity":"3.13469533","price":"0.00360001","timestamp":1642493532,"volume":"0.01128493","buyTxId":"5e6db06374d9d519b2968a35b29a0cd48f6b7e56-2","sellTxId":"578289f59e1fca1246d153022e25737038af38da"}
{"index": {"_index":"list","_id":"2577008"}}
	{"id":2577008,"type":"sell","buyer":"pi-trader","seller":"pablodare","symbol":"LIST","quantity":"3.41324458","price":"0.00360001","timestamp":1642494168,"volume":"0.01228771","buyTxId":"c000cdf8929d52b6ed2887c963c919ea0e82b0df-2","sellTxId":"a0972bf357e9a04ebd69548c57bce0c2703d9db2"}
{"index": {"_index":"list","_id":"2578146"}}
	{"id":2578146,"type":"sell","buyer":"pi-trader","seller":"tonytrillions","symbol":"LIST","quantity":"0.00872836","price":"0.00360001","timestamp":1642503438,"volume":"0.00003142","buyTxId":"72f4175a1f80311f435c60404b12a2738a106b13-4","sellTxId":"3d26daca03ea58b7a60c515e03f8de9cd3c13021"}
{"index": {"_index":"list","_id":"2579013"}}
	{"id":2579013,"type":"sell","buyer":"pi-trader","seller":"dhedge-drips","symbol":"LIST","quantity":"0.29387770","price":"0.00360001","timestamp":1642509990,"volume":"0.00105796","buyTxId":"0ba6758520d89e7b82498b8c3f64032694cf0f88-9","sellTxId":"cb209e5e7284eab34b6efc7ffad2bacae6a0b0ed"}
{"index": {"_index":"list","_id":"2580412"}}
	{"id":2580412,"type":"sell","buyer":"pi-trader","seller":"skgcrypto","symbol":"LIST","quantity":"0.00004784","price":"0.00360001","timestamp":1642520658,"volume":"0.00000017","buyTxId":"d700d5c6d4759f40c59d518b006736fe3327dd28-4","sellTxId":"09b59b4e0fd2b4b3686110b287520b3f932b736b"}
{"index": {"_index":"list","_id":"2581680"}}
	{"id":2581680,"type":"sell","buyer":"pi-trader","seller":"charityball","symbol":"LIST","quantity":"19.94944425","price":"0.00360001","timestamp":1642529370,"volume":"0.07181820","buyTxId":"77b58b11047e23b2f1bb6674db8763b8252df400-2","sellTxId":"bd310835d352f2a6ca1dc3cb02da702450f15798"}
{"index": {"_index":"list","_id":"2583524"}}
	{"id":2583524,"type":"sell","buyer":"pi-trader","seller":"lisamgentile1961","symbol":"LIST","quantity":"0.08933354","price":"0.00360001","timestamp":1642543392,"volume":"0.00032160","buyTxId":"1ed473e541595e6e99e29dab7481339b93edb901-4","sellTxId":"95aaf4b995c1af999d1949f52d5c6fb345953b73"}
{"index": {"_index":"list","_id":"2584145"}}
	{"id":2584145,"type":"sell","buyer":"pi-trader","seller":"brofi-market","symbol":"LIST","quantity":"0.83561066","price":"0.00360001","timestamp":1642551282,"volume":"0.00300821","buyTxId":"aa7eb24ac9c6a4a0e1e7f1a5f5ef795921f46093-1","sellTxId":"8f6735af303aebb727ba4558fb1fffb276d73743"}
{"index": {"_index":"list","_id":"2584353"}}
	{"id":2584353,"type":"sell","buyer":"pi-trader","seller":"dhedge-drips","symbol":"LIST","quantity":"0.01137612","price":"0.00360001","timestamp":1642553184,"volume":"0.00004095","buyTxId":"d1892ef08cae7ffdcfbf3a73ab2587c739f80acf-4","sellTxId":"0b36e814e6599edca82cb5c741dd9518ff11f318"}
