{"index": {"_index":"list","_id":"3262366"}}
	{"id":3262366,"type":"sell","buyer":"yintercept","seller":"eldecor","symbol":"LIST","quantity":"8.69994900","price":"0.00255000","timestamp":1650709839,"volume":"0.02218487","buyTxId":"aa1c391c90fccde2aafbe9e9ed811c7be9bc2676","sellTxId":"5c884df05c7b10dbedbacf1bfec18415ab8b11a3"}
{"index": {"_index":"list","_id":"3262369"}}
	{"id":3262369,"type":"buy","buyer":"frawdielp","seller":"eldecor","symbol":"LIST","quantity":"114.72247429","price":"0.00252676","timestamp":1650709878,"volume":"0.28987616","buyTxId":"171d70c903d64e3b905eda32a228a945c36349fc","sellTxId":"5c884df05c7b10dbedbacf1bfec18415ab8b11a3"}
{"index": {"_index":"list","_id":"3262810"}}
	{"id":3262810,"type":"sell","buyer":"dwarflordnoj","seller":"alfarero","symbol":"LIST","quantity":"2.76011900","price":"0.00252500","timestamp":1650716442,"volume":"0.00696930","buyTxId":"9df367390a2c67105f80e1042e15596e1ce5ea8f","sellTxId":"e861d3f70ecebe991ad6211feb7a44075c8421db"}
{"index": {"_index":"list","_id":"3263070"}}
	{"id":3263070,"type":"buy","buyer":"thegoliath","seller":"richardcrill","symbol":"LIST","quantity":"47.59147358","price":"0.00460000","timestamp":1650719721,"volume":"0.21892078","buyTxId":"1d2f35d7882ee90d117a34a6dcbc0698b2b1e2f1","sellTxId":"MM-P-16768368-63757851-3-6-0"}
{"index": {"_index":"list","_id":"3263071"}}
	{"id":3263071,"type":"buy","buyer":"thegoliath","seller":"franciscopr","symbol":"LIST","quantity":"32.40852642","price":"0.00470000","timestamp":1650719721,"volume":"0.15232007","buyTxId":"1d2f35d7882ee90d117a34a6dcbc0698b2b1e2f1","sellTxId":"aaa0f5f6360416d3610715fadefb8c1b63bbfdec"}
{"index": {"_index":"list","_id":"3263076"}}
	{"id":3263076,"type":"buy","buyer":"thegoliath","seller":"franciscopr","symbol":"LIST","quantity":"0.75097807","price":"0.00470000","timestamp":1650719745,"volume":"0.00352960","buyTxId":"5f2cc64780e9be6b7f74489723f96ee6a9d020a2","sellTxId":"aaa0f5f6360416d3610715fadefb8c1b63bbfdec"}
{"index": {"_index":"list","_id":"3263077"}}
	{"id":3263077,"type":"buy","buyer":"thegoliath","seller":"franciscopr","symbol":"LIST","quantity":"25.47573266","price":"0.00475000","timestamp":1650719745,"volume":"0.12100973","buyTxId":"5f2cc64780e9be6b7f74489723f96ee6a9d020a2","sellTxId":"5bc4b780ec165683e17a26e291bf1c54b0b64dd0"}
{"index": {"_index":"list","_id":"3263096"}}
	{"id":3263096,"type":"sell","buyer":"thegoliath","seller":"frawdielp","symbol":"LIST","quantity":"73.77328927","price":"0.00479998","timestamp":1650719811,"volume":"0.35411031","buyTxId":"5f2cc64780e9be6b7f74489723f96ee6a9d020a2","sellTxId":"2e374334db9ec150c06737db203429a43d864db4"}
{"index": {"_index":"list","_id":"3263908"}}
	{"id":3263908,"type":"sell","buyer":"alfarero","seller":"onealfa.vyb","symbol":"LIST","quantity":"6.63147667","price":"0.00252800","timestamp":1650727536,"volume":"0.01676437","buyTxId":"8caf4292c12b209fcab8be3fa915c1a3757864ac","sellTxId":"e704de6b47589303459b25697211e6704d1a7ac9"}
{"index": {"_index":"list","_id":"3264145"}}
	{"id":3264145,"type":"sell","buyer":"alfarero","seller":"metzli","symbol":"LIST","quantity":"123.36852333","price":"0.00252800","timestamp":1650729996,"volume":"0.31187563","buyTxId":"8caf4292c12b209fcab8be3fa915c1a3757864ac","sellTxId":"662ebfff19a404587e15198ecd985c00843d2580"}
{"index": {"_index":"list","_id":"3264146"}}
	{"id":3264146,"type":"buy","buyer":"frawdielp","seller":"metzli","symbol":"LIST","quantity":"27.47645231","price":"0.00252745","timestamp":1650730029,"volume":"0.06944536","buyTxId":"35d96048cac79a1177ac7a7ad949979c1ff6eb39","sellTxId":"662ebfff19a404587e15198ecd985c00843d2580"}
{"index": {"_index":"list","_id":"3264923"}}
	{"id":3264923,"type":"sell","buyer":"alfarero","seller":"gestion.alive","symbol":"LIST","quantity":"30.00000000","price":"0.00252800","timestamp":1650736668,"volume":"0.07584000","buyTxId":"db066e70dfd3b94555d2f2d882bf14656c5c989f","sellTxId":"883a4e7ed726f20244d3b34914ab2e18d8860961"}
{"index": {"_index":"list","_id":"3264979"}}
	{"id":3264979,"type":"sell","buyer":"alfarero","seller":"florenceboens","symbol":"LIST","quantity":"1.03563999","price":"0.00252800","timestamp":1650737538,"volume":"0.00261810","buyTxId":"db066e70dfd3b94555d2f2d882bf14656c5c989f","sellTxId":"e2aea7c5da415e0432bcc4878252875daa67cd51"}
{"index": {"_index":"list","_id":"3267259"}}
	{"id":3267259,"type":"sell","buyer":"alfarero","seller":"invest-time","symbol":"LIST","quantity":"7.04369812","price":"0.00252800","timestamp":1650763515,"volume":"0.01780647","buyTxId":"db066e70dfd3b94555d2f2d882bf14656c5c989f","sellTxId":"609aef627eb217642ef627f69b1df2332386ee67"}
