{"index": {"_index":"list","_id":"4101620"}}
	{"id":4101620,"type":"buy","buyer":"hankanon","seller":"kaunglay2","symbol":"LIST","quantity":"14.94264810","price":"0.00449000","timestamp":1660089126,"volume":"0.06709249","buyTxId":"680c985632384110e960e056da600e8e974e5ea1","sellTxId":"393f8f8a9d275382e4f620ebe1fdee88240acf6d"}
{"index": {"_index":"list","_id":"4101649"}}
	{"id":4101649,"type":"sell","buyer":"yintercept","seller":"lolz.devs","symbol":"LIST","quantity":"5.08549978","price":"0.00245000","timestamp":1660089357,"volume":"0.01245947","buyTxId":"e67039ed07c8140c55503775d2a2e4a5d0beecab","sellTxId":"f4f484e0c0a2b4d554a8549b91226ab74e244ba2"}
{"index": {"_index":"list","_id":"4102810"}}
	{"id":4102810,"type":"buy","buyer":"hankanon","seller":"kaunglay2","symbol":"LIST","quantity":"4.23162583","price":"0.00449000","timestamp":1660105863,"volume":"0.019","buyTxId":"3792b7d88a139ebb72dd7c46d24ec18b950b60b5","sellTxId":"393f8f8a9d275382e4f620ebe1fdee88240acf6d"}
{"index": {"_index":"list","_id":"4103296"}}
	{"id":4103296,"type":"sell","buyer":"yintercept","seller":"solaiman","symbol":"LIST","quantity":"9.52076623","price":"0.00245000","timestamp":1660113030,"volume":"0.02332588","buyTxId":"e67039ed07c8140c55503775d2a2e4a5d0beecab","sellTxId":"b6b4d0b3e684228841d5c814a6114c7a90deb80d"}
{"index": {"_index":"list","_id":"4105031"}}
	{"id":4105031,"type":"buy","buyer":"hankanon","seller":"jsynnthagr8","symbol":"LIST","quantity":"1.04727005","price":"0.00448000","timestamp":1660136589,"volume":"0.00469177","buyTxId":"6c212862c4efdc878fef392c53407452b6ab27eb","sellTxId":"d2c14a7cafca2398ede0980ff0e5598e83109a04"}
{"index": {"_index":"list","_id":"4105032"}}
	{"id":4105032,"type":"buy","buyer":"hankanon","seller":"master-lamps","symbol":"LIST","quantity":"12.29447334","price":"0.00448900","timestamp":1660136589,"volume":"0.05518989","buyTxId":"6c212862c4efdc878fef392c53407452b6ab27eb","sellTxId":"0a101602a24e152883ddaf0a65c9b8c0b2c46a28"}
{"index": {"_index":"list","_id":"4105033"}}
	{"id":4105033,"type":"buy","buyer":"hankanon","seller":"kaunglay2","symbol":"LIST","quantity":"12.99012607","price":"0.00449000","timestamp":1660136589,"volume":"0.05832567","buyTxId":"6c212862c4efdc878fef392c53407452b6ab27eb","sellTxId":"393f8f8a9d275382e4f620ebe1fdee88240acf6d"}
{"index": {"_index":"list","_id":"4105034"}}
	{"id":4105034,"type":"buy","buyer":"hankanon","seller":"yintercept","symbol":"LIST","quantity":"1.42077060","price":"0.00449000","timestamp":1660136589,"volume":"0.00637926","buyTxId":"6c212862c4efdc878fef392c53407452b6ab27eb","sellTxId":"bc8e8906ad4cfa6ba5784516a7b3d62980bb5564"}
{"index": {"_index":"list","_id":"4105087"}}
	{"id":4105087,"type":"buy","buyer":"hankanon","seller":"yintercept","symbol":"LIST","quantity":"2.96310244","price":"0.00449000","timestamp":1660137012,"volume":"0.01330433","buyTxId":"883676d8b344a39e94eed7ffd04d929439af3d6e","sellTxId":"bc8e8906ad4cfa6ba5784516a7b3d62980bb5564"}
{"index": {"_index":"list","_id":"4105302"}}
	{"id":4105302,"type":"buy","buyer":"god0","seller":"assassyn","symbol":"LIST","quantity":"0.37477408","price":"0.00250001","timestamp":1660139172,"volume":"0.00093694","buyTxId":"37857989f277477b15ef7ebc4737f948090b79d7-0","sellTxId":"3491e127dc178e8e1940f6b0fb06d21b663660ed"}
{"index": {"_index":"list","_id":"4106521"}}
	{"id":4106521,"type":"buy","buyer":"hivediver","seller":"yintercept","symbol":"LIST","quantity":"11.13563464","price":"0.00444000","timestamp":1660151973,"volume":"0.04944222","buyTxId":"0d9ca81388b07156f8fe26ab8039f30a55cedd35","sellTxId":"aaaac8db2fef418ccbb0cf6c07c24771abd82ca8"}
{"index": {"_index":"list","_id":"4106522"}}
	{"id":4106522,"type":"buy","buyer":"hivediver","seller":"saachi.list","symbol":"LIST","quantity":"75.39964633","price":"0.00449000","timestamp":1660151973,"volume":"0.33854441","buyTxId":"0d9ca81388b07156f8fe26ab8039f30a55cedd35","sellTxId":"bd8ebc62b1e7bdd421254a22b59a0dab0a97fd30"}
{"index": {"_index":"list","_id":"4106523"}}
	{"id":4106523,"type":"buy","buyer":"hivediver","seller":"master-lamps","symbol":"LIST","quantity":"6.81067737","price":"0.00449999","timestamp":1660151973,"volume":"0.03064798","buyTxId":"0d9ca81388b07156f8fe26ab8039f30a55cedd35","sellTxId":"75d74f5254174add6f1b966f22ade4fe3669b325"}
{"index": {"_index":"list","_id":"4106524"}}
	{"id":4106524,"type":"sell","buyer":"hivediver","seller":"god0","symbol":"LIST","quantity":"39.65404075","price":"0.00449999","timestamp":1660151973,"volume":"0.17844279","buyTxId":"0d9ca81388b07156f8fe26ab8039f30a55cedd35","sellTxId":"a800998759db09d96d775032ca9b01f868868df2-1"}
{"index": {"_index":"list","_id":"4106526"}}
	{"id":4106526,"type":"sell","buyer":"hivediver","seller":"god0","symbol":"LIST","quantity":"40.71270071","price":"0.00449999","timestamp":1660151991,"volume":"0.18320675","buyTxId":"46618e4271fbbb73066ba02b5e98b5e459a9953f","sellTxId":"963b838508213091b8ab564c87a0a805b9c02c34-1"}
{"index": {"_index":"list","_id":"4107037"}}
	{"id":4107037,"type":"sell","buyer":"hivediver","seller":"solaiman","symbol":"LIST","quantity":"5.87385501","price":"0.00260000","timestamp":1660157955,"volume":"0.01527202","buyTxId":"0685586c0cb1190d3b21a497fa9cbfe9b913de2f","sellTxId":"458f99d3ddf9ae12ad9ebaca1d30a8c9b112ebbd"}
{"index": {"_index":"list","_id":"4107526"}}
	{"id":4107526,"type":"sell","buyer":"hivediver","seller":"hive-143869","symbol":"LIST","quantity":"0.23238420","price":"0.00260000","timestamp":1660163232,"volume":"0.00060420","buyTxId":"0685586c0cb1190d3b21a497fa9cbfe9b913de2f","sellTxId":"d0410d8afc940b87b7cd78bb6b337ffab86b8e92"}
{"index": {"_index":"list","_id":"4107588"}}
	{"id":4107588,"type":"sell","buyer":"hivediver","seller":"synergie","symbol":"LIST","quantity":"0.28803507","price":"0.00260000","timestamp":1660164132,"volume":"0.00074889","buyTxId":"0685586c0cb1190d3b21a497fa9cbfe9b913de2f","sellTxId":"335d47a3975705ae18d36e144cc6e2d969612a21"}
{"index": {"_index":"list","_id":"4107897"}}
	{"id":4107897,"type":"sell","buyer":"hivediver","seller":"itachi24j","symbol":"LIST","quantity":"2.81812500","price":"0.00260000","timestamp":1660167753,"volume":"0.00732713","buyTxId":"0685586c0cb1190d3b21a497fa9cbfe9b913de2f","sellTxId":"60a7a5fcd3f2dccb977cd362d44059e93052195e"}
{"index": {"_index":"list","_id":"4108346"}}
	{"id":4108346,"type":"sell","buyer":"hivediver","seller":"maurojd","symbol":"LIST","quantity":"41.97596443","price":"0.00260000","timestamp":1660173834,"volume":"0.10913751","buyTxId":"0685586c0cb1190d3b21a497fa9cbfe9b913de2f","sellTxId":"78225502d866f29ad6f88c3952edc0eb78ad94a6"}
