{"index": {"_index":"list","_id":"2718057"}}
	{"id":2718057,"type":"sell","buyer":"pi-trader","seller":"finris","symbol":"LIST","quantity":"10.23266290","price":"0.00373004","timestamp":1644107568,"volume":"0.03816824","buyTxId":"aa1cd86af5a10605838a41d99590957eaff03179-2","sellTxId":"40c273bdf4d511e1a9a1e6af09c5022b277a46e3"}
{"index": {"_index":"list","_id":"2719266"}}
	{"id":2719266,"type":"sell","buyer":"pi-trader","seller":"bastt02","symbol":"LIST","quantity":"0.00009641","price":"0.00373004","timestamp":1644122223,"volume":"0.00000036","buyTxId":"109c70dd9e51aae0da7418e50d1933a138bfee0c-5","sellTxId":"93772ed274d7cae8a0d34f4e273e1bed16bf7f4d"}
{"index": {"_index":"list","_id":"2719876"}}
	{"id":2719876,"type":"sell","buyer":"pi-trader","seller":"tonytrillions","symbol":"LIST","quantity":"102.96339359","price":"0.00373004","timestamp":1644133239,"volume":"0.38405758","buyTxId":"e9b6509daab9ba0d93ae136cc1e685265b13105a-4","sellTxId":"c61d12329951cfa9637af04d2cea43359a5d8bf7"}
{"index": {"_index":"list","_id":"2719963"}}
	{"id":2719963,"type":"sell","buyer":"pi-trader","seller":"brofi-market","symbol":"LIST","quantity":"5.76527641","price":"0.00373004","timestamp":1644135318,"volume":"0.02150471","buyTxId":"f9eea34f2331b48f3161d76768a823dfcd7616d8-6","sellTxId":"c86352d015cc4d5b9335eabf3fb078df0edf9c69"}
{"index": {"_index":"list","_id":"2721071"}}
	{"id":2721071,"type":"sell","buyer":"pi-trader","seller":"dhedge-drips","symbol":"LIST","quantity":"0.54049484","price":"0.00373004","timestamp":1644151632,"volume":"0.00201607","buyTxId":"734fa9dfbc2373afd4c2ecfa2814d6454afb1c06-2","sellTxId":"884b2e37cc76616d1d1fa5f0776b8e3df9832f19"}
{"index": {"_index":"list","_id":"2721099"}}
	{"id":2721099,"type":"sell","buyer":"pi-trader","seller":"tonytrillions","symbol":"LIST","quantity":"0.00076749","price":"0.00373004","timestamp":1644152004,"volume":"0.00000286","buyTxId":"6d8b67f459245fcfa5aa9d9afba9a4542f51886b-2","sellTxId":"3900f341d052103506c254182563aa977e67d337"}
{"index": {"_index":"list","_id":"2721570"}}
	{"id":2721570,"type":"sell","buyer":"pi-trader","seller":"charityball","symbol":"LIST","quantity":"72.98160761","price":"0.00373004","timestamp":1644158322,"volume":"0.27222432","buyTxId":"f105432bf20901e793683eb886d1daed51721150-3","sellTxId":"1f0271b3f9d13337690cf4ab658e2f8a24c7cf7e"}
{"index": {"_index":"list","_id":"2721761"}}
	{"id":2721761,"type":"buy","buyer":"worldfinances","seller":"dhedge-drips","symbol":"LIST","quantity":"0.54049484","price":"0.00549941","timestamp":1644160527,"volume":"0.00297240","buyTxId":"4895be625672755b15984cf1b687637c7c17e1d8","sellTxId":"094b427f39bc095b235e76804b3e77c0963ef84b"}
{"index": {"_index":"list","_id":"2722525"}}
	{"id":2722525,"type":"sell","buyer":"pi-trader","seller":"esmeesmith","symbol":"LIST","quantity":"0.48572384","price":"0.00373004","timestamp":1644168618,"volume":"0.00181177","buyTxId":"4784188ca522318413df7ca1503422efcdbfaecd-2","sellTxId":"e27bd17132c162d975be7220ef1eaef8cebd1836"}
{"index": {"_index":"list","_id":"2723244"}}
	{"id":2723244,"type":"buy","buyer":"technocrypton","seller":"richardcrill","symbol":"LIST","quantity":"420.00000000","price":"0.00549941","timestamp":1644175158,"volume":"2.30975220","buyTxId":"0a717b1626b8a4a85e13d34f61f59bd31220cfdd","sellTxId":"MM-P-14597514-61584838-3-8-0"}
{"index": {"_index":"list","_id":"2723245"}}
	{"id":2723245,"type":"sell","buyer":"technocrypton","seller":"genet","symbol":"LIST","quantity":"180.00000000","price":"0.00550000","timestamp":1644175161,"volume":"0.99000000","buyTxId":"0a717b1626b8a4a85e13d34f61f59bd31220cfdd","sellTxId":"11bad313e784e871a81f986d12b1a88a1349044c-1"}
{"index": {"_index":"list","_id":"2723276"}}
	{"id":2723276,"type":"buy","buyer":"technocrypton","seller":"master-lamps","symbol":"LIST","quantity":"22.52480439","price":"0.00559941","timestamp":1644175500,"volume":"0.12612561","buyTxId":"1bda50071d638f7830a848f633084f79b87a87ff","sellTxId":"0b1a73ebe2eb68291be7678a114104dca9302b02"}
{"index": {"_index":"list","_id":"2723277"}}
	{"id":2723277,"type":"buy","buyer":"technocrypton","seller":"richardcrill","symbol":"LIST","quantity":"147.47519561","price":"0.00559985","timestamp":1644175500,"volume":"0.82583897","buyTxId":"1bda50071d638f7830a848f633084f79b87a87ff","sellTxId":"MM-P-14602294-61589620-3-8-0"}
{"index": {"_index":"list","_id":"2723491"}}
	{"id":2723491,"type":"sell","buyer":"pi-trader","seller":"brofi-market","symbol":"LIST","quantity":"1.68303153","price":"0.00373004","timestamp":1644178284,"volume":"0.00627777","buyTxId":"77631f76f37abf948fadc8fb57063e599582000f-4","sellTxId":"f6500a8b1448dffc6fe9c37dd8e1dc2ff76ee818"}
{"index": {"_index":"list","_id":"2724228"}}
	{"id":2724228,"type":"sell","buyer":"pi-trader","seller":"hive-id","symbol":"LIST","quantity":"54.00000000","price":"0.00373004","timestamp":1644187992,"volume":"0.20142216","buyTxId":"7dbe777c03a1230934592b7dd771cf04d2c42418-7","sellTxId":"4709db07694d474f6908f65fbec9a0cde6d9422f"}
