{"index": {"_index":"list","_id":"3102290"}}
	{"id":3102290,"type":"sell","buyer":"pi-trader","seller":"freedomconvoy","symbol":"LIST","quantity":"10.85503924","price":"0.00220001","timestamp":1648786626,"volume":"0.02388119","buyTxId":"a3ba8f95485d321debc6c9bbae26ced7b457f82a-2","sellTxId":"c254d130d28c20cab28c56d6c0abbcf9201ea059"}
{"index": {"_index":"list","_id":"3102437"}}
	{"id":3102437,"type":"sell","buyer":"pi-trader","seller":"technocrypton","symbol":"LIST","quantity":"503.35543096","price":"0.00220001","timestamp":1648788438,"volume":"1.10738698","buyTxId":"568aa0dccd99e508766287c50a9831c9ca55d46a-2","sellTxId":"011e140c5c2a1cd465af21859e60c494ac16c5c9"}
{"index": {"_index":"list","_id":"3102643"}}
	{"id":3102643,"type":"sell","buyer":"pi-trader","seller":"steemmillionaire","symbol":"LIST","quantity":"26.02893932","price":"0.00220001","timestamp":1648792491,"volume":"0.05726393","buyTxId":"40e7f3abe0c6e8484edb898ace837ac42e71c24f-2","sellTxId":"f5af863c7f1c260cc3e9cd48cb06694c2dd1b040"}
{"index": {"_index":"list","_id":"3103387"}}
	{"id":3103387,"type":"sell","buyer":"pi-trader","seller":"tonytrillions","symbol":"LIST","quantity":"225.64733843","price":"0.00220001","timestamp":1648802562,"volume":"0.49642640","buyTxId":"781ca325f38031788907b9264531867d0cebde04-2","sellTxId":"16ffa77fbbc828cdc76eeeeed91400cde2165aa1"}
{"index": {"_index":"list","_id":"3103532"}}
	{"id":3103532,"type":"sell","buyer":"pi-trader","seller":"invest-time","symbol":"LIST","quantity":"23.30993739","price":"0.00220001","timestamp":1648804671,"volume":"0.05128210","buyTxId":"86cee2924a789942f2d1e862f8327bf737c78052-8","sellTxId":"f74ba9a618b7eb7efd6862e8dbf2a7e7e564b49d"}
{"index": {"_index":"list","_id":"3105666"}}
	{"id":3105666,"type":"sell","buyer":"pi-trader","seller":"brofi-market","symbol":"LIST","quantity":"7.78684992","price":"0.00220001","timestamp":1648829868,"volume":"0.01713115","buyTxId":"29def3278eec331f7ceb80f19d443701774dab59-4","sellTxId":"478031f404237f2dc185d6763f8ec07efcae041d"}
{"index": {"_index":"list","_id":"3106402"}}
	{"id":3106402,"type":"sell","buyer":"pi-trader","seller":"maximiliam","symbol":"LIST","quantity":"1.21339826","price":"0.00220001","timestamp":1648835922,"volume":"0.00266949","buyTxId":"3f964f4f9ba00b6640f602b74c87922f3019afd8-8","sellTxId":"f81ab55bb4952109750b662e471a332a1b02fdf1"}
{"index": {"_index":"list","_id":"3106706"}}
	{"id":3106706,"type":"sell","buyer":"pi-trader","seller":"dhedge-drips","symbol":"LIST","quantity":"0.73001718","price":"0.00220001","timestamp":1648838880,"volume":"0.00160605","buyTxId":"0d51955ce8cee0a7780f9d1209d08ad4251ccece-4","sellTxId":"5e77306027e6eaf21fdbf47e612d045282d79be6"}
{"index": {"_index":"list","_id":"3107280"}}
	{"id":3107280,"type":"sell","buyer":"pi-trader","seller":"dswap","symbol":"LIST","quantity":"9.7052144","price":"0.00220001","timestamp":1648844052,"volume":"0.02135157","buyTxId":"b8c66334693f694c8bf2eba12f3526c54d316b25-5","sellTxId":"b451b49f121b8672df7ba6538b6fd5995e3839c3"}
{"index": {"_index":"list","_id":"3107637"}}
	{"id":3107637,"type":"sell","buyer":"pi-trader","seller":"nrg","symbol":"LIST","quantity":"20.81542609","price":"0.00220001","timestamp":1648846794,"volume":"0.04579415","buyTxId":"0e452fb5fa0e122054880c9fe13e90b6d152fffd-7","sellTxId":"a4614c8f212085f3d8c6373b7fce7b0db4c586af-30"}
{"index": {"_index":"list","_id":"3107640"}}
	{"id":3107640,"type":"buy","buyer":"bananofarmer","seller":"brofi-market","symbol":"LIST","quantity":"7.78684992","price":"0.00420000","timestamp":1648846794,"volume":"0.03270477","buyTxId":"24e5f129c54b1db29bee09bf5288d2c7dba7483a","sellTxId":"46a081b464ce7faceb44a4a5d9ae411db371b401"}
{"index": {"_index":"list","_id":"3107641"}}
	{"id":3107641,"type":"buy","buyer":"bananofarmer","seller":"dhedge-drips","symbol":"LIST","quantity":"0.73001718","price":"0.00420000","timestamp":1648846794,"volume":"0.00306607","buyTxId":"24e5f129c54b1db29bee09bf5288d2c7dba7483a","sellTxId":"75f18ea3c57e20aa39bc18b8de7cccd44587edd2"}
{"index": {"_index":"list","_id":"3107642"}}
	{"id":3107642,"type":"buy","buyer":"bananofarmer","seller":"richardcrill","symbol":"LIST","quantity":"92.05294925","price":"0.00420000","timestamp":1648846794,"volume":"0.38662239","buyTxId":"24e5f129c54b1db29bee09bf5288d2c7dba7483a","sellTxId":"MM-P-16153012-63141885-3-6-0"}
{"index": {"_index":"list","_id":"3107643"}}
	{"id":3107643,"type":"buy","buyer":"bananofarmer","seller":"brofi-market","symbol":"LIST","quantity":"10.64739654","price":"0.00430000","timestamp":1648846794,"volume":"0.04578381","buyTxId":"24e5f129c54b1db29bee09bf5288d2c7dba7483a","sellTxId":"28a43bc7bc21eea7d42ef2fb632dd68efc94bc48"}
{"index": {"_index":"list","_id":"3107644"}}
	{"id":3107644,"type":"buy","buyer":"bananofarmer","seller":"dhedge-drips","symbol":"LIST","quantity":"0.99819398","price":"0.00440000","timestamp":1648846794,"volume":"0.00439205","buyTxId":"24e5f129c54b1db29bee09bf5288d2c7dba7483a","sellTxId":"96c444fdeba0e113b05b1335b012dad8064dc917"}
{"index": {"_index":"list","_id":"3107645"}}
	{"id":3107645,"type":"buy","buyer":"bananofarmer","seller":"dhedge-drips","symbol":"LIST","quantity":"0.57770061","price":"0.00460000","timestamp":1648846794,"volume":"0.00265742","buyTxId":"24e5f129c54b1db29bee09bf5288d2c7dba7483a","sellTxId":"6b5cbf25897acf362055b96bcca79e1c075e9835"}
{"index": {"_index":"list","_id":"3107646"}}
	{"id":3107646,"type":"buy","buyer":"bananofarmer","seller":"brofi-market","symbol":"LIST","quantity":"6.16218777","price":"0.00470000","timestamp":1648846794,"volume":"0.02896228","buyTxId":"24e5f129c54b1db29bee09bf5288d2c7dba7483a","sellTxId":"e87517b858cdb1ce6a828992287fa3d92c80dc11"}
{"index": {"_index":"list","_id":"3107647"}}
	{"id":3107647,"type":"buy","buyer":"bananofarmer","seller":"sbi-tokens","symbol":"LIST","quantity":"103.29400208","price":"0.00480000","timestamp":1648846794,"volume":"0.49581121","buyTxId":"24e5f129c54b1db29bee09bf5288d2c7dba7483a","sellTxId":"16c8d1d2b6c03e91f8650812104d013fe629062c"}
{"index": {"_index":"list","_id":"3107729"}}
	{"id":3107729,"type":"sell","buyer":"pi-trader","seller":"engilhramn","symbol":"LIST","quantity":"3.54774312","price":"0.00220001","timestamp":1648847859,"volume":"0.00780507","buyTxId":"45bef82e6a2260123b6eba288d14004121cd42f9-3","sellTxId":"0eef232a0172916516d412edb36ae863fdef7132"}
{"index": {"_index":"list","_id":"3108386"}}
	{"id":3108386,"type":"sell","buyer":"pi-trader","seller":"djharmless","symbol":"LIST","quantity":"150","price":"0.00220001","timestamp":1648855074,"volume":"0.33000150","buyTxId":"8e5086cad5022a987370d0a88868a99cb6052a60-2","sellTxId":"a4e7b2b63bb8108728835ee55a0054854ce55198"}
{"index": {"_index":"list","_id":"3108788"}}
	{"id":3108788,"type":"sell","buyer":"pi-trader","seller":"pablodare","symbol":"LIST","quantity":"61.24156218","price":"0.00220001","timestamp":1648859859,"volume":"0.13473205","buyTxId":"8f9f0b79d67e8791831b60f6ec2fc110ac3c1b2d-6","sellTxId":"855f40cf275790fee0eebc5bf241283ed9cd3726"}
