{"index": {"_index":"list","_id":"2914860"}}
	{"id":2914860,"type":"sell","buyer":"thranax","seller":"pablodare","symbol":"LIST","quantity":"17.95266424","price":"0.00360002","timestamp":1646516259,"volume":"0.06462995","buyTxId":"105adb8e3335d20e297f3fdeef72b1e1da6a2d6d","sellTxId":"8a77d360b5b1724913e4f248400d6c73f0aedfee"}
{"index": {"_index":"list","_id":"2917479"}}
	{"id":2917479,"type":"buy","buyer":"nastyforce","seller":"pablodare","symbol":"LIST","quantity":"0.93160666","price":"0.00360002","timestamp":1646550690,"volume":"0.00335380","buyTxId":"afd87b9863badd643172addc799b43f7fba3a129","sellTxId":"8a77d360b5b1724913e4f248400d6c73f0aedfee"}
{"index": {"_index":"list","_id":"2918293"}}
	{"id":2918293,"type":"sell","buyer":"pi-trader","seller":"synergie","symbol":"LIST","quantity":"0.86000000","price":"0.00360003","timestamp":1646562450,"volume":"0.00309603","buyTxId":"2ed6181b58a3c451dd81405c195ab0a487a4abc6-1","sellTxId":"da00a28e95f57d241575cf03c2295add87828a23"}
{"index": {"_index":"list","_id":"2918819"}}
	{"id":2918819,"type":"sell","buyer":"pi-trader","seller":"brofi-market","symbol":"LIST","quantity":"2.71789738","price":"0.00360003","timestamp":1646568642,"volume":"0.00978451","buyTxId":"d5e163ea60b95b6558653a249cd18e01168d0253-2","sellTxId":"0cdb403cc1a6060be888fbbd06e53f09a51aee43"}
{"index": {"_index":"list","_id":"2919720"}}
	{"id":2919720,"type":"sell","buyer":"pi-trader","seller":"alfarero","symbol":"LIST","quantity":"3.40891557","price":"0.00360003","timestamp":1646580543,"volume":"0.01227220","buyTxId":"74f8aa539a7a9cec2c24d11f1efb4279bd432c90-6","sellTxId":"98c3ae7c532688740b1163c7015ca7dc02a255a2"}
{"index": {"_index":"list","_id":"2919755"}}
	{"id":2919755,"type":"sell","buyer":"pi-trader","seller":"kballories011","symbol":"LIST","quantity":"13.31144996","price":"0.00360003","timestamp":1646580984,"volume":"0.04792162","buyTxId":"3f56a15345a7165e305f72629fd0a68df4dcb55b-2","sellTxId":"ca02cb889a2ee922b89f5b63b5679858efab6a4a"}
{"index": {"_index":"list","_id":"2919884"}}
	{"id":2919884,"type":"sell","buyer":"pi-trader","seller":"technocrypton","symbol":"LIST","quantity":"9.72708963","price":"0.00360003","timestamp":1646582670,"volume":"0.03501781","buyTxId":"73908574d20c60806afea410c9bc8b2484fd5316-2","sellTxId":"8dda6d6233d117bded8da50a09f68ad5aae68bbd"}
{"index": {"_index":"list","_id":"2919961"}}
	{"id":2919961,"type":"sell","buyer":"pi-trader","seller":"brofi-market","symbol":"LIST","quantity":"7.18312131","price":"0.00360003","timestamp":1646583498,"volume":"0.02585945","buyTxId":"9f41ced039f5e2a165c9089d4092162ff19bb21a-2","sellTxId":"748f2883fc50f75d24ca1af578a9a694a6521cc4"}
{"index": {"_index":"list","_id":"2920155"}}
	{"id":2920155,"type":"sell","buyer":"pi-trader","seller":"nrg","symbol":"LIST","quantity":"13.25655640","price":"0.00360003","timestamp":1646585361,"volume":"0.04772400","buyTxId":"b5af7031d048f1649e0c58d9a1e602ffbf0933e9-2","sellTxId":"8a8e4c0166da44629bc7ad8064b842250d7304d7-33"}
{"index": {"_index":"list","_id":"2920558"}}
	{"id":2920558,"type":"sell","buyer":"pi-trader","seller":"mairapanelo","symbol":"LIST","quantity":"8.59137884","price":"0.00360003","timestamp":1646588892,"volume":"0.03092922","buyTxId":"41c521db161c71108770c34f38a38d91e58374b3-9","sellTxId":"de258fe99b3f408b93cd56eeee255f08f2c3a5b7"}
{"index": {"_index":"list","_id":"2920913"}}
	{"id":2920913,"type":"sell","buyer":"pi-trader","seller":"dhedge-drips","symbol":"LIST","quantity":"0.92821924","price":"0.00360003","timestamp":1646592462,"volume":"0.00334162","buyTxId":"bfe0fbae31318687d0a2c0e63dfd5a118773aa6e-2","sellTxId":"373d3960e944714fa1fd40e7582664c5720b91c1"}
{"index": {"_index":"list","_id":"2921624"}}
	{"id":2921624,"type":"sell","buyer":"pi-trader","seller":"hiveword","symbol":"LIST","quantity":"16.51305421","price":"0.00360003","timestamp":1646600259,"volume":"0.05944749","buyTxId":"7e688b592932422105f403143e08432a1f7fc827-2","sellTxId":"f7ddad1e1285017c8628092054e5e4a2fd1f90ad"}
