{"index": {"_index":"list","_id":"2450314"}}
	{"id":2450314,"type":"sell","buyer":"ganjafarmer","seller":"dswap","symbol":"LIST","quantity":"0.09239100","price":"0.00500100","timestamp":1641171141,"volume":"0.00046205","buyTxId":"135bd4cd44550e9cbe34c01c8802ae015d87f2ed","sellTxId":"8cf5b87e7baaf96e79705707f8a859110c95e252"}
{"index": {"_index":"list","_id":"2450727"}}
	{"id":2450727,"type":"sell","buyer":"ganjafarmer","seller":"zeruxanime","symbol":"LIST","quantity":"155.90271259","price":"0.00500100","timestamp":1641176220,"volume":"0.77966947","buyTxId":"135bd4cd44550e9cbe34c01c8802ae015d87f2ed","sellTxId":"1e0f7f04de58626f2a9603d62383d212bb668bad"}
{"index": {"_index":"list","_id":"2450923"}}
	{"id":2450923,"type":"sell","buyer":"ganjafarmer","seller":"darlenys01","symbol":"LIST","quantity":"500.00000000","price":"0.00500002","timestamp":1641178227,"volume":"2.50001000","buyTxId":"58467d18bdad02977c8aafd1b4b035023b209150","sellTxId":"063411b64e54329b75bfd882c339a93f060cbcfc"}
{"index": {"_index":"list","_id":"2452683"}}
	{"id":2452683,"type":"buy","buyer":"master-lamps","seller":"zeruxanime","symbol":"LIST","quantity":"249.09728741","price":"0.00500100","timestamp":1641197088,"volume":"1.24573553","buyTxId":"9c60dad75d2ac2fb097537d671a165f0cec0e008","sellTxId":"1e0f7f04de58626f2a9603d62383d212bb668bad"}
{"index": {"_index":"list","_id":"2452904"}}
	{"id":2452904,"type":"sell","buyer":"ganjafarmer","seller":"anderssinho","symbol":"LIST","quantity":"0.09010989","price":"0.00500002","timestamp":1641199959,"volume":"0.00045055","buyTxId":"58467d18bdad02977c8aafd1b4b035023b209150","sellTxId":"9625ec54aa7785490dc85ddffbe2719a00f786c0"}
{"index": {"_index":"list","_id":"2453971"}}
	{"id":2453971,"type":"sell","buyer":"ganjafarmer","seller":"notak1","symbol":"LIST","quantity":"126.43991869","price":"0.00500002","timestamp":1641213027,"volume":"0.63220212","buyTxId":"58467d18bdad02977c8aafd1b4b035023b209150","sellTxId":"9d27a166aafd997ff05057fbaa6a101c9b66368e"}
{"index": {"_index":"list","_id":"2455051"}}
	{"id":2455051,"type":"buy","buyer":"bambukah","seller":"master-lamps","symbol":"LIST","quantity":"20.00000000","price":"0.00585375","timestamp":1641224334,"volume":"0.11707500","buyTxId":"606536b67d9711a56b59302fc7bf00b41a43933e","sellTxId":"400498de479b46ab07dc94c3e3f732b5c9e8181d"}
{"index": {"_index":"list","_id":"2455272"}}
	{"id":2455272,"type":"sell","buyer":"pi-trader","seller":"brofi-market","symbol":"LIST","quantity":"1.49683896","price":"0.00500001","timestamp":1641226551,"volume":"0.00748421","buyTxId":"2e8e3d751231eee40d1a3c4d63adb8f7b908d80d-2","sellTxId":"24dac7ae8a190fd9601836bfaf468a9e0d07be3d"}
{"index": {"_index":"list","_id":"2456157"}}
	{"id":2456157,"type":"sell","buyer":"pi-trader","seller":"kingkinslow","symbol":"LIST","quantity":"3.65711682","price":"0.00500001","timestamp":1641232845,"volume":"0.01828562","buyTxId":"ef11c84cbfe6830a9388c5e8bfae994503634331-2","sellTxId":"36451f6e668390f66e6eb80f7267239ca278c0d4"}
{"index": {"_index":"list","_id":"2456379"}}
	{"id":2456379,"type":"sell","buyer":"pi-trader","seller":"drax","symbol":"LIST","quantity":"10","price":"0.00500001","timestamp":1641234246,"volume":"0.05000010","buyTxId":"240cea90cbeb30dfb54c466ca7c3f44800af4a18-2","sellTxId":"12288c245f40dbbed0e8349f62b7b4a802139f85"}
{"index": {"_index":"list","_id":"2456563"}}
	{"id":2456563,"type":"sell","buyer":"pi-trader","seller":"dhedge-drips","symbol":"LIST","quantity":"0.14032876","price":"0.00500001","timestamp":1641235632,"volume":"0.00070165","buyTxId":"4b67d741a80bd9102ea4e9860655943da5275b59-4","sellTxId":"6d91a6fae43d13ef6e885b5bc6e9b2e610e013b0"}
{"index": {"_index":"list","_id":"2457111"}}
	{"id":2457111,"type":"sell","buyer":"pi-trader","seller":"brofi-market","symbol":"LIST","quantity":"1.65547488","price":"0.00500001","timestamp":1641240684,"volume":"0.00827739","buyTxId":"f17e6d8f241a90b3fbcc724b0c5691a5f8508f5f-3","sellTxId":"2574e1f07dd0429be9dc15732708aa116abfe6e4"}
{"index": {"_index":"list","_id":"2457638"}}
	{"id":2457638,"type":"buy","buyer":"bobthebuilder2","seller":"master-lamps","symbol":"LIST","quantity":"200.00000000","price":"0.00585375","timestamp":1641246021,"volume":"1.17075000","buyTxId":"e6d35efb6cce94e2520616d11fd1b7eb4fe520c9","sellTxId":"400498de479b46ab07dc94c3e3f732b5c9e8181d"}
{"index": {"_index":"list","_id":"2458855"}}
	{"id":2458855,"type":"sell","buyer":"pi-trader","seller":"dhedge-drips","symbol":"LIST","quantity":"0.15520076","price":"0.00500002","timestamp":1641257211,"volume":"0.00077601","buyTxId":"1aa0f39ee03a26ca31757bec3e562a930ab17e4d","sellTxId":"992f4e68b88cb2f122877e4bf8fa11a36010af8e"}
