{"index": {"_index":"list","_id":"3604123"}}
	{"id":3604123,"type":"sell","buyer":"h3m4n7","seller":"hive-143869","symbol":"LIST","quantity":"0.00002848","price":"0.00500100","timestamp":1654334238,"volume":"0.00000014","buyTxId":"aa710759d7ed07931617f4bce684a9e8c3146e4b","sellTxId":"0e0ef7c04ff73068173750c7a3add183cc4bb760"}
{"index": {"_index":"list","_id":"3604153"}}
	{"id":3604153,"type":"sell","buyer":"h3m4n7","seller":"anosys","symbol":"LIST","quantity":"0.00013036","price":"0.00500100","timestamp":1654334778,"volume":"0.00000065","buyTxId":"aa710759d7ed07931617f4bce684a9e8c3146e4b","sellTxId":"eeaa022c2c468d59768e4070897e50ef7bd85935"}
{"index": {"_index":"list","_id":"3604188"}}
	{"id":3604188,"type":"sell","buyer":"h3m4n7","seller":"synergie","symbol":"LIST","quantity":"0.07478574","price":"0.00500100","timestamp":1654335012,"volume":"0.00037400","buyTxId":"aa710759d7ed07931617f4bce684a9e8c3146e4b","sellTxId":"25b47567d846bcc22c1aa5b77e029420661c7fca"}
{"index": {"_index":"list","_id":"3604195"}}
	{"id":3604195,"type":"sell","buyer":"h3m4n7","seller":"synergie","symbol":"LIST","quantity":"0.00043880","price":"0.00500100","timestamp":1654335141,"volume":"0.00000219","buyTxId":"aa710759d7ed07931617f4bce684a9e8c3146e4b","sellTxId":"f87b6e52a57bf4d0aa7f142ff947b48f649795ea"}
{"index": {"_index":"list","_id":"3604218"}}
	{"id":3604218,"type":"sell","buyer":"h3m4n7","seller":"independance","symbol":"LIST","quantity":"0.00018621","price":"0.00500100","timestamp":1654335483,"volume":"0.00000093","buyTxId":"aa710759d7ed07931617f4bce684a9e8c3146e4b","sellTxId":"69237fd3b98a1cdd7280c12398472588f66ef508"}
{"index": {"_index":"list","_id":"3604221"}}
	{"id":3604221,"type":"sell","buyer":"h3m4n7","seller":"isiksenpalvoja","symbol":"LIST","quantity":"0.99024100","price":"0.00500100","timestamp":1654335516,"volume":"0.00495220","buyTxId":"aa710759d7ed07931617f4bce684a9e8c3146e4b","sellTxId":"fc79e8fd40ff80d06350b9d5ce5573ff753b94b2"}
{"index": {"_index":"list","_id":"3604222"}}
	{"id":3604222,"type":"sell","buyer":"h3m4n7","seller":"itharagaian","symbol":"LIST","quantity":"0.00091894","price":"0.00500100","timestamp":1654335567,"volume":"0.00000460","buyTxId":"aa710759d7ed07931617f4bce684a9e8c3146e4b","sellTxId":"5e3673e9c7ccdbb637ecb8d8bc5ce168f8fcc0dc"}
{"index": {"_index":"list","_id":"3605831"}}
	{"id":3605831,"type":"buy","buyer":"gestion.alive","seller":"richardcrill","symbol":"LIST","quantity":"83.53602823","price":"0.00758960","timestamp":1654353465,"volume":"0.63400504","buyTxId":"c97dc19eb42724ef118ac3cc7cdad519d787eff9","sellTxId":"MM-P-17972483-64963252-3-6-0"}
{"index": {"_index":"list","_id":"3606352"}}
	{"id":3606352,"type":"buy","buyer":"holovision.cash","seller":"richardcrill","symbol":"LIST","quantity":"171.00000000","price":"0.00758960","timestamp":1654357524,"volume":"1.29782160","buyTxId":"73dd43e93f8d6c0af8d9ca8b8dfdca82f244a7c5","sellTxId":"MM-P-17972483-64963252-3-6-0"}
{"index": {"_index":"list","_id":"3606355"}}
	{"id":3606355,"type":"buy","buyer":"holovision.cash","seller":"richardcrill","symbol":"LIST","quantity":"0.98388977","price":"0.00758960","timestamp":1654357566,"volume":"0.00746733","buyTxId":"c65f929ef777b03b7320cba6e638b0fa786ca195","sellTxId":"MM-P-17972483-64963252-3-6-0"}
{"index": {"_index":"list","_id":"3606356"}}
	{"id":3606356,"type":"buy","buyer":"holovision.cash","seller":"h3m4n7","symbol":"LIST","quantity":"250.00000000","price":"0.00768960","timestamp":1654357566,"volume":"1.92240000","buyTxId":"c65f929ef777b03b7320cba6e638b0fa786ca195","sellTxId":"427756367b9db9a69ca065f7025109e00fad6be2"}
{"index": {"_index":"list","_id":"3606365"}}
	{"id":3606365,"type":"buy","buyer":"holovision.cash","seller":"master-lamps","symbol":"LIST","quantity":"9.70596813","price":"0.00778970","timestamp":1654357620,"volume":"0.07560658","buyTxId":"12a1dae991362920370419ea95824ec1d970edce","sellTxId":"dd45ea975c1a96833a51193c81c7fbb540a2506c"}
{"index": {"_index":"list","_id":"3606366"}}
	{"id":3606366,"type":"buy","buyer":"holovision.cash","seller":"master-lamps","symbol":"LIST","quantity":"71.21463851","price":"0.00788980","timestamp":1654357647,"volume":"0.56186925","buyTxId":"bb167d6c8c9415064e04a605ba4b6dc37dbbfc4f","sellTxId":"5ea6ebe81334878bd8f36818c3078df5f2ccb32e"}
{"index": {"_index":"list","_id":"3606373"}}
	{"id":3606373,"type":"buy","buyer":"holovision.cash","seller":"master-lamps","symbol":"LIST","quantity":"2.46200686","price":"0.00808999","timestamp":1654357674,"volume":"0.01991761","buyTxId":"d3cf22dcc76928ffb2639955cdbb7330ad8603ed","sellTxId":"dbb5f872e21e8d17e3c5327634ac51ce4c1407f7"}
{"index": {"_index":"list","_id":"3606376"}}
	{"id":3606376,"type":"buy","buyer":"holovision.cash","seller":"ctpsb","symbol":"LIST","quantity":"13.11000000","price":"0.00818999","timestamp":1654357710,"volume":"0.10737077","buyTxId":"5b413f160a28f84438fa89dd54cc97a576859ec2","sellTxId":"933e84e13cb8c9b73984bac5e3fa19934f0f4aa7"}
{"index": {"_index":"list","_id":"3606381"}}
	{"id":3606381,"type":"buy","buyer":"holovision.cash","seller":"master-lamps","symbol":"LIST","quantity":"9.84173363","price":"0.00828999","timestamp":1654357779,"volume":"0.08158787","buyTxId":"9efa98f91b56c73d38507c5caf732e6ae1dfb9c0","sellTxId":"41fb9483c3b68949e33d5e8a25556871df96da82"}
{"index": {"_index":"list","_id":"3606383"}}
	{"id":3606383,"type":"sell","buyer":"holovision.cash","seller":"frawdielp","symbol":"LIST","quantity":"0.15826637","price":"0.00828999","timestamp":1654357785,"volume":"0.00131203","buyTxId":"9efa98f91b56c73d38507c5caf732e6ae1dfb9c0","sellTxId":"c587b6d1e216cfa648ada7dc728e185c0da67fc0"}
{"index": {"_index":"list","_id":"3606384"}}
	{"id":3606384,"type":"sell","buyer":"holovision.cash","seller":"frawdielp","symbol":"LIST","quantity":"0.89000000","price":"0.00818999","timestamp":1654357785,"volume":"0.00728909","buyTxId":"5b413f160a28f84438fa89dd54cc97a576859ec2","sellTxId":"c587b6d1e216cfa648ada7dc728e185c0da67fc0"}
{"index": {"_index":"list","_id":"3606385"}}
	{"id":3606385,"type":"sell","buyer":"holovision.cash","seller":"frawdielp","symbol":"LIST","quantity":"0.53799314","price":"0.00808999","timestamp":1654357785,"volume":"0.00435236","buyTxId":"d3cf22dcc76928ffb2639955cdbb7330ad8603ed","sellTxId":"c587b6d1e216cfa648ada7dc728e185c0da67fc0"}
{"index": {"_index":"list","_id":"3606386"}}
	{"id":3606386,"type":"sell","buyer":"holovision.cash","seller":"frawdielp","symbol":"LIST","quantity":"0.78536149","price":"0.00788980","timestamp":1654357785,"volume":"0.00619635","buyTxId":"bb167d6c8c9415064e04a605ba4b6dc37dbbfc4f","sellTxId":"c587b6d1e216cfa648ada7dc728e185c0da67fc0"}
{"index": {"_index":"list","_id":"3606387"}}
	{"id":3606387,"type":"sell","buyer":"holovision.cash","seller":"frawdielp","symbol":"LIST","quantity":"0.15187572","price":"0.00778970","timestamp":1654357785,"volume":"0.00118307","buyTxId":"12a1dae991362920370419ea95824ec1d970edce","sellTxId":"c587b6d1e216cfa648ada7dc728e185c0da67fc0"}
{"index": {"_index":"list","_id":"3606390"}}
	{"id":3606390,"type":"buy","buyer":"holovision.cash","seller":"kryptofire","symbol":"LIST","quantity":"13.05402841","price":"0.00839000","timestamp":1654357809,"volume":"0.10952330","buyTxId":"8d58f7e7aedc7ed3424791d86ac33591a0f05cbe","sellTxId":"51929d7b35ddb7637af1393a312ab978b70bc3f3"}
{"index": {"_index":"list","_id":"3606392"}}
	{"id":3606392,"type":"buy","buyer":"holovision.cash","seller":"yintercept","symbol":"LIST","quantity":"4.63546145","price":"0.00859000","timestamp":1654357848,"volume":"0.03981861","buyTxId":"52b180f5db24b22e2601390379aeff540574c00d","sellTxId":"d7f433e88afd3939d3ca08414cd92260a6a6b2db"}
{"index": {"_index":"list","_id":"3606393"}}
	{"id":3606393,"type":"buy","buyer":"holovision.cash","seller":"master-lamps","symbol":"LIST","quantity":"0.36453855","price":"0.00869500","timestamp":1654357848,"volume":"0.00316966","buyTxId":"52b180f5db24b22e2601390379aeff540574c00d","sellTxId":"d6553161e081a8cdcbcc90723df45a9a522c855c"}
{"index": {"_index":"list","_id":"3606394"}}
	{"id":3606394,"type":"buy","buyer":"holovision.cash","seller":"master-lamps","symbol":"LIST","quantity":"0.95138115","price":"0.00869500","timestamp":1654357878,"volume":"0.00827226","buyTxId":"eff25bc933ca6406607fd19e1e0d8dff519a72f5","sellTxId":"d6553161e081a8cdcbcc90723df45a9a522c855c"}
{"index": {"_index":"list","_id":"3606395"}}
	{"id":3606395,"type":"buy","buyer":"holovision.cash","seller":"yameen","symbol":"LIST","quantity":"6.21742500","price":"0.00880000","timestamp":1654357878,"volume":"0.05471334","buyTxId":"eff25bc933ca6406607fd19e1e0d8dff519a72f5","sellTxId":"bc07efd03d6b4aff1757645440785b2458e21781"}
{"index": {"_index":"list","_id":"3606397"}}
	{"id":3606397,"type":"buy","buyer":"holovision.cash","seller":"sbi-tokens","symbol":"LIST","quantity":"227.36941653","price":"0.00900000","timestamp":1654357905,"volume":"2.04632475","buyTxId":"71e51348156d0c9699e000e0fc1524f307896e21","sellTxId":"8f6c6dda21177a7dc552e88b9668d0d6abd42145"}
{"index": {"_index":"list","_id":"3606400"}}
	{"id":3606400,"type":"buy","buyer":"holovision.cash","seller":"roger.remix","symbol":"LIST","quantity":"185.19071035","price":"0.00939000","timestamp":1654357935,"volume":"1.73894077","buyTxId":"ee607d63d4b2d7236a33128d868b5b43d0d9e047","sellTxId":"b4976390d918afa5ec78abe7c6e7ef81b63775ba"}
{"index": {"_index":"list","_id":"3606401"}}
	{"id":3606401,"type":"sell","buyer":"holovision.cash","seller":"frawdielp","symbol":"LIST","quantity":"0.80928965","price":"0.00939000","timestamp":1654357944,"volume":"0.00759923","buyTxId":"ee607d63d4b2d7236a33128d868b5b43d0d9e047","sellTxId":"7a4e6ac7ee23182be06fd11280c1eda102a3e4f4"}
{"index": {"_index":"list","_id":"3606402"}}
	{"id":3606402,"type":"sell","buyer":"holovision.cash","seller":"frawdielp","symbol":"LIST","quantity":"0.63058347","price":"0.00900000","timestamp":1654357944,"volume":"0.00567525","buyTxId":"71e51348156d0c9699e000e0fc1524f307896e21","sellTxId":"7a4e6ac7ee23182be06fd11280c1eda102a3e4f4"}
{"index": {"_index":"list","_id":"3606403"}}
	{"id":3606403,"type":"sell","buyer":"holovision.cash","seller":"frawdielp","symbol":"LIST","quantity":"2.83119385","price":"0.00880000","timestamp":1654357944,"volume":"0.02491451","buyTxId":"eff25bc933ca6406607fd19e1e0d8dff519a72f5","sellTxId":"7a4e6ac7ee23182be06fd11280c1eda102a3e4f4"}
{"index": {"_index":"list","_id":"3606404"}}
	{"id":3606404,"type":"sell","buyer":"holovision.cash","seller":"frawdielp","symbol":"LIST","quantity":"0.29494831","price":"0.00839000","timestamp":1654357944,"volume":"0.00247462","buyTxId":"8d58f7e7aedc7ed3424791d86ac33591a0f05cbe","sellTxId":"7a4e6ac7ee23182be06fd11280c1eda102a3e4f4"}
{"index": {"_index":"list","_id":"3606406"}}
	{"id":3606406,"type":"buy","buyer":"holovision.cash","seller":"txracer","symbol":"LIST","quantity":"1.64628568","price":"0.00957899","timestamp":1654357971,"volume":"0.01576975","buyTxId":"3b058b7b9c5e97a4ad927b67238c72ea363943a6","sellTxId":"0e451c602f118e674bea5eb420faad91ea22dcf1"}
{"index": {"_index":"list","_id":"3606407"}}
	{"id":3606407,"type":"buy","buyer":"holovision.cash","seller":"master-lamps","symbol":"LIST","quantity":"0.23085000","price":"0.00957900","timestamp":1654357971,"volume":"0.00221131","buyTxId":"3b058b7b9c5e97a4ad927b67238c72ea363943a6","sellTxId":"5985be0c718a95afe7eb9fdefc301ca37dccc4e4"}
{"index": {"_index":"list","_id":"3606411"}}
	{"id":3606411,"type":"buy","buyer":"holovision.cash","seller":"master-lamps","symbol":"LIST","quantity":"106.42888410","price":"0.00967990","timestamp":1654358001,"volume":"1.03022096","buyTxId":"959f1b6da6843cc3f63a95cd5f7859fccc10b812","sellTxId":"f079a9dc3fbb051ffd8b7f908ece0451a5d9c235"}
{"index": {"_index":"list","_id":"3606413"}}
	{"id":3606413,"type":"buy","buyer":"holovision.cash","seller":"blainjones","symbol":"LIST","quantity":"2802.61445610","price":"0.00978000","timestamp":1654358028,"volume":"27.40956938","buyTxId":"1f8748c9aa7e4eb657c847359e0ab53cb096d44c","sellTxId":"2c664eb5f42e7d1576e28c2bd6645539116d8db4"}
{"index": {"_index":"list","_id":"3606415"}}
	{"id":3606415,"type":"sell","buyer":"holovision.cash","seller":"frawdielp","symbol":"LIST","quantity":"0.38554390","price":"0.00978000","timestamp":1654358040,"volume":"0.00377062","buyTxId":"1f8748c9aa7e4eb657c847359e0ab53cb096d44c","sellTxId":"0d75862f949e5c3786e2a15fc3aa31326b60c1c1"}
{"index": {"_index":"list","_id":"3606416"}}
	{"id":3606416,"type":"sell","buyer":"holovision.cash","seller":"frawdielp","symbol":"LIST","quantity":"0.57111590","price":"0.00967990","timestamp":1654358040,"volume":"0.00552834","buyTxId":"959f1b6da6843cc3f63a95cd5f7859fccc10b812","sellTxId":"0d75862f949e5c3786e2a15fc3aa31326b60c1c1"}
{"index": {"_index":"list","_id":"3606417"}}
	{"id":3606417,"type":"sell","buyer":"holovision.cash","seller":"frawdielp","symbol":"LIST","quantity":"0.12286432","price":"0.00957900","timestamp":1654358040,"volume":"0.00117692","buyTxId":"3b058b7b9c5e97a4ad927b67238c72ea363943a6","sellTxId":"0d75862f949e5c3786e2a15fc3aa31326b60c1c1"}
{"index": {"_index":"list","_id":"3606418"}}
	{"id":3606418,"type":"sell","buyer":"holovision.cash","seller":"frawdielp","symbol":"LIST","quantity":"0.42374575","price":"0.00839000","timestamp":1654358040,"volume":"0.00355523","buyTxId":"8d58f7e7aedc7ed3424791d86ac33591a0f05cbe","sellTxId":"0d75862f949e5c3786e2a15fc3aa31326b60c1c1"}
{"index": {"_index":"list","_id":"3606473"}}
	{"id":3606473,"type":"sell","buyer":"holovision.cash","seller":"assassyn","symbol":"LIST","quantity":"0.22727753","price":"0.00839000","timestamp":1654358856,"volume":"0.00190685","buyTxId":"8d58f7e7aedc7ed3424791d86ac33591a0f05cbe","sellTxId":"d55854b76e645600782a1e9ef184c8c529ba4f04"}
{"index": {"_index":"list","_id":"3606949"}}
	{"id":3606949,"type":"sell","buyer":"holovision.cash","seller":"dubble","symbol":"LIST","quantity":"0.14215615","price":"0.00778970","timestamp":1654363131,"volume":"0.00110735","buyTxId":"12a1dae991362920370419ea95824ec1d970edce","sellTxId":"4a70d83765f9dd6e6d8ff80955bac38bfff81e22"}
{"index": {"_index":"list","_id":"3606950"}}
	{"id":3606950,"type":"sell","buyer":"holovision.cash","seller":"dubble","symbol":"LIST","quantity":"0.01611023","price":"0.00768960","timestamp":1654363131,"volume":"0.00012388","buyTxId":"c65f929ef777b03b7320cba6e638b0fa786ca195","sellTxId":"4a70d83765f9dd6e6d8ff80955bac38bfff81e22"}
{"index": {"_index":"list","_id":"3606954"}}
	{"id":3606954,"type":"buy","buyer":"frawdielp","seller":"dubble","symbol":"LIST","quantity":"7.99479362","price":"0.00603454","timestamp":1654363176,"volume":"0.04824490","buyTxId":"c7b2dc9a103f2b6433598f8ac7e1ba4dc1ac25e5","sellTxId":"4a70d83765f9dd6e6d8ff80955bac38bfff81e22"}
{"index": {"_index":"list","_id":"3607056"}}
	{"id":3607056,"type":"buy","buyer":"hivediver","seller":"assassyn","symbol":"LIST","quantity":"0.04618300","price":"0.00828863","timestamp":1654364013,"volume":"0.00038279","buyTxId":"b722fe2f1c56cc6edba8fe2e65c50683d780ac27","sellTxId":"d55854b76e645600782a1e9ef184c8c529ba4f04"}
{"index": {"_index":"list","_id":"3607075"}}
	{"id":3607075,"type":"sell","buyer":"holovision.cash","seller":"zakludick","symbol":"LIST","quantity":"0.29592478","price":"0.00600000","timestamp":1654364178,"volume":"0.00177555","buyTxId":"ac8ede597d6a900cad055d692def5af18d436c2e","sellTxId":"dd98a343ca7f72ce43cc6de6ed16d14aafa0718a"}
{"index": {"_index":"list","_id":"3607091"}}
	{"id":3607091,"type":"buy","buyer":"hivediver","seller":"assassyn","symbol":"LIST","quantity":"0.00000082","price":"0.00828863","timestamp":1654364265,"volume":"0.00000001","buyTxId":"5e80379221a8ecfbac455c3104414b280b4f1648","sellTxId":"d55854b76e645600782a1e9ef184c8c529ba4f04"}
{"index": {"_index":"list","_id":"3607338"}}
	{"id":3607338,"type":"sell","buyer":"h3m4n7","seller":"proton80","symbol":"LIST","quantity":"0.25074393","price":"0.00600100","timestamp":1654366635,"volume":"0.00150471","buyTxId":"bebd763cbb9319facd89e8b8e148f1aa090b6e8c","sellTxId":"17b07de2fb8b39301bcc3817f9bb49e8a9be1c8f"}
{"index": {"_index":"list","_id":"3607372"}}
	{"id":3607372,"type":"buy","buyer":"hivediver","seller":"saachi.list","symbol":"LIST","quantity":"0.26000000","price":"0.01000000","timestamp":1654367136,"volume":"0.00260000","buyTxId":"0779c414ab540216f5ed06ffd231d85b370c7d01","sellTxId":"25cb431847d5da135cd535b2b37c1b41eff27aff"}
{"index": {"_index":"list","_id":"3609612"}}
	{"id":3609612,"type":"sell","buyer":"h3m4n7","seller":"yayogerardo","symbol":"LIST","quantity":"5.67232856","price":"0.00600100","timestamp":1654393884,"volume":"0.03403964","buyTxId":"bebd763cbb9319facd89e8b8e148f1aa090b6e8c","sellTxId":"eaf4cdb01df484e69cd89b1a8277079cb7caf2ce"}
{"index": {"_index":"list","_id":"3609634"}}
	{"id":3609634,"type":"buy","buyer":"hivediver","seller":"saachi.list","symbol":"LIST","quantity":"6.00000000","price":"0.01000000","timestamp":1654394145,"volume":"0.06000000","buyTxId":"828be68530f931d50aab39e4444fc90264fade16","sellTxId":"25cb431847d5da135cd535b2b37c1b41eff27aff"}
{"index": {"_index":"list","_id":"3609832"}}
	{"id":3609832,"type":"sell","buyer":"h3m4n7","seller":"asean.hive","symbol":"LIST","quantity":"17.08852859","price":"0.00600100","timestamp":1654397016,"volume":"0.10254826","buyTxId":"bebd763cbb9319facd89e8b8e148f1aa090b6e8c","sellTxId":"fa09dd94a0f43e594f8ee07b2d7bee31393417eb"}
