{"index": {"_index":"list","_id":"3392451"}}
	{"id":3392451,"type":"buy","buyer":"hivediver","seller":"richardcrill","symbol":"LIST","quantity":"46.09833600","price":"0.00534900","timestamp":1652145201,"volume":"0.24658000","buyTxId":"5d8084c91a3246b51cd720165d82fc5fa51c4469","sellTxId":"MM-P-17233021-64222796-3-6-0"}
{"index": {"_index":"list","_id":"3392457"}}
	{"id":3392457,"type":"buy","buyer":"hivediver","seller":"alfarero","symbol":"LIST","quantity":"35.00000000","price":"0.00544900","timestamp":1652145237,"volume":"0.19071500","buyTxId":"7553858894af8d3847324ed49147a069dfc37cdd","sellTxId":"3eceef98b68a9423a7554511ce3e4391eac393a8"}
{"index": {"_index":"list","_id":"3392458"}}
	{"id":3392458,"type":"buy","buyer":"hivediver","seller":"richardcrill","symbol":"LIST","quantity":"110.76458000","price":"0.00545000","timestamp":1652145270,"volume":"0.60366696","buyTxId":"6f6256d88c117a42c69e129af13e3c8d91e47536","sellTxId":"MM-P-17248761-64238558-3-6-0"}
{"index": {"_index":"list","_id":"3392463"}}
	{"id":3392463,"type":"buy","buyer":"hivediver","seller":"yintercept","symbol":"LIST","quantity":"70.30465200","price":"0.00555000","timestamp":1652145315,"volume":"0.39019082","buyTxId":"f3b8713173a654b7d9908628cb865950194b33c3","sellTxId":"5befa442cb2addb6aa096542a58ef122b1aeeaea"}
{"index": {"_index":"list","_id":"3392467"}}
	{"id":3392467,"type":"buy","buyer":"hivediver","seller":"urkanon","symbol":"LIST","quantity":"0.34377900","price":"0.00580000","timestamp":1652145363,"volume":"0.00199392","buyTxId":"58dc625138dfe0c39309dbe86e75d18c0c89511a","sellTxId":"23725a29cfa82d44b2ef68f0ace46fc2359ed2c9"}
{"index": {"_index":"list","_id":"3392476"}}
	{"id":3392476,"type":"buy","buyer":"hivediver","seller":"urkanon","symbol":"LIST","quantity":"0.00000092","price":"0.00580000","timestamp":1652145387,"volume":"0.00000001","buyTxId":"7fa3752eed72f0760f99925d4cb7803d52c64af0","sellTxId":"23725a29cfa82d44b2ef68f0ace46fc2359ed2c9"}
{"index": {"_index":"list","_id":"3392477"}}
	{"id":3392477,"type":"buy","buyer":"hivediver","seller":"txracer","symbol":"LIST","quantity":"3.10381308","price":"0.00609989","timestamp":1652145387,"volume":"0.01893291","buyTxId":"7fa3752eed72f0760f99925d4cb7803d52c64af0","sellTxId":"da87452aefb03f3548fda948d5c6cbcb1218f091"}
{"index": {"_index":"list","_id":"3392488"}}
	{"id":3392488,"type":"buy","buyer":"hivediver","seller":"txracer","symbol":"LIST","quantity":"0.00000166","price":"0.00609989","timestamp":1652145450,"volume":"0.00000001","buyTxId":"2b75d4250e620d9cddf1c4797935ab388ede6b0b","sellTxId":"da87452aefb03f3548fda948d5c6cbcb1218f091"}
{"index": {"_index":"list","_id":"3392489"}}
	{"id":3392489,"type":"buy","buyer":"hivediver","seller":"beyondhorizonmm","symbol":"LIST","quantity":"79.69999934","price":"0.00630000","timestamp":1652145450,"volume":"0.50211000","buyTxId":"2b75d4250e620d9cddf1c4797935ab388ede6b0b","sellTxId":"e271e0baeab01589ae6a93c1d53f9e8728b4c62e"}
{"index": {"_index":"list","_id":"3393753"}}
	{"id":3393753,"type":"sell","buyer":"hoosie","seller":"adhammer","symbol":"LIST","quantity":"38.28738459","price":"0.00312555","timestamp":1652161080,"volume":"0.11966913","buyTxId":"0ae52133be9d02eb3934c2e5178776b6eb397ee0","sellTxId":"b58e50802dbce19c60f4ec5a3c8e14986ebc975d"}
{"index": {"_index":"list","_id":"3394293"}}
	{"id":3394293,"type":"sell","buyer":"hoosie","seller":"mikezillo","symbol":"LIST","quantity":"5.00000000","price":"0.00312555","timestamp":1652167242,"volume":"0.01562775","buyTxId":"0ae52133be9d02eb3934c2e5178776b6eb397ee0","sellTxId":"bd19c40a758b6c217436e7c6c63e19610c2df71d"}
{"index": {"_index":"list","_id":"3397558"}}
	{"id":3397558,"type":"sell","buyer":"alfarero","seller":"nrg","symbol":"LIST","quantity":"125.00000000","price":"0.00315000","timestamp":1652203017,"volume":"0.39375000","buyTxId":"92f7f0b7a7a28a662e6867c7dbabf75bf4fff78b","sellTxId":"d018ff7f19b806d99ee90015ab89469b28244a68-36"}
{"index": {"_index":"list","_id":"3397559"}}
	{"id":3397559,"type":"sell","buyer":"yintercept","seller":"nrg","symbol":"LIST","quantity":"100.00000000","price":"0.00315000","timestamp":1652203017,"volume":"0.31500000","buyTxId":"ffb930f683b6e08f6e1022abadbf9c592be8f16f","sellTxId":"d018ff7f19b806d99ee90015ab89469b28244a68-36"}
{"index": {"_index":"list","_id":"3397560"}}
	{"id":3397560,"type":"sell","buyer":"hoosie","seller":"nrg","symbol":"LIST","quantity":"56.11577483","price":"0.00312555","timestamp":1652203017,"volume":"0.17539266","buyTxId":"0ae52133be9d02eb3934c2e5178776b6eb397ee0","sellTxId":"d018ff7f19b806d99ee90015ab89469b28244a68-36"}
{"index": {"_index":"list","_id":"3397561"}}
	{"id":3397561,"type":"sell","buyer":"cloudblade","seller":"nrg","symbol":"LIST","quantity":"26.62189797","price":"0.00312200","timestamp":1652203017,"volume":"0.08311357","buyTxId":"f3075ee76525ef3a0998044189e9a58d3473c58b","sellTxId":"d018ff7f19b806d99ee90015ab89469b28244a68-36"}
{"index": {"_index":"list","_id":"3398996"}}
	{"id":3398996,"type":"sell","buyer":"yintercept","seller":"oswvin01","symbol":"LIST","quantity":"17.96466874","price":"0.00320000","timestamp":1652220225,"volume":"0.05748694","buyTxId":"36eeb2d0e51b99eee7684b99ceac65cbdcc48620","sellTxId":"2cf3b35ea23fef08d8677450258210a2aef20e77"}
{"index": {"_index":"list","_id":"3398997"}}
	{"id":3398997,"type":"sell","buyer":"alfarero","seller":"oswvin01","symbol":"LIST","quantity":"282.41769263","price":"0.00320000","timestamp":1652220225,"volume":"0.90373662","buyTxId":"943dcc1c8dcf69a3bd6afe9c35057a60ad1383c2","sellTxId":"2cf3b35ea23fef08d8677450258210a2aef20e77"}
