{"index": {"_index":"list","_id":"2182865"}}
	{"id":2182865,"type":"sell","buyer":"dagger212","seller":"charityball","symbol":"LIST","quantity":"36.22401415","price":"0.00820000","timestamp":1638737169,"volume":"0.29703692","buyTxId":"fab708058638cd4653501a641058dc475af6489c","sellTxId":"7e9276b0dfcffdb9b228d1ef5f01ab10ed011291"}
{"index": {"_index":"list","_id":"2182867"}}
	{"id":2182867,"type":"sell","buyer":"dagger212","seller":"charityball","symbol":"LIST","quantity":"9.58376590","price":"0.00820000","timestamp":1638737202,"volume":"0.07858688","buyTxId":"fab708058638cd4653501a641058dc475af6489c","sellTxId":"edacfe47dd415efbc7d2306bd5fe67f9c09efbc7"}
{"index": {"_index":"list","_id":"2184255"}}
	{"id":2184255,"type":"buy","buyer":"fiberfrau","seller":"famimora","symbol":"LIST","quantity":"1.50000000","price":"0.00900000","timestamp":1638756474,"volume":"0.01350000","buyTxId":"e76f291446d3082ce822ac386467942822af29c0","sellTxId":"cfb60b32da0597da22af3795e953cb7d18bdf6b5"}
{"index": {"_index":"list","_id":"2185107"}}
	{"id":2185107,"type":"sell","buyer":"dagger212","seller":"esmeesmith","symbol":"LIST","quantity":"0.40705756","price":"0.00820000","timestamp":1638769599,"volume":"0.00333787","buyTxId":"fab708058638cd4653501a641058dc475af6489c","sellTxId":"892f4efd567f88369afd131b040d7d6f002820cf"}
{"index": {"_index":"list","_id":"2185215"}}
	{"id":2185215,"type":"sell","buyer":"dagger212","seller":"joemark","symbol":"LIST","quantity":"193.02351236","price":"0.00820000","timestamp":1638771840,"volume":"1.58279280","buyTxId":"fab708058638cd4653501a641058dc475af6489c","sellTxId":"25593105ca9021d330600dc960b44e2a8d21edb9"}
{"index": {"_index":"list","_id":"2185656"}}
	{"id":2185656,"type":"sell","buyer":"dagger212","seller":"brofi-market","symbol":"LIST","quantity":"0.76165003","price":"0.00820000","timestamp":1638778164,"volume":"0.00624553","buyTxId":"fab708058638cd4653501a641058dc475af6489c","sellTxId":"6af4e8d97cce7b90fe0e42d21326bcb940823dc9"}
{"index": {"_index":"list","_id":"2186566"}}
	{"id":2186566,"type":"sell","buyer":"roger.remix","seller":"tonytrillions","symbol":"LIST","quantity":"0.01758301","price":"0.00810100","timestamp":1638791919,"volume":"0.00014244","buyTxId":"546a5a7e89e4d6604987848d8c4f1474829917e3","sellTxId":"647b8475157383d4230f76571b51b8085e6b6204"}
{"index": {"_index":"list","_id":"2186805"}}
	{"id":2186805,"type":"sell","buyer":"roger.remix","seller":"dhedge-drips","symbol":"LIST","quantity":"0.12379473","price":"0.00810100","timestamp":1638794808,"volume":"0.00100286","buyTxId":"546a5a7e89e4d6604987848d8c4f1474829917e3","sellTxId":"61d94587b54d3dad014931add4d6f71434fc94d1"}
{"index": {"_index":"list","_id":"2187136"}}
	{"id":2187136,"type":"sell","buyer":"roger.remix","seller":"frugal-fun","symbol":"LIST","quantity":"1.29711596","price":"0.00810100","timestamp":1638798510,"volume":"0.01050794","buyTxId":"546a5a7e89e4d6604987848d8c4f1474829917e3","sellTxId":"4ef0b5b72f01fb0bc603ac03b75f7da43d3eedd3"}
{"index": {"_index":"list","_id":"2187196"}}
	{"id":2187196,"type":"sell","buyer":"roger.remix","seller":"hive-127788","symbol":"LIST","quantity":"4.03453286","price":"0.00810100","timestamp":1638799083,"volume":"0.03268375","buyTxId":"546a5a7e89e4d6604987848d8c4f1474829917e3","sellTxId":"042548833670093cbfadebc1c144bfc734780bbc"}
{"index": {"_index":"list","_id":"2187960"}}
	{"id":2187960,"type":"sell","buyer":"roger.remix","seller":"uyobong","symbol":"LIST","quantity":"67.66394857","price":"0.00810100","timestamp":1638807858,"volume":"0.54814565","buyTxId":"546a5a7e89e4d6604987848d8c4f1474829917e3","sellTxId":"4092d653e0151280182608d282edec1448cb53be"}
{"index": {"_index":"list","_id":"2188868"}}
	{"id":2188868,"type":"sell","buyer":"roger.remix","seller":"chinorf","symbol":"LIST","quantity":"14.32366312","price":"0.00810100","timestamp":1638818022,"volume":"0.11603599","buyTxId":"546a5a7e89e4d6604987848d8c4f1474829917e3","sellTxId":"c92ff489513c34bd41943bf4d1a5ee16512a079f"}
{"index": {"_index":"list","_id":"2189058"}}
	{"id":2189058,"type":"buy","buyer":"fiberfrau","seller":"oxidil","symbol":"LIST","quantity":"0.10000000","price":"0.00819000","timestamp":1638820464,"volume":"0.00081900","buyTxId":"0b27c0a2da73897566eff7439e3f003f61e2e80e","sellTxId":"3a05ef3fa89ef73a879beb7b63d4b7ada3389aac"}
{"index": {"_index":"list","_id":"2189164"}}
	{"id":2189164,"type":"sell","buyer":"roger.remix","seller":"firstborn.pob","symbol":"LIST","quantity":"2.45992002","price":"0.00810100","timestamp":1638821550,"volume":"0.01992781","buyTxId":"546a5a7e89e4d6604987848d8c4f1474829917e3","sellTxId":"f7422051fc77b356035059bd45d31953d54b7512"}
{"index": {"_index":"list","_id":"2189311"}}
	{"id":2189311,"type":"sell","buyer":"roger.remix","seller":"charityball","symbol":"LIST","quantity":"53.22885899","price":"0.00810100","timestamp":1638823161,"volume":"0.43120699","buyTxId":"546a5a7e89e4d6604987848d8c4f1474829917e3","sellTxId":"395f36e66ea9cad3d44578b3e9861def39e00e38"}
