{"index": {"_index":"list","_id":"1067060"}}
	{"id":1067060,"type":"sell","buyer":"thelogicaldude","seller":"crypto133","symbol":"LIST","quantity":"51.27413138","price":"0.01710000","timestamp":1621388607,"volume":"0.87678765","buyTxId":"MM-P-7035390-53967564-3-0-0","sellTxId":"8cb2394247dc3d04df7e0598ae91054686126820"}
{"index": {"_index":"list","_id":"1067373"}}
	{"id":1067373,"type":"sell","buyer":"thelogicaldude","seller":"justinparke","symbol":"LIST","quantity":"9.41846083","price":"0.01710000","timestamp":1621397544,"volume":"0.16105568","buyTxId":"MM-P-7035390-53967564-3-0-0","sellTxId":"806ced1e896f854fdfb133b00dc64fdd3a50f34a"}
{"index": {"_index":"list","_id":"1067786"}}
	{"id":1067786,"type":"sell","buyer":"thelogicaldude","seller":"dhedge-drips","symbol":"LIST","quantity":"0.01050000","price":"0.01710000","timestamp":1621410552,"volume":"0.00017955","buyTxId":"MM-P-7035390-53967564-3-0-0","sellTxId":"d9dbfd103ee6b49114686a6c78e490257e674a2b"}
{"index": {"_index":"list","_id":"1068256"}}
	{"id":1068256,"type":"sell","buyer":"thelogicaldude","seller":"tonytrillions","symbol":"LIST","quantity":"0.00089437","price":"0.01710000","timestamp":1621425525,"volume":"0.00001529","buyTxId":"MM-P-7035390-53967564-3-0-0","sellTxId":"094e8cc6baa10e2e62eb72a2cd642e2d29f727d7"}
{"index": {"_index":"list","_id":"1068419"}}
	{"id":1068419,"type":"sell","buyer":"thelogicaldude","seller":"nulledgh0st","symbol":"LIST","quantity":"1.50589336","price":"0.01710000","timestamp":1621428456,"volume":"0.02575078","buyTxId":"MM-P-7035390-53967564-3-0-0","sellTxId":"616872a31e5d525fab5c0b0cc72fd7882ca7a958"}
{"index": {"_index":"list","_id":"1068639"}}
	{"id":1068639,"type":"sell","buyer":"thelogicaldude","seller":"rishi556","symbol":"LIST","quantity":"0.0001131","price":"0.01710000","timestamp":1621430949,"volume":"0.00000193","buyTxId":"MM-P-7035390-53967564-3-0-0","sellTxId":"b8ad69c71dcf67369c49e8bae753140d7da4a930-4"}
{"index": {"_index":"list","_id":"1069355"}}
	{"id":1069355,"type":"sell","buyer":"thelogicaldude","seller":"brofi-market","symbol":"LIST","quantity":"0.11200000","price":"0.01710000","timestamp":1621439289,"volume":"0.00191520","buyTxId":"MM-P-7035390-53967564-3-0-0","sellTxId":"67a58227ecab6f901f0ba630aa70c77e51d3fdbf"}
{"index": {"_index":"list","_id":"1069824"}}
	{"id":1069824,"type":"buy","buyer":"evernoticethat","seller":"bilpcoinbpc","symbol":"LIST","quantity":"0.22900000","price":"0.02300000","timestamp":1621450101,"volume":"0.00526700","buyTxId":"889260d4aba3080bc6fe9ab9fd942c2ca5a5b2ed","sellTxId":"2f1f32077ac66dd9de3bf53d67b6422116974cd3"}
{"index": {"_index":"list","_id":"1069825"}}
	{"id":1069825,"type":"buy","buyer":"evernoticethat","seller":"brofi-market","symbol":"LIST","quantity":"0.11200000","price":"0.02300000","timestamp":1621450101,"volume":"0.00257600","buyTxId":"889260d4aba3080bc6fe9ab9fd942c2ca5a5b2ed","sellTxId":"722f3c5b5482142a3313a3c419f669350b4370a7"}
{"index": {"_index":"list","_id":"1069830"}}
	{"id":1069830,"type":"buy","buyer":"evernoticethat","seller":"dhedge-drips","symbol":"LIST","quantity":"0.01059378","price":"0.02380000","timestamp":1621450209,"volume":"0.00025213","buyTxId":"86232bedabb61cb191e3ff69887e8aa71145cc83","sellTxId":"daaaa1096144b0634753fbef658933cf6146fbea"}
{"index": {"_index":"list","_id":"1069831"}}
	{"id":1069831,"type":"buy","buyer":"evernoticethat","seller":"brofi-market","symbol":"LIST","quantity":"0.11200002","price":"0.02380000","timestamp":1621450209,"volume":"0.00266560","buyTxId":"86232bedabb61cb191e3ff69887e8aa71145cc83","sellTxId":"716b684008138f93bd2a1c8a9728f1a90d1234dd"}
{"index": {"_index":"list","_id":"1069832"}}
	{"id":1069832,"type":"buy","buyer":"evernoticethat","seller":"dhedge-drips","symbol":"LIST","quantity":"0.01050000","price":"0.02380000","timestamp":1621450209,"volume":"0.00024990","buyTxId":"86232bedabb61cb191e3ff69887e8aa71145cc83","sellTxId":"42eea1a087577a026a0615428a14d0fac2a9908a"}
{"index": {"_index":"list","_id":"1069833"}}
	{"id":1069833,"type":"buy","buyer":"evernoticethat","seller":"brofi-market","symbol":"LIST","quantity":"0.11300042","price":"0.02390000","timestamp":1621450209,"volume":"0.00270071","buyTxId":"86232bedabb61cb191e3ff69887e8aa71145cc83","sellTxId":"6a1a1207e889954f71dbf79dd558b8f498d9ca40"}
{"index": {"_index":"list","_id":"1069834"}}
	{"id":1069834,"type":"buy","buyer":"evernoticethat","seller":"chekohler","symbol":"LIST","quantity":"0.04434834","price":"0.02480000","timestamp":1621450209,"volume":"0.00109984","buyTxId":"86232bedabb61cb191e3ff69887e8aa71145cc83","sellTxId":"e03ff14fd14d82a261bd5c1e228dd6f0a9295ab7"}
{"index": {"_index":"list","_id":"1069835"}}
	{"id":1069835,"type":"buy","buyer":"evernoticethat","seller":"thelogicaldude","symbol":"LIST","quantity":"199.70955744","price":"0.02540000","timestamp":1621450209,"volume":"5.07262276","buyTxId":"86232bedabb61cb191e3ff69887e8aa71145cc83","sellTxId":"MM-P-7030533-53962170-3-0-1"}
{"index": {"_index":"list","_id":"1070277"}}
	{"id":1070277,"type":"sell","buyer":"thelogicaldude","seller":"proto26","symbol":"LIST","quantity":"0.16639900","price":"0.01710000","timestamp":1621460991,"volume":"0.00284542","buyTxId":"MM-P-7035390-53967564-3-0-0","sellTxId":"efb049bb7894bbddb6aaa22d0a67bd46a097b45e"}
{"index": {"_index":"list","_id":"1070588"}}
	{"id":1070588,"type":"sell","buyer":"thelogicaldude","seller":"dhedge-drips","symbol":"LIST","quantity":"0.01050000","price":"0.01710000","timestamp":1621468983,"volume":"0.00017955","buyTxId":"MM-P-7035390-53967564-3-0-0","sellTxId":"706f927b9167c89fc55880e5817154cf061e27c0"}
{"index": {"_index":"list","_id":"1070792"}}
	{"id":1070792,"type":"sell","buyer":"thelogicaldude","seller":"crypto133","symbol":"LIST","quantity":"26.76974147","price":"0.01710000","timestamp":1621472637,"volume":"0.45776258","buyTxId":"MM-P-7035390-53967564-3-0-0","sellTxId":"6b3629921bdb3f40651e5d5240f22ade2956d01c"}
