{"index": {"_index":"list","_id":"1868356"}}
	{"id":1868356,"type":"buy","buyer":"kachinhenry","seller":"brofi-market","symbol":"LIST","quantity":"1.74616707","price":"0.03090000","timestamp":1635912510,"volume":"0.05395656","buyTxId":"d7fc425f23f4ceddacd15f6e10d6bb35b08421d5","sellTxId":"711bedd21e5b1f40d9413e3e44d7ce79c0782118"}
{"index": {"_index":"list","_id":"1868357"}}
	{"id":1868357,"type":"buy","buyer":"kachinhenry","seller":"dhedge-drips","symbol":"LIST","quantity":"0.16370315","price":"0.03090000","timestamp":1635912510,"volume":"0.00505843","buyTxId":"d7fc425f23f4ceddacd15f6e10d6bb35b08421d5","sellTxId":"8f3bdaa7352e28ed8806a36e5c415e38c87e52d5"}
{"index": {"_index":"list","_id":"1868358"}}
	{"id":1868358,"type":"buy","buyer":"kachinhenry","seller":"thelogicaldude","symbol":"LIST","quantity":"3.09012978","price":"0.03090000","timestamp":1635912510,"volume":"0.09548501","buyTxId":"d7fc425f23f4ceddacd15f6e10d6bb35b08421d5","sellTxId":"MM-P-11856531-58842315-3-0-0"}
{"index": {"_index":"list","_id":"1868964"}}
	{"id":1868964,"type":"sell","buyer":"pi-trader","seller":"edystringz","symbol":"LIST","quantity":"300.00000000","price":"0.02100001","timestamp":1635920901,"volume":"6.30000300","buyTxId":"50a80febd55df9f979063209d4fcb1e37b6fd94f-1","sellTxId":"a74a5ccf90869e179ea6c690fb36fae998cbc6df"}
{"index": {"_index":"list","_id":"1868965"}}
	{"id":1868965,"type":"sell","buyer":"bityobit","seller":"edystringz","symbol":"LIST","quantity":"65.00000000","price":"0.02100001","timestamp":1635920901,"volume":"1.36500065","buyTxId":"2d189ffe6409767e1a5466a9c1c4cb10aa916b16","sellTxId":"a74a5ccf90869e179ea6c690fb36fae998cbc6df"}
{"index": {"_index":"list","_id":"1869583"}}
	{"id":1869583,"type":"sell","buyer":"marshmellowman","seller":"svirus","symbol":"LIST","quantity":"100.00000000","price":"0.02700000","timestamp":1635927453,"volume":"2.70000000","buyTxId":"f49af01ebeae9e3b1b7f7f5f836af20fa9d45845","sellTxId":"07f420a3e06fedb453941a5f9a3aac3e82cf746d-1"}
{"index": {"_index":"list","_id":"1869591"}}
	{"id":1869591,"type":"sell","buyer":"marshmellowman","seller":"svirus","symbol":"LIST","quantity":"100.00000000","price":"0.02500000","timestamp":1635927489,"volume":"2.50000000","buyTxId":"76eb87b0479ba34d794784bfeb6d2e2012c19a12","sellTxId":"7a6af78260054fc7c21689baf7cb611573db0b68-1"}
{"index": {"_index":"list","_id":"1869616"}}
	{"id":1869616,"type":"sell","buyer":"marshmellowman","seller":"svirus","symbol":"LIST","quantity":"100.00000000","price":"0.02500000","timestamp":1635927684,"volume":"2.50000000","buyTxId":"ded77c8c1f1851350f4f999f8100dcfe9355f938","sellTxId":"05ffbd2abd1c9af382a11be9d9a0349bfd99c03f-1"}
{"index": {"_index":"list","_id":"1869705"}}
	{"id":1869705,"type":"sell","buyer":"pi-trader","seller":"buildahouse","symbol":"LIST","quantity":"1.19000000","price":"0.02100002","timestamp":1635928404,"volume":"0.02499002","buyTxId":"cc27f32b49b64df182e0d7c45f1ffa3a96fce1aa-3","sellTxId":"0e8565699ce379506cc6e2a094edb94cdc54ed34"}
{"index": {"_index":"list","_id":"1870327"}}
	{"id":1870327,"type":"sell","buyer":"pi-trader","seller":"esmeesmith","symbol":"LIST","quantity":"25.57171676","price":"0.02100002","timestamp":1635934305,"volume":"0.53700656","buyTxId":"7eff4e77c0ba9b9608529d4c640f9c1e7689d0e7-11","sellTxId":"52c4b10a483cfa3fc31c1f8154719f71f3beb9f4"}
{"index": {"_index":"list","_id":"1870383"}}
	{"id":1870383,"type":"buy","buyer":"fiberfrau","seller":"thelogicaldude","symbol":"LIST","quantity":"1.40000000","price":"0.02990000","timestamp":1635935250,"volume":"0.04186000","buyTxId":"576e859f40b4350e647dbeeb4f7e2db89e6096e8","sellTxId":"MM-P-11857727-58843512-3-0-0"}
{"index": {"_index":"list","_id":"1870387"}}
	{"id":1870387,"type":"buy","buyer":"kachinhenry","seller":"thelogicaldude","symbol":"LIST","quantity":"250.00000000","price":"0.02990000","timestamp":1635935292,"volume":"7.47500000","buyTxId":"034c77179608bb8cef411806b37b85e0e3e6c5d4","sellTxId":"MM-P-11857727-58843512-3-0-0"}
{"index": {"_index":"list","_id":"1870698"}}
	{"id":1870698,"type":"sell","buyer":"pi-trader","seller":"justinparke","symbol":"LIST","quantity":"15.99922567","price":"0.02100002","timestamp":1635939009,"volume":"0.33598406","buyTxId":"7cce681db6548b18433d3ba90ad46a2d9e77b935-4","sellTxId":"579e2caa5399037f09beb44f7462d447d70618d4"}
{"index": {"_index":"list","_id":"1870912"}}
	{"id":1870912,"type":"sell","buyer":"pi-trader","seller":"hive-data","symbol":"LIST","quantity":"61.51183189","price":"0.02100002","timestamp":1635941181,"volume":"1.29174970","buyTxId":"797adad115db2609613d53c169dfeaf8be31b041-2","sellTxId":"a3a8670debf66d5faea47c43900475bc82225b52"}
{"index": {"_index":"list","_id":"1871544"}}
	{"id":1871544,"type":"sell","buyer":"pi-trader","seller":"hive-127788","symbol":"LIST","quantity":"184.16777063","price":"0.02100002","timestamp":1635946854,"volume":"3.86752687","buyTxId":"15b5409efb29b9c12373b1471ecc2e4c2717a6f6-1","sellTxId":"82a828fbc3edd40c7706fa3c13ff1b5403bcd14e"}
{"index": {"_index":"list","_id":"1871659"}}
	{"id":1871659,"type":"sell","buyer":"pi-trader","seller":"magnacarta","symbol":"LIST","quantity":"0.000004","price":"0.02100002","timestamp":1635947718,"volume":"0.00000008","buyTxId":"7e8b33b44d1e2d7ad6cb70fa96f93c9566f19a55-2","sellTxId":"0631e9b453f9ba0676a7b6d4d2329c1d4f85799b"}
{"index": {"_index":"list","_id":"1871818"}}
	{"id":1871818,"type":"sell","buyer":"pi-trader","seller":"magnacarta.buzz","symbol":"LIST","quantity":"0.00011665","price":"0.02100002","timestamp":1635949467,"volume":"0.00000245","buyTxId":"8aeeeff527c0d21e3c8d782240a5316698a11cbf-1","sellTxId":"a2723af7b3b8f448eb78c8b10d7878273d63c171"}
{"index": {"_index":"list","_id":"1872235"}}
	{"id":1872235,"type":"sell","buyer":"pi-trader","seller":"charityball","symbol":"LIST","quantity":"52.34513643","price":"0.02100002","timestamp":1635952836,"volume":"1.09924891","buyTxId":"6a0ca4e1b13f252645dfa3409a4888a42fb48fa3-1","sellTxId":"c62a8bc39dcff6bf9dfaa9d521bfb218b54a4d68"}
{"index": {"_index":"list","_id":"1872297"}}
	{"id":1872297,"type":"sell","buyer":"pi-trader","seller":"charityball","symbol":"LIST","quantity":"37.09988500","price":"0.02100002","timestamp":1635953277,"volume":"0.77909833","buyTxId":"62e8fbf92802eec84733d3da7d61d6ec6b07bc8b-2","sellTxId":"ced6b0ba92f6059232d943ae1d0cc50984cb814e"}
{"index": {"_index":"list","_id":"1874477"}}
	{"id":1874477,"type":"sell","buyer":"sbi-tokens","seller":"brofi-market","symbol":"LIST","quantity":"0.73354401","price":"0.02500000","timestamp":1635970188,"volume":"0.01833860","buyTxId":"b95ab8e3d7d283e8901464cf563646063ad6be5d","sellTxId":"1960627c8b81258c1ff1eb487de2339f924ca6ee"}
{"index": {"_index":"list","_id":"1875041"}}
	{"id":1875041,"type":"sell","buyer":"sbi-tokens","seller":"droida","symbol":"LIST","quantity":"0.00852185","price":"0.02500000","timestamp":1635976680,"volume":"0.00021305","buyTxId":"b95ab8e3d7d283e8901464cf563646063ad6be5d","sellTxId":"d430d36bd51efecd7e968f73260abc9417073176"}
{"index": {"_index":"list","_id":"1877409"}}
	{"id":1877409,"type":"sell","buyer":"sbi-tokens","seller":"dhedge-drips","symbol":"LIST","quantity":"0.06876975","price":"0.02500000","timestamp":1635986811,"volume":"0.00171924","buyTxId":"b95ab8e3d7d283e8901464cf563646063ad6be5d","sellTxId":"3ee97770683095b4c95a581ea39551ff07d0d3c2"}
{"index": {"_index":"list","_id":"1878013"}}
	{"id":1878013,"type":"sell","buyer":"sbi-tokens","seller":"pablodare","symbol":"LIST","quantity":"13.84313550","price":"0.02500000","timestamp":1635988173,"volume":"0.34607839","buyTxId":"b95ab8e3d7d283e8901464cf563646063ad6be5d","sellTxId":"4c506913b0d4e0f93e172013a8ef391bdbf898db"}
{"index": {"_index":"list","_id":"1879705"}}
	{"id":1879705,"type":"sell","buyer":"sbi-tokens","seller":"thatcryptodave","symbol":"LIST","quantity":"25.34602889","price":"0.02500000","timestamp":1635996936,"volume":"0.63365072","buyTxId":"b95ab8e3d7d283e8901464cf563646063ad6be5d","sellTxId":"34116e7ca165101fcdf31e845f5f9601a73bd9d7"}
