{"index": {"_index":"list","_id":"1552963"}}
	{"id":1552963,"type":"sell","buyer":"thelogicaldude","seller":"justinparke","symbol":"LIST","quantity":"8.19567469","price":"0.01160000","timestamp":1632109617,"volume":"0.09506983","buyTxId":"MM-P-10549596-57533960-3-0-0","sellTxId":"54de497627538e10c49d93f254fc42e36d0ecd36"}
{"index": {"_index":"list","_id":"1553615"}}
	{"id":1553615,"type":"sell","buyer":"thelogicaldude","seller":"esmeesmith","symbol":"LIST","quantity":"5.07226129","price":"0.01160000","timestamp":1632123303,"volume":"0.05883823","buyTxId":"MM-P-10549596-57533960-3-0-0","sellTxId":"62f8e3e35af1200669e013be164c7aeb49e6377a"}
{"index": {"_index":"list","_id":"1553768"}}
	{"id":1553768,"type":"sell","buyer":"thelogicaldude","seller":"pablodare","symbol":"LIST","quantity":"3.32120271","price":"0.01160000","timestamp":1632125658,"volume":"0.03852595","buyTxId":"MM-P-10549596-57533960-3-0-0","sellTxId":"1bd17d9fa7b28e7e1e48a1a27371a80138d727ff"}
{"index": {"_index":"list","_id":"1553956"}}
	{"id":1553956,"type":"sell","buyer":"thelogicaldude","seller":"itharagaian","symbol":"LIST","quantity":"18.83300000","price":"0.01160000","timestamp":1632130059,"volume":"0.21846280","buyTxId":"MM-P-10549596-57533960-3-0-0","sellTxId":"d0f4c231674d9beb76c3c470a2c9c841cfabffea"}
{"index": {"_index":"list","_id":"1554079"}}
	{"id":1554079,"type":"sell","buyer":"thelogicaldude","seller":"droida","symbol":"LIST","quantity":"0.00060141","price":"0.01160000","timestamp":1632133644,"volume":"0.00000698","buyTxId":"MM-P-10549596-57533960-3-0-0","sellTxId":"325d9b248927a71425a22704a5e658684580ceb5"}
{"index": {"_index":"list","_id":"1555498"}}
	{"id":1555498,"type":"sell","buyer":"thelogicaldude","seller":"brofi-market","symbol":"LIST","quantity":"1.38176720","price":"0.01160000","timestamp":1632154365,"volume":"0.01602850","buyTxId":"MM-P-10549596-57533960-3-0-0","sellTxId":"4cf838da90d656fa4cc77feed005845a67229ae8"}
{"index": {"_index":"list","_id":"1555831"}}
	{"id":1555831,"type":"sell","buyer":"thelogicaldude","seller":"plesnavetru","symbol":"LIST","quantity":"1.86815394","price":"0.01160000","timestamp":1632158019,"volume":"0.02167059","buyTxId":"MM-P-10549596-57533960-3-0-0","sellTxId":"02e0c54fbfeb05feb0e6f7d833183cc6aecb4ed3"}
{"index": {"_index":"list","_id":"1556015"}}
	{"id":1556015,"type":"sell","buyer":"thelogicaldude","seller":"esmeesmith","symbol":"LIST","quantity":"5.74897289","price":"0.01160000","timestamp":1632160587,"volume":"0.06668809","buyTxId":"MM-P-10549596-57533960-3-0-0","sellTxId":"81c9b21408cfdb2e057035383edc95bf300fd568"}
{"index": {"_index":"list","_id":"1556053"}}
	{"id":1556053,"type":"sell","buyer":"thelogicaldude","seller":"bengy","symbol":"LIST","quantity":"41.88471347","price":"0.01160000","timestamp":1632161112,"volume":"0.48586268","buyTxId":"MM-P-10549596-57533960-3-0-0","sellTxId":"1958ffb9d1fe9cd69fe9d3ce4048e1b27b9250ad"}
{"index": {"_index":"list","_id":"1556064"}}
	{"id":1556064,"type":"sell","buyer":"thelogicaldude","seller":"rishi556","symbol":"LIST","quantity":"0.00001847","price":"0.01160000","timestamp":1632161157,"volume":"0.00000021","buyTxId":"MM-P-10549596-57533960-3-0-0","sellTxId":"73110ace50e49559a4647fbadbe918fe101e8359-5"}
{"index": {"_index":"list","_id":"1556255"}}
	{"id":1556255,"type":"sell","buyer":"thelogicaldude","seller":"dhedge-drips","symbol":"LIST","quantity":"0.12954082","price":"0.01160000","timestamp":1632163638,"volume":"0.00150267","buyTxId":"MM-P-10549596-57533960-3-0-0","sellTxId":"4be239cd7e15d501dab881131f012037ac07c694"}
{"index": {"_index":"list","_id":"1556798"}}
	{"id":1556798,"type":"sell","buyer":"thelogicaldude","seller":"droida","symbol":"LIST","quantity":"0.00110302","price":"0.01160000","timestamp":1632170667,"volume":"0.00001280","buyTxId":"MM-P-10549596-57533960-3-0-0","sellTxId":"eee632f80abb79cea54ae9b82a146aad7fe41ffb"}
{"index": {"_index":"list","_id":"1557107"}}
	{"id":1557107,"type":"sell","buyer":"thelogicaldude","seller":"evernoticethat","symbol":"LIST","quantity":"93.94188191","price":"0.01160000","timestamp":1632176673,"volume":"1.08972583","buyTxId":"MM-P-10549596-57533960-3-0-0","sellTxId":"55fb893581fd9204231b46a0e9e94d0ef0a332b6"}
{"index": {"_index":"list","_id":"1557320"}}
	{"id":1557320,"type":"sell","buyer":"thelogicaldude","seller":"rb3coins","symbol":"LIST","quantity":"104.09052641","price":"0.01160000","timestamp":1632182067,"volume":"1.20745011","buyTxId":"MM-P-10549596-57533960-3-0-0","sellTxId":"a997c9610c4aba0d360e84a1148cbeff5af95a0f"}
{"index": {"_index":"list","_id":"1557800"}}
	{"id":1557800,"type":"buy","buyer":"ange.nkuru","seller":"tonytrillions","symbol":"LIST","quantity":"0.00024139","price":"0.01359000","timestamp":1632190926,"volume":"0.00000328","buyTxId":"b88d285a9444e083c162bc7bafd682c6de4b40af","sellTxId":"722a830cee73aa968f3ed3068244c20ee12b7343"}
{"index": {"_index":"list","_id":"1557801"}}
	{"id":1557801,"type":"buy","buyer":"ange.nkuru","seller":"brofi-market","symbol":"LIST","quantity":"1.21091181","price":"0.01359000","timestamp":1632190926,"volume":"0.01645629","buyTxId":"b88d285a9444e083c162bc7bafd682c6de4b40af","sellTxId":"52a57a8e5b98ecd2820d47844cf6ad674921e18f"}
{"index": {"_index":"list","_id":"1557802"}}
	{"id":1557802,"type":"buy","buyer":"ange.nkuru","seller":"dhedge-drips","symbol":"LIST","quantity":"0.11352273","price":"0.01359000","timestamp":1632190926,"volume":"0.00154277","buyTxId":"b88d285a9444e083c162bc7bafd682c6de4b40af","sellTxId":"bf12892f513cbde761e5fb0e2dca6c1a698dd53a"}
{"index": {"_index":"list","_id":"1557803"}}
	{"id":1557803,"type":"buy","buyer":"ange.nkuru","seller":"brofi-market","symbol":"LIST","quantity":"0.33525175","price":"0.01359000","timestamp":1632190926,"volume":"0.00455607","buyTxId":"b88d285a9444e083c162bc7bafd682c6de4b40af","sellTxId":"51f4043f106bde746d6b352c1d0a954608c24a87"}
{"index": {"_index":"list","_id":"1557804"}}
	{"id":1557804,"type":"buy","buyer":"ange.nkuru","seller":"tonytrillions","symbol":"LIST","quantity":"0.00023966","price":"0.01359000","timestamp":1632190926,"volume":"0.00000326","buyTxId":"b88d285a9444e083c162bc7bafd682c6de4b40af","sellTxId":"89f5badd7cfbbde4c7886b323fa11fedfec2a01d"}
{"index": {"_index":"list","_id":"1557805"}}
	{"id":1557805,"type":"buy","buyer":"ange.nkuru","seller":"brofi-market","symbol":"LIST","quantity":"1.38176720","price":"0.01359000","timestamp":1632190926,"volume":"0.01877822","buyTxId":"b88d285a9444e083c162bc7bafd682c6de4b40af","sellTxId":"ae769d2833fabb327e5448096b973952e63c89df"}
{"index": {"_index":"list","_id":"1557806"}}
	{"id":1557806,"type":"buy","buyer":"ange.nkuru","seller":"dhedge-drips","symbol":"LIST","quantity":"0.12954082","price":"0.01359000","timestamp":1632190926,"volume":"0.00176046","buyTxId":"b88d285a9444e083c162bc7bafd682c6de4b40af","sellTxId":"69daa3c3a161a12d83383bf56a397851222a06b6"}
{"index": {"_index":"list","_id":"1557807"}}
	{"id":1557807,"type":"buy","buyer":"ange.nkuru","seller":"dhedge-drips","symbol":"LIST","quantity":"0.00468341","price":"0.01379000","timestamp":1632190926,"volume":"0.00006458","buyTxId":"b88d285a9444e083c162bc7bafd682c6de4b40af","sellTxId":"ff6b459baf6b38bca6c084ca7b5b0a0d5e19dfd2"}
{"index": {"_index":"list","_id":"1557808"}}
	{"id":1557808,"type":"buy","buyer":"ange.nkuru","seller":"tonytrillions","symbol":"LIST","quantity":"0.00024257","price":"0.01399000","timestamp":1632190926,"volume":"0.00000339","buyTxId":"b88d285a9444e083c162bc7bafd682c6de4b40af","sellTxId":"03e9b9f5fbc596e4ec74e6e1f6a253a31f2fa8e8"}
{"index": {"_index":"list","_id":"1557809"}}
	{"id":1557809,"type":"buy","buyer":"ange.nkuru","seller":"brofi-market","symbol":"LIST","quantity":"2.36148746","price":"0.01399000","timestamp":1632190926,"volume":"0.03303721","buyTxId":"b88d285a9444e083c162bc7bafd682c6de4b40af","sellTxId":"55e493e0a1340327b4dc5c77ee7146ae8c635764"}
{"index": {"_index":"list","_id":"1557810"}}
	{"id":1557810,"type":"buy","buyer":"ange.nkuru","seller":"tonytrillions","symbol":"LIST","quantity":"0.00024204","price":"0.01399000","timestamp":1632190926,"volume":"0.00000339","buyTxId":"b88d285a9444e083c162bc7bafd682c6de4b40af","sellTxId":"40e8967f3d9be44c35469797a49040613ba27d4a"}
{"index": {"_index":"list","_id":"1557811"}}
	{"id":1557811,"type":"buy","buyer":"ange.nkuru","seller":"brofi-market","symbol":"LIST","quantity":"1.42517695","price":"0.01399000","timestamp":1632190926,"volume":"0.01993823","buyTxId":"b88d285a9444e083c162bc7bafd682c6de4b40af","sellTxId":"64f6308db84406895b0570fca2bf9c171d27b6bd"}
{"index": {"_index":"list","_id":"1557812"}}
	{"id":1557812,"type":"buy","buyer":"ange.nkuru","seller":"thelogicaldude","symbol":"LIST","quantity":"993.03669221","price":"0.01499000","timestamp":1632190926,"volume":"14.88562002","buyTxId":"b88d285a9444e083c162bc7bafd682c6de4b40af","sellTxId":"MM-P-10573800-57558217-3-0-0"}
