{"index": {"_index":"list","_id":"3327369"}}
	{"id":3327369,"type":"buy","buyer":"dswap","seller":"richardcrill","symbol":"LIST","quantity":"34.26835443","price":"0.00790000","timestamp":1651456572,"volume":"0.27072000","buyTxId":"1daa34ea004cfd82adcd7fce85335a6bfd819eb2","sellTxId":"MM-P-17016049-64005701-3-6-0"}
{"index": {"_index":"list","_id":"3327401"}}
	{"id":3327401,"type":"buy","buyer":"dswap","seller":"richardcrill","symbol":"LIST","quantity":"9.60287456","price":"0.00790000","timestamp":1651456899,"volume":"0.07586271","buyTxId":"5c1e03914ca543eede4b2d2d0b9777cb3c8dc71e","sellTxId":"MM-P-17016049-64005701-3-6-0"}
{"index": {"_index":"list","_id":"3327402"}}
	{"id":3327402,"type":"buy","buyer":"dswap","seller":"shmoogleosukami","symbol":"LIST","quantity":"34.45328125","price":"0.00800000","timestamp":1651456899,"volume":"0.27562625","buyTxId":"5c1e03914ca543eede4b2d2d0b9777cb3c8dc71e","sellTxId":"d910d4c2f888bd248dcd93330372e794331b1302"}
{"index": {"_index":"list","_id":"3327774"}}
	{"id":3327774,"type":"sell","buyer":"hivediver","seller":"bokica80","symbol":"LIST","quantity":"0.58348330","price":"0.00250000","timestamp":1651460184,"volume":"0.00145871","buyTxId":"7cffe7d47d7da0721f415cc7c843030bfe5e8ab0","sellTxId":"b8525357cfc424dfbe2fb8be7a2711ca642eb33a"}
{"index": {"_index":"list","_id":"3329929"}}
	{"id":3329929,"type":"buy","buyer":"dswap","seller":"azj26","symbol":"LIST","quantity":"11.65446226","price":"0.00700000","timestamp":1651487892,"volume":"0.08158124","buyTxId":"716770cda97f8f544e34804e1372c7b6e54cfc8e","sellTxId":"ceec402171c3b653b5eeb90584d97beec6aefb43"}
{"index": {"_index":"list","_id":"3329930"}}
	{"id":3329930,"type":"buy","buyer":"dswap","seller":"shmoogleosukami","symbol":"LIST","quantity":"0.53419000","price":"0.00800000","timestamp":1651487892,"volume":"0.00427352","buyTxId":"716770cda97f8f544e34804e1372c7b6e54cfc8e","sellTxId":"d910d4c2f888bd248dcd93330372e794331b1302"}
{"index": {"_index":"list","_id":"3329935"}}
	{"id":3329935,"type":"buy","buyer":"dswap","seller":"shmoogleosukami","symbol":"LIST","quantity":"35.48189250","price":"0.00800000","timestamp":1651487967,"volume":"0.28385514","buyTxId":"89f2c3ab1f86da24a654bfe843165fa3b02b901f","sellTxId":"d910d4c2f888bd248dcd93330372e794331b1302"}
{"index": {"_index":"list","_id":"3329943"}}
	{"id":3329943,"type":"buy","buyer":"dswap","seller":"shmoogleosukami","symbol":"LIST","quantity":"347.14150250","price":"0.00800000","timestamp":1651488102,"volume":"2.77713202","buyTxId":"455ee96b305733adce55818c34892bce20ee2251","sellTxId":"d910d4c2f888bd248dcd93330372e794331b1302"}
{"index": {"_index":"list","_id":"3329952"}}
	{"id":3329952,"type":"buy","buyer":"dswap","seller":"shmoogleosukami","symbol":"LIST","quantity":"1.51461625","price":"0.00800000","timestamp":1651488195,"volume":"0.01211693","buyTxId":"1a732c60080be66e342f69bf20f79dc06bab1abb","sellTxId":"d910d4c2f888bd248dcd93330372e794331b1302"}
{"index": {"_index":"list","_id":"3329958"}}
	{"id":3329958,"type":"buy","buyer":"dswap","seller":"shmoogleosukami","symbol":"LIST","quantity":"227.50000000","price":"0.00800000","timestamp":1651488399,"volume":"1.82","buyTxId":"4659453611a99d248a3f02736ca9a869d2a2bcee","sellTxId":"d910d4c2f888bd248dcd93330372e794331b1302"}
{"index": {"_index":"list","_id":"3329967"}}
	{"id":3329967,"type":"buy","buyer":"dswap","seller":"shmoogleosukami","symbol":"LIST","quantity":"18.75000000","price":"0.00800000","timestamp":1651488591,"volume":"0.15","buyTxId":"2817b31d826392da0887e4ab446e82ee89532e0f","sellTxId":"d910d4c2f888bd248dcd93330372e794331b1302"}
{"index": {"_index":"list","_id":"3330432"}}
	{"id":3330432,"type":"sell","buyer":"hivediver","seller":"robibasa","symbol":"LIST","quantity":"0.36624784","price":"0.00275000","timestamp":1651493385,"volume":"0.00100718","buyTxId":"475c43ec760b53fc709e614afcfb49d8974e321c","sellTxId":"78f4c48f77dadbddda75c487e8280ff6c548a4e4"}
{"index": {"_index":"list","_id":"3330609"}}
	{"id":3330609,"type":"sell","buyer":"hivediver","seller":"brianhuang","symbol":"LIST","quantity":"0.82399999","price":"0.00275000","timestamp":1651495839,"volume":"0.00226600","buyTxId":"475c43ec760b53fc709e614afcfb49d8974e321c","sellTxId":"d27eef5fc7dd45af707930b7973d73a3f98d379b"}
{"index": {"_index":"list","_id":"3331905"}}
	{"id":3331905,"type":"sell","buyer":"hivediver","seller":"alfarero","symbol":"LIST","quantity":"2.73412818","price":"0.00275000","timestamp":1651508814,"volume":"0.00751885","buyTxId":"475c43ec760b53fc709e614afcfb49d8974e321c","sellTxId":"1d930565b4ef2b58772ac919f9e3e9097fcc084c"}
{"index": {"_index":"list","_id":"3332181"}}
	{"id":3332181,"type":"sell","buyer":"hivediver","seller":"agog","symbol":"LIST","quantity":"1.15838564","price":"0.00275000","timestamp":1651512156,"volume":"0.00318556","buyTxId":"475c43ec760b53fc709e614afcfb49d8974e321c","sellTxId":"7eb5016bf407ca9547ebc669ce5c9c3b1cb4f402"}
{"index": {"_index":"list","_id":"3333654"}}
	{"id":3333654,"type":"buy","buyer":"taintedblood","seller":"richardcrill","symbol":"LIST","quantity":"160.38843119","price":"0.00654000","timestamp":1651524546,"volume":"1.04894034","buyTxId":"bbf3fd3bee92f9b6819940fbb201753e59a66bec","sellTxId":"MM-P-17042476-64032140-3-6-0"}
{"index": {"_index":"list","_id":"3334121"}}
	{"id":3334121,"type":"sell","buyer":"hivediver","seller":"thisisawesome","symbol":"LIST","quantity":"0.0058928","price":"0.00300000","timestamp":1651529721,"volume":"0.00001768","buyTxId":"265bc9a473a9aa291631db14dada448a5bb3b84d","sellTxId":"ba0d5280d064ae487efe89360ac3939e5c2aff22"}
