{"index": {"_index":"list","_id":"2854479"}}
	{"id":2854479,"type":"sell","buyer":"pi-trader","seller":"mairapanelo","symbol":"LIST","quantity":"8.71789605","price":"0.00410003","timestamp":1645757175,"volume":"0.03574364","buyTxId":"f3d47a99f82589927262ff8b511cd6da0bb6b8e2-3","sellTxId":"f3f6e1792d1bb60407a91ed3ee8e3c8baf452071"}
{"index": {"_index":"list","_id":"2854643"}}
	{"id":2854643,"type":"buy","buyer":"nawalz","seller":"richardcrill","symbol":"LIST","quantity":"82.34817300","price":"0.00465000","timestamp":1645760055,"volume":"0.38291900","buyTxId":"8357c99c5255a61e7d086b99175d827dca51ed5c","sellTxId":"MM-P-15127477-62115106-3-7-0"}
{"index": {"_index":"list","_id":"2854674"}}
	{"id":2854674,"type":"sell","buyer":"pi-trader","seller":"jarr13","symbol":"LIST","quantity":"2.71374456","price":"0.00410001","timestamp":1645760472,"volume":"0.01112638","buyTxId":"363d3793ab1ffcbce6c13b4474ae0be761b17437-2","sellTxId":"066b1c76b9106b5eab90844fd592c6bcfd778e10"}
{"index": {"_index":"list","_id":"2854787"}}
	{"id":2854787,"type":"sell","buyer":"pi-trader","seller":"nrg","symbol":"LIST","quantity":"52.82940944","price":"0.00410001","timestamp":1645762407,"volume":"0.21660111","buyTxId":"f293fb12a26b2c0538f012c21bec5460f6d7ae76-4","sellTxId":"2e7418e209a3b29fb27df9045ed13a5db8a49274-28"}
{"index": {"_index":"list","_id":"2854917"}}
	{"id":2854917,"type":"sell","buyer":"pi-trader","seller":"justinparke","symbol":"LIST","quantity":"73.18336379","price":"0.00410001","timestamp":1645763982,"volume":"0.30005252","buyTxId":"aa5cac0859676af9e5a2fc49d6bcc53f896d5306-10","sellTxId":"4ad402c705a766ee063ca135c1276848de97e1c2"}
{"index": {"_index":"list","_id":"2855014"}}
	{"id":2855014,"type":"sell","buyer":"pi-trader","seller":"tonytrillions","symbol":"LIST","quantity":"210.91448311","price":"0.00410001","timestamp":1645764960,"volume":"0.86475149","buyTxId":"d436ce5c304539736087b03e3a899fb9caed50f9-4","sellTxId":"c0891786c0dd63cb0bd8626ac75bd407e6babfd9"}
{"index": {"_index":"list","_id":"2855873"}}
	{"id":2855873,"type":"buy","buyer":"technocrypton","seller":"ctpsb","symbol":"LIST","quantity":"9.35000000","price":"0.00475000","timestamp":1645778454,"volume":"0.04441250","buyTxId":"503decb7c10284a39e7313f06414e1f7926dfd96","sellTxId":"031c94140106358bddf1f65018ae94eb94fc15c7"}
{"index": {"_index":"list","_id":"2855874"}}
	{"id":2855874,"type":"buy","buyer":"technocrypton","seller":"brofi-market","symbol":"LIST","quantity":"4.54408679","price":"0.00475000","timestamp":1645778454,"volume":"0.02158441","buyTxId":"503decb7c10284a39e7313f06414e1f7926dfd96","sellTxId":"acaca617c82be9d17834b68271d57f5e689e8050"}
{"index": {"_index":"list","_id":"2855875"}}
	{"id":2855875,"type":"buy","buyer":"technocrypton","seller":"saachi.list","symbol":"LIST","quantity":"88.00000000","price":"0.00500000","timestamp":1645778454,"volume":"0.44000000","buyTxId":"503decb7c10284a39e7313f06414e1f7926dfd96","sellTxId":"dca73cd31147d94da573aaaf190937eeeb977e3d"}
{"index": {"_index":"list","_id":"2855876"}}
	{"id":2855876,"type":"buy","buyer":"technocrypton","seller":"brofi-market","symbol":"LIST","quantity":"0.12808921","price":"0.00501000","timestamp":1645778454,"volume":"0.00064173","buyTxId":"503decb7c10284a39e7313f06414e1f7926dfd96","sellTxId":"eb035aa6f9110fbbc97df33bb9474dad2587e827"}
{"index": {"_index":"list","_id":"2855877"}}
	{"id":2855877,"type":"buy","buyer":"technocrypton","seller":"recording-box","symbol":"LIST","quantity":"205.24571690","price":"0.00529947","timestamp":1645778454,"volume":"1.08769352","buyTxId":"503decb7c10284a39e7313f06414e1f7926dfd96","sellTxId":"cae463f2986bc2c7176ccc5696fef4201b6a2eda"}
{"index": {"_index":"list","_id":"2856528"}}
	{"id":2856528,"type":"sell","buyer":"pi-trader","seller":"alfarero","symbol":"LIST","quantity":"0.37884914","price":"0.00410001","timestamp":1645787208,"volume":"0.00155329","buyTxId":"347804ef495aa9a6947298b95b3c89ee0483c86b-3","sellTxId":"f6186767970f472a4c053b83acfeb0f46f4c31ee"}
{"index": {"_index":"list","_id":"2856851"}}
	{"id":2856851,"type":"sell","buyer":"pi-trader","seller":"brofi-market","symbol":"LIST","quantity":"5.17123196","price":"0.00410001","timestamp":1645791369,"volume":"0.02120210","buyTxId":"f742926d621c4f77629884a930765456b250ca0b-3","sellTxId":"7ac59fe1cd1e0151a5fdd10e05746e4cee03b8c3"}
{"index": {"_index":"list","_id":"2857047"}}
	{"id":2857047,"type":"sell","buyer":"pi-trader","seller":"dhedge-drips","symbol":"LIST","quantity":"0.48480307","price":"0.00410001","timestamp":1645793241,"volume":"0.00198770","buyTxId":"8c77d7e113574074a93571d24d503a18e7039e91-4","sellTxId":"e19814ef84a17dc483ff7cc64f41ee68dea6c40e"}
{"index": {"_index":"list","_id":"2858875"}}
	{"id":2858875,"type":"buy","buyer":"charityball","seller":"recording-box","symbol":"LIST","quantity":"10.00000000","price":"0.00529947","timestamp":1645814643,"volume":"0.05299470","buyTxId":"85d5fffa68a67d0c27f424a446261470dfb22526","sellTxId":"cae463f2986bc2c7176ccc5696fef4201b6a2eda"}
{"index": {"_index":"list","_id":"2859312"}}
	{"id":2859312,"type":"sell","buyer":"pi-trader","seller":"finris","symbol":"LIST","quantity":"17.04304842","price":"0.00410001","timestamp":1645819572,"volume":"0.06987667","buyTxId":"cfa8d07a296312dd977bc02e65a70de622b4c998-2","sellTxId":"18d2789f81a1e1cc259d8ac98a153c752bf4274b"}
{"index": {"_index":"list","_id":"2860394"}}
	{"id":2860394,"type":"sell","buyer":"pi-trader","seller":"pablodare","symbol":"LIST","quantity":"14.34807217","price":"0.00420001","timestamp":1645831803,"volume":"0.06026205","buyTxId":"7c8eefe01692ed3cffd3f9d827467cad5577c0f7-1","sellTxId":"9c704dc0185e7e6212566323359f57020bbe61de"}
{"index": {"_index":"list","_id":"2860420"}}
	{"id":2860420,"type":"sell","buyer":"pi-trader","seller":"andy4475","symbol":"LIST","quantity":"7.15117807","price":"0.00420001","timestamp":1645831989,"volume":"0.03003502","buyTxId":"00772a5415d9667fee571e9d46cce496e1c32a35-2","sellTxId":"bbe697224d31d64cb3da49e796bca84ad741037b"}
{"index": {"_index":"list","_id":"2860625"}}
	{"id":2860625,"type":"sell","buyer":"pi-trader","seller":"drutter","symbol":"LIST","quantity":"9.12221100","price":"0.00420001","timestamp":1645834752,"volume":"0.03831338","buyTxId":"ae69643ab330dafef4a803e2345cd450d747a25b-2","sellTxId":"27ff79831425361d3f6088aa414f28d318652e1f"}
